{"host":"h4s2ow0cl6kdwaz8","time":1614292892,"event":{"mods":["AchievementEnabler","BaseMod","Bestiary","Colored Map","Minty Spire (QoL Compilation)","Permanent Neow","Relic Stats"],"gold_per_floor":[119,139,2154,2154,2154,2185,2185,1465,1465,1484,1509,1509,1541,1553,1553,1648,1648,1666,924,943,960,960,990,990,1016,1016,1048,963,994,994,994,994,1092,1092,1110,1110,1127,1127,393,393,427,441,441,491,491,111,165,198,198,198,198,198,130,157,157],"floor_reached":56,"language":"ENG","playtime":3433,"items_purged":["Strike_R","Strike_R","Strike_R","Writhe"],"score":1529,"play_id":"e2f7ade3-e87e-4020-959e-e3605ca4210e","local_time":"20210225224132","is_ascension_mode":true,"campfire_choices":[{"data":"True Grit","floor":7,"key":"SMITH"},{"data":"Dark Embrace","floor":12,"key":"SMITH"},{"data":"Pommel Strike","floor":15,"key":"SMITH"},{"floor":24,"key":"REST"},{"data":"Barricade","floor":32,"key":"SMITH"},{"floor":40,"key":"RECALL"},{"data":"Armaments","floor":49,"key":"SMITH"},{"data":"Demon Form","floor":52,"key":"SMITH"}],"circlet_count":0,"master_deck":["Defend_R","Defend_R","Defend_R","Defend_R","Bash","Immolate","True Grit+1","Clothesline","Shrug It Off","Burning Pact","Pommel Strike+1","Dark Embrace+1","Master of Strategy","Sentinel","Shrug It Off","Barricade+1","Feel No Pain","Impervious","True Grit+1","Offering","Flame Barrier","Double Tap","Metallicize","Demon Form+1","CurseOfTheBell","Spot Weakness+1","True Grit+1","Metallicize","Infernal Blade","Armaments+1","Evolve+1","Madness","Madness","Fire Breathing","Body Slam+1","Entrench"],"relics":["Burning Blood","Magic Flower","Vajra","PreservedInsect","Nunchaku","Gremlin Horn","Shuriken","Red Skull","Velvet Choker","Molten Egg 2","Akabeko","Juzu Bracelet","Bottled Flame","Dead Branch","Regal Pillow","Paper Frog","StrikeDummy","Happy Flower","Calling Bell","Bag of Marbles","Mercury Hourglass","Ginger","Mummified Hand","Blue Candle","Oddly Smooth Stone","TungstenRod","Medical Kit","Unceasing Top","Centennial Puzzle","Blood Vial"],"acts_visited":["Exordium","TheCity","TheBeyond","TheEnding"],"potions_floor_usage":[10,41,55,55,55],"damage_taken":[{"damage":0,"enemies":"2 Louse","floor":1,"turns":1},{"damage":7,"enemies":"Jaw Worm","floor":2,"turns":2},{"damage":0,"enemies":"Small Slimes","floor":3,"turns":2},{"damage":40,"enemies":"Lagavulin","floor":6,"turns":8},{"damage":17,"enemies":"Exordium Wildlife","floor":10,"turns":4},{"damage":1,"enemies":"3 Sentries","floor":11,"turns":5},{"damage":16,"enemies":"Lagavulin","floor":13,"turns":5},{"damage":9,"enemies":"2 Fungi Beasts","floor":14,"turns":2},{"damage":54,"enemies":"Hexaghost","floor":16,"turns":14},{"damage":10,"enemies":"Spheric Guardian","floor":18,"turns":4},{"damage":28,"enemies":"3 Byrds","floor":20,"turns":6},{"damage":14,"enemies":"Centurion and Healer","floor":21,"turns":10},{"damage":16,"enemies":"Book of Stabbing","floor":23,"turns":7},{"damage":26,"enemies":"Slavers","floor":25,"turns":2},{"damage":13,"enemies":"Book of Stabbing","floor":27,"turns":5},{"damage":13,"enemies":"Slavers","floor":29,"turns":3},{"damage":0,"enemies":"Champ","floor":33,"turns":17},{"damage":8,"enemies":"3 Shapes","floor":35,"turns":1},{"damage":6,"enemies":"Orb Walker","floor":37,"turns":5},{"damage":17,"enemies":"Nemesis","floor":41,"turns":5},{"damage":0,"enemies":"Jaw Worm Horde","floor":42,"turns":1},{"damage":0,"enemies":"Mind Bloom Boss Battle","floor":44,"turns":6},{"damage":28,"enemies":"2 Orb Walkers","floor":47,"turns":5},{"damage":0,"enemies":"Reptomancer","floor":48,"turns":2},{"damage":18,"enemies":"Donu and Deca","floor":50,"turns":9},{"damage":45,"enemies":"Shield and Spear","floor":54,"turns":6},{"damage":35,"enemies":"The Heart","floor":55,"turns":11}],"seed_played":"-7911452808148290949","potions_obtained":[{"floor":3,"key":"Regen Potion"},{"floor":10,"key":"Swift Potion"},{"floor":13,"key":"BlessingOfTheForge"},{"floor":16,"key":"GamblersBrew"},{"floor":27,"key":"Regen Potion"},{"floor":41,"key":"Explosive Potion"},{"floor":47,"key":"EssenceOfSteel"}],"is_trial":false,"path_per_floor":["M","M","M","?","T","E","R","$","T","M","E","R","E","M","R","B",null,"M","$","M","M","?","E","R","E","T","E","?","E","?","?","R","B",null,"M","?","M","?","$","R","E","M","T","?","?","$","?","E","R","B",null,"R","$","E","B",null],"character_chosen":"IRONCLAD","items_purchased":["Dark Embrace","PreservedInsect","Nunchaku","Master of Strategy","Sentinel","Feel No Pain","Impervious","Molten Egg 2","Akabeko","Metallicize","Infernal Blade","Mummified Hand","Blue Candle","Fire Breathing","Medical Kit","Entrench"],"campfire_rested":1,"item_purchase_floors":[8,8,8,8,8,19,19,19,19,39,39,39,39,46,46,53],"current_hp_per_floor":[80,79,80,80,80,49,49,49,49,60,68,68,61,61,61,16,80,79,79,60,55,55,48,72,55,55,51,51,47,47,47,47,56,80,80,80,80,80,80,80,72,80,80,80,71,71,52,61,61,52,80,80,80,44,45],"gold":157,"neow_bonus":"ONE_RANDOM_RARE_CARD","is_daily":false,"chose_seed":false,"campfire_upgraded":6,"win_rate":0.0,"timestamp":1614292892,"path_taken":["M","M","M","?","?","E","R","$","T","M","E","R","E","M","R","BOSS","M","$","M","M","?","E","R","E","T","E","?","E","?","?","R","BOSS","M","?","M","?","$","R","E","M","T","?","?","$","?","E","R","BOSS","R","$","E","BOSS"],"items_purchased_type":["Card","Relic","Relic","Card","Card","Card","Card","Relic","Relic","Card","Card","Relic","Relic","Card","Relic","Card"],"build_version":"2020-12-22","purchased_purges":4,"victory":true,"max_hp_per_floor":[80,80,80,80,80,80,80,80,80,80,80,80,80,80,80,80,80,80,80,80,80,80,80,80,80,80,80,80,80,80,80,80,80,80,80,80,80,80,80,80,80,80,80,80,80,80,80,80,80,80,80,80,80,80,80],"relic_stats":{"Regal Pillow":0,"Gremlin Horn":[16,16],"Happy Flower":[22],"counters":[27,148],"Dead Branch":[95],"Blue Candle":[0],"Magic Flower":[81],"PreservedInsect":394,"Juzu Bracelet":1,"Ginger":[2],"Medical Kit":[0],"Burning Blood":209,"Mercury Hourglass":[176],"Blood Vial":3,"Nunchaku":[16],"Centennial Puzzle":[9],"Shuriken":[9],"Mummified Hand":[46],"obtain_stats":[{"Regal Pillow":27,"Gremlin Horn":9,"Magic Flower":5,"Vajra":6,"Juzu Bracelet":23,"Ginger":34,"Burning Blood":0,"Blood Vial":54,"Nunchaku":8,"Centennial Puzzle":48,"Mummified Hand":39,"Red Skull":13,"Paper Frog":28,"Happy Flower":30,"Dead Branch":26,"Blue Candle":39,"Velvet Choker":17,"Oddly Smooth Stone":41,"PreservedInsect":8,"Medical Kit":46,"Akabeko":19,"Mercury Hourglass":34,"Calling Bell":34,"Bottled Flame":25,"Shuriken":11,"Molten Egg 2":19,"Bag of Marbles":34,"StrikeDummy":29,"TungstenRod":44,"Unceasing Top":47},{"Regal Pillow":15,"Gremlin Horn":4,"Magic Flower":3,"Vajra":4,"Juzu Bracelet":13,"Ginger":17,"Burning Blood":0,"Blood Vial":26,"Nunchaku":4,"Centennial Puzzle":24,"Mummified Hand":19,"Red Skull":7,"Paper Frog":15,"Happy Flower":16,"Dead Branch":14,"Blue Candle":19,"Velvet Choker":9,"Oddly Smooth Stone":20,"PreservedInsect":4,"Medical Kit":22,"Akabeko":10,"Mercury Hourglass":17,"Calling Bell":17,"Bottled Flame":14,"Shuriken":6,"Molten Egg 2":10,"Bag of Marbles":17,"StrikeDummy":16,"TungstenRod":22,"Unceasing Top":23},{"Regal Pillow":77,"Gremlin Horn":13,"Magic Flower":5,"Vajra":13,"Juzu Bracelet":70,"Ginger":97,"Burning Blood":0,"Blood Vial":137,"Nunchaku":13,"Centennial Puzzle":122,"Mummified Hand":103,"Red Skull":27,"Paper Frog":77,"Happy Flower":80,"Dead Branch":72,"Blue Candle":103,"Velvet Choker":43,"Oddly Smooth Stone":108,"PreservedInsect":13,"Medical Kit":115,"Akabeko":47,"Mercury Hourglass":97,"Calling Bell":97,"Bottled Flame":72,"Shuriken":22,"Molten Egg 2":47,"Bag of Marbles":97,"StrikeDummy":80,"TungstenRod":115,"Unceasing Top":120}],"TungstenRod":25,"Unceasing Top":[1]},"card_choices":[{"not_picked":["Perfected Strike","Clash"],"picked":"True Grit","floor":1},{"not_picked":["Clash","Dropkick"],"picked":"Clothesline","floor":2},{"not_picked":["Sword Boomerang","Rage"],"picked":"Shrug It Off","floor":3},{"not_picked":["Corruption","Combust"],"picked":"Pommel Strike","floor":6},{"not_picked":["Carnage","Pummel","Sword Boomerang"],"picked":"SKIP","floor":10},{"not_picked":["Reckless Charge","Thunderclap","Second Wind"],"picked":"SKIP","floor":11},{"not_picked":["Whirlwind","Sever Soul","Rage"],"picked":"SKIP","floor":13},{"not_picked":["Cleave","Whirlwind"],"picked":"Shrug It Off","floor":14},{"not_picked":["Brutality","Limit Break"],"picked":"Barricade","floor":16},{"not_picked":["Reckless Charge","Dark Embrace","Sever Soul"],"picked":"SKIP","floor":18},{"not_picked":["Flex","Clothesline+1"],"picked":"True Grit+1","floor":20},{"not_picked":["Rupture","Sword Boomerang+1"],"picked":"True Grit","floor":21},{"not_picked":["Iron Wave+1","Shrug It Off"],"picked":"Offering","floor":23},{"not_picked":["Iron Wave+1","Infernal Blade+1"],"picked":"Flame Barrier","floor":25},{"not_picked":["Anger+1","Havoc"],"picked":"Double Tap","floor":27},{"not_picked":["Clothesline+1","Cleave+1"],"picked":"Metallicize","floor":29},{"not_picked":["Bludgeon+1","Barricade"],"picked":"Demon Form","floor":33},{"not_picked":["Warcry","Dark Embrace+1"],"picked":"Spot Weakness+1","floor":35},{"not_picked":["Disarm+1","Second Wind+1"],"picked":"True Grit+1","floor":37},{"not_picked":["Dark Embrace","Anger+1","Whirlwind+1"],"picked":"SKIP","floor":41},{"not_picked":["Sever Soul+1","Cleave+1"],"picked":"Armaments","floor":42},{"not_picked":["Combust+1","Dual Wield+1"],"picked":"Evolve+1","floor":44},{"not_picked":["Anger+1","True Grit+1"],"picked":"Body Slam+1","floor":47},{"not_picked":["Immolate+1","Combust","Perfected Strike+1"],"picked":"SKIP","floor":48},{"not_picked":["Body Slam+1","Entrench","Flex"],"picked":"SKIP","floor":54}],"player_experience":247464,"relics_obtained":[{"floor":5,"key":"Magic Flower"},{"floor":6,"key":"Vajra"},{"floor":9,"key":"Gremlin Horn"},{"floor":11,"key":"Shuriken"},{"floor":13,"key":"Red Skull"},{"floor":23,"key":"Juzu Bracelet"},{"floor":25,"key":"Bottled Flame"},{"floor":26,"key":"Dead Branch"},{"floor":27,"key":"Regal Pillow"},{"floor":29,"key":"StrikeDummy"},{"floor":34,"key":"Bag of Marbles"},{"floor":34,"key":"Mercury Hourglass"},{"floor":34,"key":"Ginger"},{"floor":41,"key":"Oddly Smooth Stone"},{"floor":44,"key":"TungstenRod"},{"floor":47,"key":"Unceasing Top"},{"floor":48,"key":"Centennial Puzzle"},{"floor":54,"key":"Blood Vial"}],"event_choices":[{"damage_healed":0,"gold_gain":0,"cards_transformed":["Strike_R"],"player_choice":"Change","damage_taken":0,"max_hp_gain":0,"max_hp_loss":0,"event_name":"Living Wall","floor":4,"gold_loss":0,"cards_obtained":["Burning Pact"]},{"cards_removed":["Strike_R"],"damage_healed":0,"gold_gain":0,"player_choice":"Elegance","damage_taken":0,"max_hp_gain":0,"max_hp_loss":0,"event_name":"Back to Basics","floor":22,"gold_loss":0},{"damage_healed":0,"gold_gain":0,"player_choice":"Obtained Relic","damage_taken":0,"relics_obtained":["Paper Frog"],"max_hp_gain":0,"max_hp_loss":0,"event_name":"Addict","floor":28,"gold_loss":85},{"damage_healed":0,"gold_gain":0,"player_choice":"Opened","damage_taken":0,"relics_obtained":["Happy Flower"],"max_hp_gain":0,"max_hp_loss":0,"event_name":"The Mausoleum","floor":30,"gold_loss":0,"cards_obtained":["Writhe"]},{"damage_healed":0,"gold_gain":0,"player_choice":"Ignored","damage_taken":0,"max_hp_gain":0,"max_hp_loss":0,"event_name":"Ghosts","floor":31,"gold_loss":0},{"damage_healed":0,"gold_gain":0,"player_choice":"Ignored","damage_taken":0,"max_hp_gain":0,"max_hp_loss":0,"event_name":"Tomb of Lord Red Mask","floor":36,"gold_loss":0},{"cards_removed":["True Grit"],"damage_healed":0,"gold_gain":0,"player_choice":"Removed Skill","damage_taken":0,"max_hp_gain":0,"max_hp_loss":0,"event_name":"Falling","floor":38,"gold_loss":0},{"damage_healed":0,"gold_gain":0,"player_choice":"Fight","damage_taken":0,"max_hp_gain":0,"max_hp_loss":0,"event_name":"MindBloom","floor":44,"gold_loss":0},{"damage_healed":0,"gold_gain":0,"player_choice":"Embrace Madness","damage_taken":10,"max_hp_gain":0,"max_hp_loss":0,"event_name":"Winding Halls","floor":45,"gold_loss":0,"cards_obtained":["Madness","Madness"]},{"damage_healed":0,"gold_gain":0,"player_choice":"Fight","damage_taken":0,"max_hp_gain":0,"max_hp_loss":0,"event_name":"Mysterious Sphere","floor":47,"gold_loss":0}],"is_beta":false,"boss_relics":[{"not_picked":["Coffee Dripper","Runic Pyramid"],"picked":"Velvet Choker"},{"not_picked":["Astrolabe","SacredBark"],"picked":"Calling Bell"}],"items_purged_floors":[8,19,39,46],"is_endless":false,"potions_floor_spawned":[3,10,13,16,18,23,25,27,37,41,47,48,54],"ascension_level":2}}