{"host":"mi0eibewekhugwl1","time":1614251806,"event":{"mods":["AchievementEnabler","BaseMod","Colored Map","Colored Powertips","DeckTracker","Keyboard Shortcuts","Minty Spire (QoL Compilation)","Quick Restart","Rare Cards Sparkle","Relic Stats","StSLib","SuperFastMode","everything is the same but u backflip on backflip"],"gold_per_floor":[117,136,148,165,165,165,179,179,226,239,302,312,312,329,329,329,329],"floor_reached":16,"language":"KOR","playtime":273,"items_purged":[],"score":192,"play_id":"9cb14f21-4d29-4fcb-95b9-0b46676e2a63","local_time":"20210225201646","is_ascension_mode":true,"campfire_choices":[{"data":"Dagger Spray","floor":6.0,"key":"SMITH"},{"floor":8.0,"key":"REST"},{"floor":15,"key":"REST"}],"circlet_count":0,"master_deck":["AscendersBane","Strike_G","Strike_G","Strike_G","Strike_G","Strike_G","Defend_G","Defend_G","Defend_G","Defend_G","Defend_G","Survivor","Neutralize","Dagger Spray+1","Infinite Blades","Escape Plan","Blade Dance","Finisher","Leg Sweep","Dagger Throw"],"relics":["Ring of the Snake","Blue Candle","Bag of Preparation","Blood Vial"],"acts_visited":["Exordium"],"potions_floor_usage":[12,14],"damage_taken":[{"damage":4.0,"enemies":"Jaw Worm","floor":1.0,"turns":5.0},{"damage":1.0,"enemies":"Small Slimes","floor":2.0,"turns":4.0},{"damage":0.0,"enemies":"2 Louse","floor":3.0,"turns":3.0},{"damage":0.0,"enemies":"2 Fungi Beasts","floor":4.0,"turns":5.0},{"damage":24.0,"enemies":"Exordium Wildlife","floor":7.0,"turns":6.0},{"damage":1,"enemies":"Looter","floor":10,"turns":4},{"damage":54,"enemies":"Gremlin Nob","floor":11,"turns":5},{"damage":6,"enemies":"Exordium Thugs","floor":12,"turns":3},{"damage":9,"enemies":"3 Louse","floor":14,"turns":2},{"damage":33,"enemies":"Slime Boss","floor":16,"turns":3}],"seed_played":"-6036019428931288240","potions_obtained":[{"floor":2.0,"key":"LiquidMemories"},{"floor":4.0,"key":"GamblersBrew"},{"floor":7.0,"key":"Energy Potion"},{"floor":10,"key":"FairyPotion"},{"floor":11,"key":"Explosive Potion"}],"is_trial":false,"path_per_floor":["M","M","M","M","?","R","M","R","T","M","?","M","?","M","R","B"],"character_chosen":"THE_SILENT","items_purchased":[],"campfire_rested":2,"item_purchase_floors":[],"current_hp_per_floor":[61,60,60,60,42,42,18,39,39,38,21,17,17,10,31,0,0],"gold":329,"neow_bonus":"TEN_PERCENT_HP_BONUS","is_daily":false,"chose_seed":false,"campfire_upgraded":1,"win_rate":0.0,"timestamp":1614251806,"path_taken":["M","M","M","M","?","R","M","R","T","M","?","M","?","M","R","BOSS"],"items_purchased_type":[],"build_version":"2020-12-22","purchased_purges":0,"victory":false,"max_hp_per_floor":[72,72,72,72,72,72,72,72,72,72,72,72,72,72,72,72,72],"relic_stats":{"Blood Vial":6,"counters":[10,40],"Blue Candle":[0],"Bag of Preparation":[10],"obtain_stats":[{"Blood Vial":11,"Blue Candle":5,"Bag of Preparation":9,"Ring of the Snake":0},{"Blood Vial":7,"Blue Candle":4,"Bag of Preparation":5,"Ring of the Snake":0},{"Blood Vial":32,"Blue Candle":17,"Bag of Preparation":23,"Ring of the Snake":0}],"Ring of the Snake":[20]},"card_choices":[{"not_picked":["Outmaneuver","Cloak And Dagger"],"picked":"Dagger Spray","floor":1.0},{"not_picked":["Deflect","Reflex","Concentrate"],"picked":"SKIP","floor":2.0},{"not_picked":["Dodge and Roll","Deflect"],"picked":"Infinite Blades","floor":3.0},{"not_picked":["Bane","Backflip","Slice"],"picked":"SKIP","floor":4.0},{"not_picked":["Deadly Poison","Outmaneuver"],"picked":"Escape Plan","floor":7.0},{"not_picked":["Dagger Spray","A Thousand Cuts"],"picked":"Blade Dance","floor":10},{"not_picked":["Dagger Spray","Poisoned Stab"],"picked":"Finisher","floor":11},{"not_picked":["Bane","Outmaneuver"],"picked":"Leg Sweep","floor":12},{"not_picked":["Riddle With Holes","Dodge and Roll"],"picked":"Dagger Throw","floor":14}],"player_experience":1829374,"relics_obtained":[{"floor":9.0,"key":"Bag of Preparation"},{"floor":11,"key":"Blood Vial"}],"event_choices":[{"damage_healed":0.0,"max_hp_gain":0.0,"max_hp_loss":0.0,"gold_gain":0.0,"event_name":"Scrap Ooze","player_choice":"Success","floor":5.0,"gold_loss":0.0,"damage_taken":18.0,"relics_obtained":["Blue Candle"]},{"damage_healed":0,"gold_gain":0,"player_choice":"Searched \u00271\u0027 times","damage_taken":0,"max_hp_gain":0,"max_hp_loss":0,"event_name":"Dead Adventurer","floor":11,"gold_loss":0},{"damage_healed":0,"gold_gain":0,"player_choice":"Ignored","damage_taken":0,"max_hp_gain":0,"max_hp_loss":0,"event_name":"Shining Light","floor":13,"gold_loss":0}],"is_beta":false,"boss_relics":[],"items_purged_floors":[],"is_endless":false,"potions_floor_spawned":[2,4,7,10,11],"killed_by":"Slime Boss","ascension_level":20}}