{"host":"11728qvdvolffudn","time":1614263319,"event":{"mods":["BaseMod","Block Reminder","Colored Powertips","Curses Come First","Custom Start","Displayed Cursed Tome","Highlight Path","Minty Spire (QoL Compilation)","Permanent Neow","Quick Restart","Rare Cards Sparkle","Relic Stats","StSLib","Weighted Paths"],"gold_per_floor":[118,128,78,90,165,165,177,177,232,232,247,24,43,29,29,124,124,141,141,165,181,57,57,57,75,75,12,12,26,57,68,68,164,164,174,186,197,213,228,228,243,243,243,243,257,288,288,160,160,160],"floor_reached":51,"language":"ENG","playtime":2142,"items_purged":["Strike_R","Strike_R","Strike_R"],"score":827,"play_id":"c6e09484-02c7-4000-a480-1651cd13753d","local_time":"20210225142839","is_ascension_mode":true,"campfire_choices":[{"data":"Pummel","floor":6,"key":"SMITH"},{"data":"Pummel","floor":8,"key":"SMITH"},{"data":"Defend_R","floor":10,"key":"SMITH"},{"data":"Flex","floor":15,"key":"SMITH"},{"data":"Immolate","floor":23,"key":"SMITH"},{"data":"Flex","floor":28,"key":"SMITH"},{"data":"Defend_R","floor":32,"key":"SMITH"},{"data":"Defend_R","floor":40,"key":"SMITH"},{"data":"Flex","floor":42,"key":"SMITH"},{"data":"Pummel","floor":44,"key":"SMITH"},{"data":"Bash","floor":49,"key":"SMITH"}],"circlet_count":0,"master_deck":["Defend_R+1","Defend_R+1","Defend_R+1","Defend_R+1","Bash+1","Pummel+1","Pummel+1","Flex+1","Pummel+1","Flex+1","Cleave","Immolate+1","Cleave","Battle Trance+1","Flex+1","Flex+1"],"relics":["Burning Blood","Bronze Scales","Membership Card","Philosopher\u0027s Stone","Red Skull","Vajra","CultistMask","Matryoshka","War Paint","SlaversCollar","Toxic Egg 2","Shuriken","Happy Flower","Sundial"],"acts_visited":["Exordium","TheCity","TheBeyond"],"potions_floor_usage":[7,16,29,38,50,50],"damage_taken":[{"damage":6,"enemies":"2 Louse","floor":1,"turns":2},{"damage":8,"enemies":"Jaw Worm","floor":2,"turns":4},{"damage":0,"enemies":"Small Slimes","floor":4,"turns":5},{"damage":27,"enemies":"Exordium Thugs","floor":7,"turns":5},{"damage":3,"enemies":"2 Fungi Beasts","floor":11,"turns":3},{"damage":11,"enemies":"Gremlin Gang","floor":13,"turns":5},{"damage":0,"enemies":"Slime Boss","floor":16,"turns":6},{"damage":20,"enemies":"3 Byrds","floor":18,"turns":2},{"damage":7,"enemies":"Chosen","floor":21,"turns":2},{"damage":19,"enemies":"Snake Plant","floor":25,"turns":3},{"damage":0,"enemies":"Snecko","floor":29,"turns":2},{"damage":22,"enemies":"Book of Stabbing","floor":30,"turns":3},{"damage":0,"enemies":"3 Cultists","floor":31,"turns":3},{"damage":11,"enemies":"Collector","floor":33,"turns":3},{"damage":11,"enemies":"Orb Walker","floor":35,"turns":2},{"damage":15,"enemies":"3 Darklings","floor":36,"turns":2},{"damage":0,"enemies":"4 Shapes","floor":37,"turns":1},{"damage":13,"enemies":"Maw","floor":38,"turns":6},{"damage":6,"enemies":"Jaw Worm Horde","floor":39,"turns":3},{"damage":14,"enemies":"4 Shapes","floor":41,"turns":2},{"damage":0,"enemies":"Spire Growth","floor":45,"turns":2},{"damage":0,"enemies":"Reptomancer","floor":46,"turns":2},{"damage":46,"enemies":"Donu and Deca","floor":50,"turns":6}],"seed_played":"-3214676615870391663","potions_obtained":[{"floor":1,"key":"DuplicationPotion"},{"floor":4,"key":"Ancient Potion"},{"floor":7,"key":"SpeedPotion"},{"floor":13,"key":"CultistPotion"},{"floor":29,"key":"DuplicationPotion"},{"floor":30,"key":"SneckoOil"},{"floor":39,"key":"SkillPotion"},{"floor":45,"key":"AttackPotion"}],"is_trial":false,"path_per_floor":["M","M","?","M","?","R","M","R","T","R","M","$","M","$","R","B",null,"M","?","T","M","$","R","?","M","T","$","R","M","E","M","R","B",null,"M","M","M","M","M","R","M","R","T","R","M","E","?","$","R","B",null],"character_chosen":"IRONCLAD","items_purchased":["Membership Card","Pummel","Cleave","Vajra","Sundial"],"campfire_rested":0,"item_purchase_floors":[12,12,14,22,48],"current_hp_per_floor":[80,78,78,80,69,69,48,48,48,48,51,51,46,46,46,52,80,66,66,66,65,65,65,65,52,52,52,52,58,42,48,48,43,80,75,66,72,65,65,65,57,57,57,57,63,69,69,69,69,29],"gold":160,"neow_bonus":"THREE_CARDS","is_daily":false,"chose_seed":false,"campfire_upgraded":11,"win_rate":0.0,"timestamp":1614263319,"path_taken":["M","M","?","M","?","R","M","R","T","R","M","$","M","$","R","BOSS","M","?","?","M","$","R","?","M","T","$","R","M","E","?","R","BOSS","M","M","M","M","M","R","M","R","T","R","M","E","?","$","R","BOSS"],"items_purchased_type":["Relic","Card","Card","Relic","Relic"],"build_version":"2020-12-22","purchased_purges":3,"victory":true,"max_hp_per_floor":[80,80,80,80,80,80,80,80,80,80,80,80,80,80,80,80,80,80,80,80,80,80,80,80,80,80,80,80,80,80,80,80,80,80,80,80,80,80,80,80,80,80,80,80,80,80,80,80,80,80],"relic_stats":{"Happy Flower":[2],"counters":[23,74],"Shuriken":[4],"Sundial":[0],"Bronze Scales":[147],"War Paint":["Battle Trance","Defend_R"],"obtain_stats":[{"Happy Flower":46,"Vajra":22,"War Paint":30,"Burning Blood":0,"SlaversCollar":34,"Matryoshka":26,"Shuriken":43,"Sundial":48,"Bronze Scales":9,"Philosopher\u0027s Stone":17,"CultistMask":24,"Membership Card":12,"Toxic Egg 2":43,"Red Skull":20},{"Happy Flower":22,"Vajra":9,"War Paint":12,"Burning Blood":0,"SlaversCollar":14,"Matryoshka":10,"Shuriken":20,"Sundial":22,"Bronze Scales":4,"Philosopher\u0027s Stone":7,"CultistMask":9,"Membership Card":5,"Toxic Egg 2":20,"Red Skull":8},{"Happy Flower":68,"Vajra":34,"War Paint":42,"Burning Blood":0,"SlaversCollar":48,"Matryoshka":37,"Shuriken":64,"Sundial":68,"Bronze Scales":16,"Philosopher\u0027s Stone":30,"CultistMask":34,"Membership Card":19,"Toxic Egg 2":64,"Red Skull":32}],"Burning Blood":134},"card_choices":[{"not_picked":["Shockwave","Combust"],"picked":"Pummel","floor":0},{"not_picked":["Blood for Blood","Shrug It Off","Body Slam"],"picked":"SKIP","floor":1},{"not_picked":["Intimidate","Infernal Blade"],"picked":"Pummel","floor":2},{"not_picked":["Hemokinesis","Fire Breathing","Wild Strike"],"picked":"SKIP","floor":4},{"not_picked":["Anger","Dark Embrace","Thunderclap"],"picked":"SKIP","floor":7},{"not_picked":["Thunderclap","Twin Strike"],"picked":"Flex","floor":11},{"not_picked":["Shrug It Off","Iron Wave"],"picked":"Flex","floor":13},{"not_picked":["Fiend Fire","Exhume"],"picked":"Immolate","floor":16},{"not_picked":["Wild Strike","Twin Strike+1","Anger"],"picked":"SKIP","floor":18},{"not_picked":["Dropkick","Wild Strike+1","Clothesline"],"picked":"SKIP","floor":21},{"not_picked":["Clash+1","Shockwave"],"picked":"Battle Trance","floor":25},{"not_picked":["Havoc","Pommel Strike","Ghostly Armor"],"picked":"SKIP","floor":29},{"not_picked":["Anger","Warcry","Headbutt"],"picked":"SKIP","floor":30},{"not_picked":["Anger","Cleave","Body Slam"],"picked":"SKIP","floor":31},{"not_picked":["Second Wind","Warcry","Battle Trance"],"picked":"SKIP","floor":35},{"not_picked":["Heavy Blade","Uppercut","Shrug It Off+1"],"picked":"SKIP","floor":36},{"not_picked":["Armaments+1","Bloodletting+1"],"picked":"Flex+1","floor":37},{"not_picked":["Combust","Sword Boomerang+1","Entrench"],"picked":"SKIP","floor":38},{"not_picked":["Anger","Pummel+1"],"picked":"Flex","floor":39},{"not_picked":["Iron Wave+1","Twin Strike+1","Warcry"],"picked":"SKIP","floor":41},{"not_picked":["Armaments+1","Flame Barrier+1","Dual Wield+1"],"picked":"SKIP","floor":45},{"not_picked":["Clash+1","Headbutt+1","Reaper"],"picked":"SKIP","floor":46}],"player_experience":136548,"relics_obtained":[{"floor":9,"key":"Bronze Scales"},{"floor":20,"key":"Red Skull"},{"floor":26,"key":"Matryoshka"},{"floor":30,"key":"War Paint"},{"floor":43,"key":"Toxic Egg 2"},{"floor":43,"key":"Shuriken"},{"floor":46,"key":"Happy Flower"}],"event_choices":[{"cards_removed":["Strike_R"],"damage_healed":0,"gold_gain":0,"player_choice":"Card Removal","damage_taken":0,"max_hp_gain":0,"max_hp_loss":0,"event_name":"The Cleric","floor":3,"gold_loss":50},{"damage_healed":0,"gold_gain":75,"player_choice":"Gather Gold","damage_taken":11,"max_hp_gain":0,"max_hp_loss":0,"event_name":"World of Goop","floor":5,"gold_loss":0},{"damage_healed":0,"gold_gain":0,"player_choice":"Read","damage_taken":0,"max_hp_gain":0,"max_hp_loss":0,"event_name":"The Library","floor":19,"gold_loss":0,"cards_obtained":["Cleave"]},{"damage_healed":0,"gold_gain":0,"player_choice":"Trade","damage_taken":0,"relics_obtained":["CultistMask"],"max_hp_gain":0,"max_hp_loss":0,"event_name":"FaceTrader","floor":24,"gold_loss":0},{"cards_removed":["Strike_R"],"damage_healed":0,"gold_gain":0,"player_choice":"Card Removal","damage_taken":0,"max_hp_gain":0,"max_hp_loss":0,"event_name":"Wheel of Change","floor":47,"gold_loss":0}],"is_beta":false,"boss_relics":[{"not_picked":["Empty Cage","Calling Bell"],"picked":"Philosopher\u0027s Stone"},{"not_picked":["Astrolabe","Pandora\u0027s Box"],"picked":"SlaversCollar"}],"items_purged_floors":[12,22,27],"is_endless":false,"potions_floor_spawned":[1,4,7,13,29,30,33,39,45,46],"ascension_level":1}}