{"host":"8is2j71l4wmybkoi","time":1614271333,"event":{"mods":["AchievementEnabler","BaseMod","Colored Map","DeckTracker","Minty Spire (QoL Compilation)","Rare Cards Sparkle","Relic Stats","StSLib","SuperFastMode"],"gold_per_floor":[17,17,33,33,53,53,79,79,149,176,188,9,337,351,351,430,430,447,463,498,195,110,141,41,41,41,59,90,101,113,127,127,202,202,216,261,483,498,373,373,403,403,403,428,428,443,323,343,343,343,343,343,84,110,110],"floor_reached":56,"language":"KOR","playtime":4860,"items_purged":["Strike_G","Strike_G","Defend_G","Slice","Defend_G"],"score":2183,"play_id":"31e9cb79-e83b-459d-812e-9695f96ad5d4","local_time":"20210226014213","is_ascension_mode":true,"campfire_choices":[{"data":"Well Laid Plans","floor":6.0,"key":"SMITH"},{"floor":8.0,"key":"REST"},{"data":"Night Terror","floor":15.0,"key":"SMITH"},{"data":"Envenom","floor":25.0,"key":"SMITH"},{"floor":32,"key":"RECALL"},{"floor":40,"key":"REST"},{"floor":42,"key":"REST"},{"floor":49,"key":"REST"},{"floor":52,"key":"REST"}],"circlet_count":0,"master_deck":["AscendersBane","Survivor","Neutralize","Infinite Blades","Night Terror+1","Leg Sweep","Well Laid Plans+1","Envenom+1","Acrobatics+1","Outmaneuver+1","Tactician+1","Madness+1","PiercingWail+1","Grand Finale","Dodge and Roll+1","After Image","Endless Agony+1","Escape Plan+1","Prepared+1","PiercingWail+1","Calculated Gamble+1","Expertise+1","Backflip+1","Concentrate+1","Acrobatics+1","Malaise+1","Adrenaline+1"],"relics":["Ring of the Snake","Centennial Puzzle","Meat on the Bone","Toxic Egg 2","Regal Pillow","Old Coin","Astrolabe","Red Mask","Medical Kit","Oddly Smooth Stone","Matryoshka","Fusion Hammer","Incense Burner","StoneCalendar","Gremlin Horn","The Courier","Lantern","Lee\u0027s Waffle","White Beast Statue"],"acts_visited":["Exordium","TheCity","TheBeyond","TheEnding"],"potions_floor_usage":[31,38,55,55],"damage_taken":[{"damage":1.0,"enemies":"2 Louse","floor":1.0,"turns":3.0},{"damage":5.0,"enemies":"Small Slimes","floor":3.0,"turns":5.0},{"damage":2.0,"enemies":"Jaw Worm","floor":5.0,"turns":5.0},{"damage":31.0,"enemies":"Gremlin Nob","floor":7.0,"turns":5.0},{"damage":32.0,"enemies":"3 Sentries","floor":10.0,"turns":10.0},{"damage":16.0,"enemies":"Exordium Wildlife","floor":11.0,"turns":6.0},{"damage":15.0,"enemies":"Lagavulin","floor":13.0,"turns":7.0},{"damage":0.0,"enemies":"Red Slaver","floor":14.0,"turns":5.0},{"damage":26.0,"enemies":"The Guardian","floor":16.0,"turns":15.0},{"damage":0.0,"enemies":"Shell Parasite","floor":18.0,"turns":5.0},{"damage":0.0,"enemies":"Chosen","floor":19.0,"turns":9.0},{"damage":30.0,"enemies":"Masked Bandits","floor":20.0,"turns":4.0},{"damage":14.0,"enemies":"Slavers","floor":23.0,"turns":5.0},{"damage":0.0,"enemies":"Snecko","floor":27.0,"turns":6.0},{"damage":9.0,"enemies":"Book of Stabbing","floor":28.0,"turns":5.0},{"damage":2.0,"enemies":"Shelled Parasite and Fungi","floor":29.0,"turns":4.0},{"damage":0.0,"enemies":"Snake Plant","floor":30.0,"turns":5.0},{"damage":6,"enemies":"Cultist and Chosen","floor":31,"turns":13},{"damage":0,"enemies":"Collector","floor":33,"turns":7},{"damage":0,"enemies":"Orb Walker","floor":35,"turns":5},{"damage":0,"enemies":"2 Orb Walkers","floor":36,"turns":4},{"damage":0,"enemies":"3 Shapes","floor":38,"turns":2},{"damage":3,"enemies":"Giant Head","floor":41,"turns":4},{"damage":0,"enemies":"Nemesis","floor":44,"turns":3},{"damage":0,"enemies":"Spire Growth","floor":46,"turns":4},{"damage":0,"enemies":"Writhing Mass","floor":48,"turns":2},{"damage":6,"enemies":"Donu and Deca","floor":50,"turns":4},{"damage":0,"enemies":"Shield and Spear","floor":54,"turns":3},{"damage":48,"enemies":"The Heart","floor":55,"turns":6}],"seed_played":"-4367602424031742363","potions_obtained":[{"floor":5.0,"key":"SpeedPotion"},{"floor":7.0,"key":"FairyPotion"},{"floor":13.0,"key":"PowerPotion"},{"floor":18.0,"key":"EntropicBrew"},{"floor":19.0,"key":"LiquidBronze"},{"floor":20.0,"key":"EssenceOfSteel"},{"floor":29.0,"key":"Strength Potion"},{"floor":30.0,"key":"Dexterity Potion"},{"floor":31,"key":"Block Potion"},{"floor":41,"key":"Dexterity Potion"}],"is_trial":false,"path_per_floor":["M","?","M","?","M","R","E","R","T","E","M","$","E","M","R","B",null,"M","M","?","$","?","E","$","R","T","M","E","M","M","M","R","B",null,"M","?","?","M","$","R","E","R","T","E","?","M","$","M","R","B",null,"R","$","E","B",null],"character_chosen":"THE_SILENT","items_purchased":["Tactician+1","Madness+1","PiercingWail+1","Medical Kit","Expertise+1","Lee\u0027s Waffle"],"campfire_rested":5,"item_purchase_floors":[12,12,12,21,21,53],"current_hp_per_floor":[58,58,53,42,40,40,9,28,28,31,27,27,24,36,36,22,55,55,55,37,37,37,35,35,35,35,35,38,36,36,42,42,42,60,60,60,60,60,60,66,63,66,66,66,63,63,63,63,63,57,62,63,70,70,34],"gold":110,"neow_bonus":"TRANSFORM_TWO_CARDS","is_daily":false,"chose_seed":false,"campfire_upgraded":3,"win_rate":0.0,"timestamp":1614271333,"path_taken":["M","?","M","?","M","R","E","R","T","E","M","$","E","M","R","BOSS","M","M","?","$","?","E","?","R","T","M","E","M","?","M","R","BOSS","M","?","?","M","$","R","E","R","T","E","?","M","$","M","R","BOSS","R","$","E","BOSS"],"items_purchased_type":["Card","Card","Card","Relic","Card","Relic"],"build_version":"2020-12-22","purchased_purges":5,"victory":true,"max_hp_per_floor":[66,66,66,66,66,66,66,66,66,66,66,66,66,66,66,66,66,66,66,66,66,66,66,66,66,66,66,66,66,66,66,66,66,66,66,66,66,66,66,66,66,66,66,66,63,63,63,63,63,63,63,63,70,70,70],"relic_stats":{"Centennial Puzzle":[41],"Regal Pillow":0,"Lee\u0027s Waffle":7,"Gremlin Horn":[0,0],"counters":[29,161],"Astrolabe":["Endless Agony","Escape Plan","Prepared"],"StoneCalendar":[0],"Medical Kit":[43],"obtain_stats":[{"Regal Pillow":10,"Lantern":44,"Lee\u0027s Waffle":53,"Gremlin Horn":43,"Astrolabe":17,"Oddly Smooth Stone":22,"StoneCalendar":41,"The Courier":43,"Incense Burner":36,"Medical Kit":21,"White Beast Statue":54,"Old Coin":13,"Centennial Puzzle":4,"Matryoshka":28,"Fusion Hammer":34,"Red Mask":20,"Toxic Egg 2":9,"Ring of the Snake":0,"Meat on the Bone":7},{"Regal Pillow":5,"Lantern":24,"Lee\u0027s Waffle":27,"Gremlin Horn":23,"Astrolabe":9,"Oddly Smooth Stone":12,"StoneCalendar":23,"The Courier":23,"Incense Burner":21,"Medical Kit":12,"White Beast Statue":28,"Old Coin":7,"Centennial Puzzle":2,"Matryoshka":15,"Fusion Hammer":19,"Red Mask":12,"Toxic Egg 2":4,"Ring of the Snake":0,"Meat on the Bone":4},{"Regal Pillow":28,"Lantern":142,"Lee\u0027s Waffle":152,"Gremlin Horn":139,"Astrolabe":61,"Oddly Smooth Stone":79,"StoneCalendar":139,"The Courier":139,"Incense Burner":133,"Medical Kit":79,"White Beast Statue":155,"Old Coin":41,"Centennial Puzzle":8,"Matryoshka":95,"Fusion Hammer":124,"Red Mask":79,"Toxic Egg 2":18,"Ring of the Snake":0,"Meat on the Bone":18}],"Ring of the Snake":[59],"Meat on the Bone":120},"card_choices":[{"not_picked":["Underhanded Strike","Slice"],"picked":"Leg Sweep","floor":1.0},{"not_picked":["Deflect","Sucker Punch"],"picked":"Well Laid Plans","floor":3.0},{"not_picked":["PiercingWail","Acrobatics"],"picked":"Slice","floor":5.0},{"not_picked":["Predator","Footwork"],"picked":"Envenom","floor":7.0},{"not_picked":["Underhanded Strike","Skewer"],"picked":"Acrobatics+1","floor":10.0},{"not_picked":["PiercingWail+1","Leg Sweep+1"],"picked":"Outmaneuver+1","floor":11.0},{"not_picked":["Backflip+1","PiercingWail+1"],"picked":"Grand Finale","floor":13.0},{"not_picked":["Finisher","Deadly Poison+1"],"picked":"Dodge and Roll+1","floor":14.0},{"not_picked":["Night Terror+1","Tools of the Trade"],"picked":"After Image","floor":16.0},{"not_picked":["Concentrate+1","PiercingWail+1","Blade Dance+1"],"picked":"SKIP","floor":18.0},{"not_picked":["Outmaneuver+1","Underhanded Strike"],"picked":"PiercingWail+1","floor":19.0},{"not_picked":["Skewer","Footwork"],"picked":"Calculated Gamble+1","floor":20.0},{"not_picked":["Endless Agony","Flying Knee"],"picked":"Backflip+1","floor":23.0},{"not_picked":["Bouncing Flask+1","Caltrops"],"picked":"Concentrate+1","floor":27.0},{"not_picked":["Outmaneuver+1","Underhanded Strike","Bullet Time+1"],"picked":"SKIP","floor":28.0},{"not_picked":["Slice","Eviscerate","Underhanded Strike"],"picked":"SKIP","floor":29.0},{"not_picked":["Deadly Poison+1","Deflect+1","Endless Agony"],"picked":"SKIP","floor":30.0},{"not_picked":["Tactician+1","Quick Slash"],"picked":"Acrobatics+1","floor":31},{"not_picked":["Glass Knife","Storm of Steel+1"],"picked":"Malaise+1","floor":33},{"not_picked":["Heel Hook","Deadly Poison+1","Quick Slash+1"],"picked":"SKIP","floor":35},{"not_picked":["Blade Dance+1","Poisoned Stab","Dagger Spray+1"],"picked":"SKIP","floor":38},{"not_picked":["Quick Slash","Endless Agony"],"picked":"Adrenaline+1","floor":41},{"not_picked":["Outmaneuver+1","Backflip+1","Predator"],"picked":"SKIP","floor":44},{"not_picked":["Slice","Poisoned Stab","Bane"],"picked":"SKIP","floor":46},{"not_picked":["Expertise+1","Prepared+1","Flechettes"],"picked":"SKIP","floor":48},{"not_picked":["Flying Knee","Backstab","Dodge and Roll+1"],"picked":"SKIP","floor":54}],"player_experience":1344702,"relics_obtained":[{"floor":7.0,"key":"Meat on the Bone"},{"floor":9.0,"key":"Toxic Egg 2"},{"floor":10.0,"key":"Regal Pillow"},{"floor":13.0,"key":"Old Coin"},{"floor":20.0,"key":"Red Mask"},{"floor":28.0,"key":"Matryoshka"},{"floor":36,"key":"Incense Burner"},{"floor":41,"key":"StoneCalendar"},{"floor":43,"key":"Gremlin Horn"},{"floor":43,"key":"The Courier"},{"floor":44,"key":"Lantern"},{"floor":54,"key":"White Beast Statue"}],"event_choices":[{"cards_removed":["Defend_G"],"damage_healed":0.0,"max_hp_gain":0.0,"max_hp_loss":0.0,"gold_gain":0.0,"event_name":"Living Wall","player_choice":"Forget","floor":2.0,"gold_loss":0.0,"damage_taken":0.0},{"damage_healed":0.0,"max_hp_gain":0.0,"max_hp_loss":0.0,"gold_gain":0.0,"event_name":"Scrap Ooze","player_choice":"Success","floor":4.0,"gold_loss":0.0,"damage_taken":11.0,"relics_obtained":["Centennial Puzzle"]},{"damage_healed":0.0,"max_hp_gain":0.0,"max_hp_loss":0.0,"gold_gain":0.0,"event_name":"Masked Bandits","player_choice":"Fought Bandits","floor":20.0,"gold_loss":0.0,"damage_taken":0.0},{"damage_healed":0.0,"max_hp_gain":0.0,"max_hp_loss":0.0,"gold_gain":0.0,"event_name":"Addict","player_choice":"Obtained Relic","floor":22.0,"gold_loss":85.0,"damage_taken":0.0,"relics_obtained":["Oddly Smooth Stone"]},{"damage_healed":0,"gold_gain":0,"player_choice":"Fight","damage_taken":0,"max_hp_gain":0,"max_hp_loss":0,"event_name":"Mysterious Sphere","floor":36,"gold_loss":0},{"damage_healed":0,"gold_gain":222,"player_choice":"Wore Mask","damage_taken":0,"max_hp_gain":0,"max_hp_loss":0,"event_name":"Tomb of Lord Red Mask","floor":37,"gold_loss":0},{"damage_healed":0,"gold_gain":0,"player_choice":"Max HP","damage_taken":0,"max_hp_gain":0,"max_hp_loss":3,"event_name":"Winding Halls","floor":45,"gold_loss":0}],"is_beta":false,"boss_relics":[{"not_picked":["Sozu","Runic Pyramid"],"picked":"Astrolabe"},{"not_picked":["Calling Bell","Tiny House"],"picked":"Fusion Hammer"}],"items_purged_floors":[21,24,39,47,53],"is_endless":false,"potions_floor_spawned":[5,7,13,18,19,20,29,30,31,36,41,44],"ascension_level":15}}