{"host":"emqr263yqun247y7","time":1614290317,"event":{"mods":["Aspiration","BaseMod","Bestiary","BetterRewards","Colored Map","Curses Come First","Downfall","Hubris","Infinite Spire","Jorbs\u0027s Wanderer Trilogy","Marisa????????","Minty Spire (QoL Compilation)","READ ME - Guardian Mod","Replay The Spire","Robot Space Explorer","Spire Arcade","StSLib","The Bug Knight","The Cursed","The Disciple","The Hierophant","The Runesmith","The Servant 0.9.4","Yuri Mod","slay the spire mod where everything is the same but ironclad has a cowboy hat"],"gold_per_floor":[113,127,143,160,160,186,201,212,212,247,180,214,232,246,246,349,349,364,378,119,129,54,54,86,101,124,124,124,150,150,185,185,185,185],"floor_reached":33,"language":"ENG","playtime":3884,"items_purged":[],"score":429,"play_id":"dba73989-5b4e-4795-80c1-d25fda12b685","local_time":"20210225135837","is_ascension_mode":false,"campfire_choices":[{"floor":15,"key":"REST"},{"floor":23,"key":"REST"},{"floor":27,"key":"REST"},{"floor":30,"key":"REST"},{"data":"Seeing Red","floor":32,"key":"SMITH"}],"circlet_count":0,"master_deck":["Strike_R","Strike_R","Strike_R","Strike_R","Strike_R","Defend_R","Defend_R","Defend_R","Defend_R","Bash","Shrug It Off","ReplayReversal","Seeing Red+1","infinitespire:OneForAll","Spot Weakness","Metallicize","Dark Embrace","Rampage","Feel No Pain","Armaments","Heavy Blade","Pommel Strike","Demonic Infusion","Shrug It Off","Perfected Strike","Disarm","Whirlwind","Whirlwind","Entrench+1","infinitespire:Menacing","Flex","Wild Strike+1"],"relics":["Burning Blood","Chemical X","HollowMod:LifeEnderRelic","aspiration:TomeofQuesting","Incense Burner","PreservedInsect","hubris:FunFungus","Runic Cube","Mummified Hand","Happy Flower","Regal Pillow","Art of War","Chameleon Ring"],"acts_visited":["Exordium","TheCity"],"potions_floor_usage":[12,13,14,19],"damage_taken":[{"damage":6,"enemies":"Jaw Worm","floor":1,"turns":5},{"damage":3,"enemies":"Cultist","floor":2,"turns":6},{"damage":7,"enemies":"Small Slimes","floor":3,"turns":4},{"damage":7,"enemies":"Looter","floor":4,"turns":5},{"damage":31,"enemies":"Replay:BlueRogue","floor":6,"turns":13},{"damage":1,"enemies":"3 Louse","floor":7,"turns":4},{"damage":0,"enemies":"Exordium Thugs","floor":8,"turns":4},{"damage":20,"enemies":"3 Sentries","floor":10,"turns":11},{"damage":33,"enemies":"Lagavulin","floor":12,"turns":8},{"damage":31,"enemies":"Exordium Wildlife","floor":13,"turns":6},{"damage":3,"enemies":"Large Slime","floor":14,"turns":6},{"damage":33,"enemies":"The Guardian","floor":16,"turns":16},{"damage":25,"enemies":"Shell Parasite","floor":18,"turns":7},{"damage":17,"enemies":"2 Thieves","floor":19,"turns":5},{"damage":28,"enemies":"Sentry and Sphere","floor":21,"turns":8},{"damage":35,"enemies":"Slavers","floor":24,"turns":6},{"damage":30,"enemies":"Snake Plant","floor":25,"turns":5},{"damage":2,"enemies":"Gremlin Leader","floor":29,"turns":5},{"damage":12,"enemies":"Book of Stabbing","floor":31,"turns":3},{"damage":78,"enemies":"Automaton","floor":33,"turns":8}],"seed_played":"6846727173399066357","potions_obtained":[{"floor":4,"key":"sneckomod:MuddlingPotion"},{"floor":6,"key":"GamblersBrew"},{"floor":10,"key":"Regen Potion"},{"floor":13,"key":"Fruit Juice"},{"floor":16,"key":"EssenceOfSteel"},{"floor":18,"key":"SpeedPotion"},{"floor":25,"key":"Elixir"}],"is_trial":false,"path_per_floor":["M","M","M","M","?","E","M","M","T","E","$","E","M","M","R","B",null,"M","M","$","M","$","R","E","M","T","R","?","E","R","E","R","B"],"character_chosen":"IRONCLAD","items_purchased":["Chemical X","Feel No Pain","Mummified Hand","Whirlwind"],"campfire_rested":4,"item_purchase_floors":[0,11,20,22],"current_hp_per_floor":[80,80,79,78,78,53,58,64,64,50,50,38,18,21,46,26,85,67,56,56,34,34,59,31,7,7,47,26,30,70,64,64,0,0],"gold":185,"neow_bonus":"","is_daily":false,"chose_seed":false,"campfire_upgraded":1,"win_rate":0.0,"timestamp":1614290317,"path_taken":["M","M","M","M","?","E","?","M","T","E","$","E","M","M","R","BOSS","M","M","$","M","$","R","E","M","T","R","?","E","R","E","R","BOSS"],"items_purchased_type":["Relic","Card","Relic","Card"],"build_version":"2020-12-22","purchased_purges":0,"victory":false,"max_hp_per_floor":[80,80,80,80,80,80,80,80,80,80,80,80,85,85,85,85,85,85,85,85,85,85,85,85,85,85,85,85,85,85,85,85,85,85],"card_choices":[{"not_picked":["Flex","ReplayTheSpireMod:Strike From Hell"],"picked":"Shrug It Off","floor":1},{"not_picked":["Anger","ReplayTheSpireMod:Strike From Hell"],"picked":"ReplayReversal","floor":2},{"not_picked":["Second Wind","Dual Wield"],"picked":"Seeing Red","floor":3},{"not_picked":["Clothesline","Twin Strike"],"picked":"infinitespire:OneForAll","floor":4},{"not_picked":["Bloodletting","Defy Death"],"picked":"Spot Weakness","floor":6},{"not_picked":["Clash","Warcry"],"picked":"Metallicize","floor":7},{"not_picked":["Replay:Undeath\u0027s Touch","Warcry"],"picked":"Dark Embrace","floor":8},{"not_picked":["Carnage","Run Through"],"picked":"Rampage","floor":10},{"not_picked":["Brutality","Replay:Undeath\u0027s Touch"],"picked":"Armaments","floor":12},{"not_picked":["Pommel Strike","hubris:SharpeningStone"],"picked":"Heavy Blade","floor":13},{"not_picked":["Clothesline","Clash"],"picked":"Pommel Strike","floor":14},{"not_picked":["Hemogenesis","hubris:StunningStrike"],"picked":"Demonic Infusion","floor":16},{"not_picked":["Feel No Pain","Burning Pact"],"picked":"Shrug It Off","floor":18},{"not_picked":["Clash","Flex"],"picked":"Perfected Strike","floor":19},{"not_picked":["Combust","ReplayTheSpireMod:Muscle Training"],"picked":"Disarm","floor":21},{"not_picked":["Fiend Fire","Run Through"],"picked":"Whirlwind","floor":24},{"not_picked":["Replay:Undeath\u0027s Touch","Clothesline"],"picked":"Entrench+1","floor":25},{"not_picked":["infinitespire:Fortify","infinitespire:UltimateForm"],"picked":"infinitespire:Menacing","floor":28},{"not_picked":["Anger","Headbutt+1"],"picked":"Flex","floor":29},{"not_picked":["True Grit","Replay:Undeath\u0027s Touch+1"],"picked":"Wild Strike+1","floor":31}],"player_experience":732911,"relics_obtained":[{"floor":6,"key":"aspiration:TomeofQuesting"},{"floor":9,"key":"Incense Burner"},{"floor":10,"key":"PreservedInsect"},{"floor":12,"key":"hubris:FunFungus"},{"floor":24,"key":"Happy Flower"},{"floor":26,"key":"Regal Pillow"},{"floor":29,"key":"Art of War"},{"floor":31,"key":"Chameleon Ring"}],"event_choices":[{"damage_healed":0,"gold_gain":0,"player_choice":"Gave Potion","damage_taken":0,"relics_obtained":["HollowMod:LifeEnderRelic"],"max_hp_gain":0,"max_hp_loss":0,"event_name":"WeMeetAgain","floor":5,"gold_loss":0}],"is_beta":false,"boss_relics":[{"not_picked":["ChewingGum","ReplayTheSpireMod:SealedPack"],"picked":"Runic Cube"}],"items_purged_floors":[],"is_endless":false,"potions_floor_spawned":[4,6,10,13,16,18,25],"killed_by":"Automaton","ascension_level":0}}