{"host":"o97o7ui5vncz1kje","time":1614268597,"event":{"mods":["Act Like it!","Arknights","BaseMod","Better Third Choice","Minty Spire (QoL Compilation)","StSLib","The Bug Knight"],"gold_per_floor":[114,65,83,94,94,94,106,106,106,141,141,171,204,4,4,107,107,117,134,49,148,163,163,139,139,139,139,139,158,158,158,158,254,254,266,281,94,109,109,109,109,36,36,36,54,104,104,104,104,202,252,269,269,269,280,300,300,300,300,351,196,207,207,207,207,207,312,312,330,345,363,58,70,70,70,70,104,118,118,217,230,247,247,343,343,357,203,203,203,228,228,228,245,279,25,39,55,102,121,121,121,121],"floor_reached":101,"language":"ENG","playtime":4826,"items_purged":[],"score":1946,"play_id":"b15fa777-dee9-4646-b7a5-c5cbed5bf9cd","local_time":"20210225235637","daily_mods":["Heirloom","Flight"],"is_ascension_mode":false,"campfire_choices":[{"floor":6,"key":"REST"},{"data":"ats:Serious Mode","floor":8,"key":"SMITH"},{"data":"ats:Neurotoxin","floor":15,"key":"SMITH"},{"floor":23,"key":"REST"},{"floor":25,"key":"REST"},{"data":"ats:Powerful Strike","floor":27,"key":"SMITH"},{"data":"ats:Emotion Absorption","floor":28,"key":"SMITH"},{"floor":32,"key":"REST"},{"floor":40,"key":"REST"},{"floor":41,"key":"REST"},{"data":"ats:Ambush","floor":47,"key":"SMITH"},{"data":"ats:Neurotoxin","floor":49,"key":"SMITH"},{"data":"ats:Healing Strengthening","floor":57,"key":"SMITH"},{"data":"ats:Part Time Job","floor":58,"key":"SMITH"},{"data":"ats:Apocalypse","floor":59,"key":"SMITH"},{"data":"ats:Overload","floor":63,"key":"SMITH"},{"data":"ats:Armor Crushing Shot","floor":64,"key":"SMITH"},{"data":"Seeing Red","floor":66,"key":"SMITH"},{"data":"ats:Flexible Camouflage","floor":74,"key":"SMITH"},{"data":"Panacea","floor":75,"key":"SMITH"},{"data":"ats:Guard Mode","floor":79,"key":"SMITH"},{"floor":83,"key":"REST"},{"data":"ats:Closed Bolt Burst Fire","floor":91,"key":"SMITH"},{"floor":92,"key":"REST"},{"floor":100,"key":"REST"}],"circlet_count":0,"master_deck":["ats:Strike C","ats:Strike G","ats:Strike S","ats:Strike V","ats:Armor Crushing Shot+1","ats:Defend","ats:Emotion Absorption+1","ats:Poison Spread","ats:Hammer On","ats:Sword Rain","ats:Leaping Hammer","ats:Flexible Camouflage+1","ats:Neurotoxin+1","ats:Apocalypse+1","ats:Shadow Assault","ats:Consecutive Shot Auto","ats:Powerful Strike+1","ats:Blood Oath+1","ats:Poison Spread","ats:Explosion Area Strengthen+1","ats:Ambush+1","ats:Shell Defense","ats:Absolute Focus+1","ats:Neurotoxin+1","ats:Curse Doll+1","Panacea+1","ats:Defend Order+1","ats:Blood Oath+1","ats:Powerful Strike","Swift Strike","ats:Poison Spread","ats:Blood Oath","Seeing Red+1","ats:Part Time Job+1","ats:Healing Strengthening+1","ats:Overload+1","ats:Red Shift+1","ats:Consecutive Shot Auto+1","ats:Poison Spread+1","ats:Assault Order+1","ats:Poison Spread","ats:Song Of Battle+1","ats:Guard Mode+1","ats:Flexible Camouflage+1","ats:Apocalypse+1","Madness","Madness","ats:Closed Bolt Burst Fire+1","ats:Apocalypse+1","ats:Part Time Job+1"],"relics":["ats:Sanity","ats:Emergency Defibrillator","betterThird:SlimedRelic","ats:Remnant Ash","ats:Originium","Gambling Chip","ats:Bonebreaker","ats:Berate","Lee\u0027s Waffle","Philosopher\u0027s Stone","Incense Burner","FossilizedHelix","SlaversCollar","Strawberry","Darkstone Periapt","Mango","Tiny House","Ancient Tea Set","Orichalcum","ats:Assault","Astrolabe","Blood Vial","Nunchaku","SacredBark","Oddly Smooth Stone","HollowMod:StagPassRelic","Shovel"],"acts_visited":["Exordium","TheCity","TheBeyond","Exordium","TheCity","TheBeyond"],"potions_floor_usage":[13,16,18,22,33,33,38,50,67,69,69,77,84,84,90,98,99,101,101,101],"damage_taken":[{"damage":8,"enemies":"ats:Genji","floor":1,"turns":4},{"damage":8,"enemies":"Jaw Worm","floor":3,"turns":3},{"damage":8,"enemies":"2 Louse","floor":4,"turns":2},{"damage":5,"enemies":"Looter","floor":7,"turns":3},{"damage":19,"enemies":"3 Sentries","floor":10,"turns":5},{"damage":32,"enemies":"Lagavulin","floor":12,"turns":4},{"damage":7,"enemies":"3 Sentries","floor":13,"turns":3},{"damage":79,"enemies":"The Guardian","floor":16,"turns":9},{"damage":10,"enemies":"Chosen","floor":18,"turns":4},{"damage":21,"enemies":"Sentry and Sphere","floor":19,"turns":3},{"damage":37,"enemies":"Snake Plant","floor":22,"turns":3},{"damage":21,"enemies":"Centurion and Healer","floor":29,"turns":5},{"damage":60,"enemies":"Champ","floor":33,"turns":8},{"damage":52,"enemies":"3 Shapes","floor":35,"turns":5},{"damage":0,"enemies":"Orb Walker","floor":36,"turns":4},{"damage":41,"enemies":"Writhing Mass","floor":38,"turns":4},{"damage":14,"enemies":"Spire Growth","floor":45,"turns":5},{"damage":7,"enemies":"Mind Bloom Boss Battle","floor":46,"turns":6},{"damage":91,"enemies":"Awakened One","floor":50,"turns":11},{"damage":0,"enemies":"Small Slimes","floor":52,"turns":4},{"damage":0,"enemies":"Jaw Worm","floor":55,"turns":2},{"damage":0,"enemies":"Cultist","floor":56,"turns":3},{"damage":10,"enemies":"Exordium Wildlife","floor":62,"turns":4},{"damage":19,"enemies":"Hexaghost","floor":67,"turns":9},{"damage":17,"enemies":"3 Byrds","floor":69,"turns":3},{"damage":0,"enemies":"Spheric Guardian","floor":70,"turns":3},{"damage":0,"enemies":"Snecko","floor":71,"turns":4},{"damage":0,"enemies":"Snake Plant","floor":73,"turns":4},{"damage":54,"enemies":"Slavers","floor":77,"turns":4},{"damage":16,"enemies":"Shelled Parasite and Fungi","floor":78,"turns":4},{"damage":15,"enemies":"Cultist and Chosen","floor":81,"turns":5},{"damage":0,"enemies":"Snake Plant","floor":82,"turns":4},{"damage":149,"enemies":"Collector","floor":84,"turns":10},{"damage":44,"enemies":"3 Shapes","floor":86,"turns":4},{"damage":24,"enemies":"Reptomancer","floor":90,"turns":6},{"damage":17,"enemies":"Orb Walker","floor":93,"turns":4},{"damage":18,"enemies":"Nemesis","floor":94,"turns":11},{"damage":48,"enemies":"3 Darklings","floor":96,"turns":5},{"damage":11,"enemies":"4 Shapes","floor":97,"turns":5},{"damage":85,"enemies":"2 Orb Walkers","floor":98,"turns":8},{"damage":31,"enemies":"Sphere and 2 Shapes","floor":99,"turns":6},{"damage":10116,"enemies":"Awakened One","floor":101,"turns":6}],"seed_played":"5110292302871652442","potions_obtained":[{"floor":3,"key":"LiquidBronze"},{"floor":10,"key":"SpeedPotion"},{"floor":13,"key":"ats:Burn Small Potion"},{"floor":16,"key":"Block Potion"},{"floor":18,"key":"Strength Potion"},{"floor":22,"key":"Weak Potion"},{"floor":29,"key":"Energy Potion"},{"floor":38,"key":"ats:Emergency Sanity Potion"},{"floor":50,"key":"SpeedPotion"},{"floor":51,"key":"LiquidBronze"},{"floor":55,"key":"FearPotion"},{"floor":62,"key":"Fire Potion"},{"floor":67,"key":"ats:Emergency Sanity Potion"},{"floor":69,"key":"Explosive Potion"},{"floor":71,"key":"Swift Potion"},{"floor":78,"key":"SkillPotion"},{"floor":82,"key":"Weak Potion"},{"floor":84,"key":"ColorlessPotion"},{"floor":86,"key":"Strength Potion"},{"floor":90,"key":"Block Potion"},{"floor":94,"key":"Strength Potion"},{"floor":98,"key":"Explosive Potion"},{"floor":99,"key":"Fire Potion"}],"is_trial":true,"path_per_floor":["M","?","M","M","$","R","M","R","T","E","?","E","E","$","R","B",null,"M","M","?","?","M","R","$","R","T","R","R","M","$","?","R","B",null,"M","M","$","M","?","R","R","$","T","$","M","?","R","?","R","B",null,"M","?","?","M","M","R","R","R","T","$","M","R","R","$","R","B",null,"M","M","M","$","M","R","R","$","E","M","R","?","M","M","R","B",null,"M","$","?","?","E","R","R","M","E","$","M","M","?","M","R","B"],"character_chosen":"DOCTOR_CLASS","items_purchased":["Lee\u0027s Waffle","ats:Apocalypse","ats:Poison Spread","Strawberry","ats:Neurotoxin","ats:Defend Order","ats:Assault","Blood Vial","Nunchaku","Oddly Smooth Stone","HollowMod:StagPassRelic"],"campfire_rested":9,"item_purchase_floors":[14,14,24,37,37,42,61,72,72,87,95],"current_hp_per_floor":[64,53,45,37,37,58,53,53,53,34,34,38,31,79,79,8,79,69,48,48,48,11,34,34,57,57,57,57,49,49,34,59,12,84,41,48,55,19,19,46,73,73,73,73,68,92,92,92,92,26,110,110,98,98,103,103,103,103,103,103,103,108,108,108,108,108,110,110,103,110,110,110,110,110,110,110,75,72,72,72,70,75,108,48,110,74,74,60,60,62,62,95,88,110,110,74,101,45,52,85,0,0],"gold":121,"neow_bonus":"","is_daily":false,"chose_seed":false,"campfire_upgraded":16,"win_rate":0.0,"timestamp":1614268597,"path_taken":["M","?","M","M","$","R","M","R","T","E","?","E","E","$","R","BOSS","M","M","?","?","M","R","$","R","T","R","R","M","?","?","R","BOSS","M","M","$","M","?","R","R","?","T","?","?","?","R","?","R","BOSS","M","?","?","M","M","R","R","R","T","$","?","R","R","$","R","BOSS","M","?","?","$","M","R","R","?","E","M","R","?","?","M","R","BOSS","M","$","?","?","?","R","R","M","E","$","?","?","?","M","R","BOSS"],"items_purchased_type":["Relic","Card","Card","Relic","Card","Card","Relic","Relic","Relic","Relic","Relic"],"build_version":"2020-12-22","purchased_purges":0,"victory":false,"max_hp_per_floor":[72,72,72,72,72,72,72,72,72,72,72,72,72,79,79,79,79,79,79,79,79,79,79,79,79,79,79,79,79,79,84,84,84,84,84,84,91,91,91,91,91,91,91,91,91,105,105,105,105,105,110,110,110,110,110,110,110,110,110,110,110,110,110,110,110,110,110,110,110,110,110,110,110,110,110,110,110,110,110,110,110,110,110,110,110,110,110,110,110,110,110,110,110,110,110,110,110,110,110,110,110,110],"card_choices":[{"not_picked":["ats:Ignite","ats:Revitalization"],"picked":"ats:Poison Spread","floor":1},{"not_picked":["ats:Assault Order","ats:Leaping Hammer"],"picked":"ats:Hammer On","floor":3},{"not_picked":["ats:Counter Healing Mode","ats:Chain Hook"],"picked":"ats:Serious Mode","floor":4},{"not_picked":["ats:Flexible Camouflage","ats:Cat Scratch"],"picked":"ats:Sword Rain","floor":7},{"not_picked":["ats:Sword Rain","ats:Very Hot Blade"],"picked":"ats:Leaping Hammer","floor":10},{"not_picked":["ats:Rat Pack","ats:Flame Of Heaven"],"picked":"ats:Flexible Camouflage","floor":12},{"not_picked":["ats:Echo Reverb","ats:Consecutive Shot Auto"],"picked":"ats:Neurotoxin","floor":13},{"not_picked":["ats:Rat Pack","ats:Wolf Pack"],"picked":"ats:Shadow Assault","floor":16},{"not_picked":["ats:Guardian Obelisk","ats:Directed Diagnosis+1"],"picked":"ats:Consecutive Shot Auto","floor":18},{"not_picked":["ats:Collapsing Strike","ats:Hammer On+1"],"picked":"ats:Powerful Strike","floor":19},{"not_picked":["ats:Soul Absorption+1","ats:Consecutive Shot Auto"],"picked":"ats:Blood Oath+1","floor":22},{"not_picked":["ats:Very Hot Blade","ats:Ignite"],"picked":"ats:Explosion Area Strengthen+1","floor":29},{"not_picked":["ats:Nebulous Foxfire","ats:Soul Rend"],"picked":"ats:Ambush","floor":33},{"not_picked":["ats:Hook Shot+1","ats:LN2 Cannon+1"],"picked":"ats:Shell Defense","floor":35},{"not_picked":["ats:Guardian Obelisk","ats:Automatic Cover+1"],"picked":"ats:Absolute Focus+1","floor":36},{"not_picked":["ats:Very Hot Blade+1","ats:Hammer On+1"],"picked":"ats:Curse Doll+1","floor":38},{"not_picked":["ats:Serious Mode+1","ats:Flame Of Heaven"],"picked":"ats:Blood Oath+1","floor":45},{"not_picked":["ats:Charging Defense+1","ats:Revitalization"],"picked":"ats:Powerful Strike","floor":46},{"not_picked":["Panacea","Violence"],"picked":"Swift Strike","floor":48},{"not_picked":["ats:Absolute Focus+1","ats:Directed Diagnosis+1"],"picked":"ats:Poison Spread","floor":51},{"not_picked":["ats:Shadow Raid","ats:Nebulous Foxfire"],"picked":"ats:Blood Oath","floor":52},{"not_picked":["ats:Chain Hook","ats:Ignite"],"picked":"ats:Part Time Job","floor":55},{"not_picked":["ats:Apocalypse","ats:Shell Defense"],"picked":"ats:Healing Strengthening","floor":56},{"not_picked":["ats:Cat Scratch","ats:Apocalypse"],"picked":"ats:Overload","floor":62},{"not_picked":["ats:Very Hot Blade","ats:Magnetic Hammer"],"picked":"ats:Assault Order+1","floor":69},{"not_picked":["ats:Hammer On","ats:Soul Absorption"],"picked":"ats:Poison Spread","floor":70},{"not_picked":["ats:Charging Defense","ats:Encircling Forest+1","ats:Curse Doll+1"],"picked":"SKIP","floor":71},{"not_picked":["ats:Curse Doll","ats:Wolf Pack"],"picked":"ats:Song Of Battle+1","floor":73},{"not_picked":["ats:Assault Order","ats:Burning Ground"],"picked":"ats:Guard Mode","floor":77},{"not_picked":["ats:Spore Proliferation","ats:Poison Spread"],"picked":"ats:Flexible Camouflage+1","floor":78},{"not_picked":["ats:Hammer On","ats:Absolute Focus+1","ats:Wolf Pack"],"picked":"SKIP","floor":81},{"not_picked":["ats:Defend Order","ats:Powerful Strike"],"picked":"ats:Apocalypse+1","floor":82},{"not_picked":["ats:Consecutive Shot Auto","ats:Explosion Area Strengthen","ats:Leaping Hammer+1"],"picked":"SKIP","floor":86},{"not_picked":["ats:Guard Mode","ats:Shell Defense+1"],"picked":"ats:Closed Bolt Burst Fire","floor":90},{"not_picked":["ats:Automatic Cover","ats:Revitalization","ats:Defend Order"],"picked":"SKIP","floor":93},{"not_picked":["ats:Wolf Pack","ats:Cat Scratch"],"picked":"ats:Apocalypse+1","floor":94},{"not_picked":["ats:Chain Hook","ats:Poison Spread","ats:Leaping Hammer+1"],"picked":"SKIP","floor":96},{"not_picked":["ats:Closed Bolt Burst Fire","ats:Cat Scratch+1","ats:Curse Doll"],"picked":"SKIP","floor":97},{"not_picked":["ats:Spore Proliferation+1","ats:Revitalization+1"],"picked":"ats:Part Time Job+1","floor":98},{"not_picked":["ats:Counter Healing Mode","ats:Leaping Hammer+1","ats:Powerful Strike"],"picked":"SKIP","floor":99}],"player_experience":312102,"relics_obtained":[{"floor":9,"key":"ats:Remnant Ash"},{"floor":10,"key":"ats:Originium"},{"floor":10,"key":"Gambling Chip"},{"floor":12,"key":"ats:Originium"},{"floor":12,"key":"ats:Bonebreaker"},{"floor":13,"key":"ats:Originium"},{"floor":13,"key":"ats:Berate"},{"floor":26,"key":"FossilizedHelix"},{"floor":43,"key":"Darkstone Periapt"},{"floor":46,"key":"Mango"},{"floor":60,"key":"Orichalcum"},{"floor":77,"key":"ats:Originium"},{"floor":98,"key":"Shovel"}],"event_choices":[{"damage_healed":0,"gold_gain":0,"player_choice":"Slimed","damage_taken":11,"max_hp_gain":0,"max_hp_loss":0,"event_name":"betterThird:BetterGoop","floor":2,"gold_loss":49},{"damage_healed":0,"gold_gain":0,"player_choice":"Ignored","damage_taken":0,"max_hp_gain":0,"max_hp_loss":0,"event_name":"NoteForYourself","floor":11,"gold_loss":0},{"damage_healed":0,"gold_gain":0,"player_choice":"Obtained Relic","damage_taken":0,"relics_obtained":["Incense Burner"],"max_hp_gain":0,"max_hp_loss":0,"event_name":"Addict","floor":20,"gold_loss":85},{"damage_healed":0,"gold_gain":99,"player_choice":"Steal","damage_taken":0,"max_hp_gain":0,"max_hp_loss":0,"event_name":"betterThird:BetterNest","floor":21,"gold_loss":0},{"damage_healed":0,"gold_gain":0,"player_choice":"Shed Blood","damage_taken":20,"max_hp_gain":5,"max_hp_loss":0,"event_name":"Forgotten Altar","floor":31,"gold_loss":0},{"damage_healed":0,"gold_gain":0,"player_choice":"1 cards matched","damage_taken":0,"max_hp_gain":0,"max_hp_loss":0,"event_name":"Match and Keep!","floor":39,"gold_loss":0,"cards_obtained":["Panacea"]},{"damage_healed":0,"gold_gain":0,"player_choice":"Fight","damage_taken":0,"max_hp_gain":0,"max_hp_loss":0,"event_name":"MindBloom","floor":46,"gold_loss":0},{"damage_healed":0,"gold_gain":0,"player_choice":"Memory 1","damage_taken":0,"max_hp_gain":0,"max_hp_loss":0,"event_name":"SensoryStone","floor":48,"gold_loss":0},{"cards_removed":["ats:Serious Mode"],"damage_healed":0,"gold_gain":0,"player_choice":"Purged","damage_taken":0,"max_hp_gain":0,"max_hp_loss":0,"event_name":"Purifier","floor":54,"gold_loss":0},{"damage_healed":0,"gold_gain":99,"player_choice":"Steal","damage_taken":0,"max_hp_gain":0,"max_hp_loss":0,"event_name":"betterThird:BetterNest","floor":80,"gold_loss":0},{"damage_healed":0,"gold_gain":0,"player_choice":"Embrace Madness","damage_taken":14,"max_hp_gain":0,"max_hp_loss":0,"event_name":"Winding Halls","floor":88,"gold_loss":0,"cards_obtained":["Madness","Madness"]},{"damage_healed":0,"gold_gain":0,"player_choice":"Ignored","damage_taken":0,"max_hp_gain":0,"max_hp_loss":0,"event_name":"Tomb of Lord Red Mask","floor":89,"gold_loss":0},{"damage_healed":0,"gold_gain":0,"player_choice":"Fight","damage_taken":0,"max_hp_gain":0,"max_hp_loss":0,"event_name":"Mysterious Sphere","floor":98,"gold_loss":0}],"is_beta":false,"boss_relics":[{"not_picked":["Coffee Dripper","Fusion Hammer"],"picked":"Philosopher\u0027s Stone"},{"not_picked":["Runic Pyramid","Empty Cage"],"picked":"SlaversCollar"},{"not_picked":["Sozu","Calling Bell"],"picked":"Tiny House"},{"not_picked":["Fusion Hammer","Velvet Choker"],"picked":"Astrolabe"},{"not_picked":["Snecko Eye","Runic Pyramid"],"picked":"SacredBark"}],"items_purged_floors":[],"is_endless":true,"potions_floor_spawned":[3,10,13,16,18,22,29,38,50,55,62,67,69,71,78,82,84,86,90,94,98,99],"killed_by":"Awakened One","ascension_level":0}}