{"host":"5n1fl7z5i1vf7jan","time":1614292626,"event":{"mods":["BaseMod","Minty Spire (QoL Compilation)","Quick Restart","Relic Stats"],"gold_per_floor":[111,122,122,135,135,160,7,36,88,106,116,116,150,170,170,244,244,259,273,273,188,54,54,88,9,9,44,54,54,15,41,41,120,120,138,150,169,4,29,62,62,62,62],"floor_reached":42,"language":"ENG","playtime":2020,"items_purged":["Strike_B"],"score":1108,"play_id":"8ec379a4-0e86-44c9-be87-657482340975","local_time":"20210225143706","is_ascension_mode":true,"campfire_choices":[{"data":"Beam Cell","floor":12.0,"key":"SMITH"},{"floor":15.0,"key":"REST"},{"data":"Go for the Eyes","floor":23.0,"key":"SMITH"},{"data":"Defragment","floor":29.0,"key":"SMITH"},{"floor":32.0,"key":"REST"},{"data":"Hologram","floor":41.0,"key":"SMITH"}],"circlet_count":0,"master_deck":["AscendersBane","Defend_B","Defend_B","Defend_B","Defend_B","Zap","Dualcast","Go for the Eyes+1","Ball Lightning","Sweeping Beam","FTL","Beam Cell+1","Conserve Battery","Steam","Undo","Hologram+1","Rip and Tear","Electrodynamics","Bite","Bite","Bite","Bite","Bite","All For One","Glacier","Defragment+1","Cold Snap","Capacitor","Go for the Eyes","Echo Form","Steam+1","Stack+1","Self Repair","Static Discharge+1","Parasite"],"relics":["Cracked Core","NeowsBlessing","Shuriken","Symbiotic Virus","Pear","Gremlin Horn","Lantern","Toy Ornithopter","Philosopher\u0027s Stone","Peace Pipe","Pen Nib","DataDisk","Letter Opener","Nunchaku","Inserter","Runic Capacitor","Dead Branch","Blood Vial"],"acts_visited":["Exordium","TheCity","TheBeyond"],"potions_floor_usage":[],"damage_taken":[{"damage":0.0,"enemies":"Cultist","floor":1.0,"turns":1.0},{"damage":0.0,"enemies":"Jaw Worm","floor":2.0,"turns":1.0},{"damage":0.0,"enemies":"2 Louse","floor":4.0,"turns":1.0},{"damage":8.0,"enemies":"Gremlin Nob","floor":6.0,"turns":3.0},{"damage":8.0,"enemies":"3 Sentries","floor":8.0,"turns":3.0},{"damage":0.0,"enemies":"Exordium Wildlife","floor":10.0,"turns":2.0},{"damage":5.0,"enemies":"Blue Slaver","floor":11.0,"turns":3.0},{"damage":20.0,"enemies":"Gremlin Nob","floor":13.0,"turns":4.0},{"damage":0.0,"enemies":"2 Fungi Beasts","floor":14.0,"turns":2.0},{"damage":10.0,"enemies":"Hexaghost","floor":16.0,"turns":7.0},{"damage":6.0,"enemies":"2 Thieves","floor":18.0,"turns":2.0},{"damage":11.0,"enemies":"Spheric Guardian","floor":19.0,"turns":4.0},{"damage":5.0,"enemies":"Gremlin Leader","floor":24.0,"turns":4.0},{"damage":32.0,"enemies":"Book of Stabbing","floor":27.0,"turns":4.0},{"damage":12.0,"enemies":"Snecko","floor":28.0,"turns":5.0},{"damage":31.0,"enemies":"Slavers","floor":31.0,"turns":7.0},{"damage":11.0,"enemies":"Automaton","floor":33.0,"turns":6.0},{"damage":58.0,"enemies":"3 Darklings","floor":35.0,"turns":4.0},{"damage":14.0,"enemies":"Orb Walker","floor":36.0,"turns":4.0},{"damage":6.0,"enemies":"4 Shapes","floor":37.0,"turns":7.0},{"damage":0.0,"enemies":"Mind Bloom Boss Battle","floor":39.0,"turns":10.0},{"damage":23.0,"enemies":"Giant Head","floor":40.0,"turns":13.0},{"damage":59,"enemies":"Writhing Mass","floor":42,"turns":6}],"seed_played":"-2904054850725466877","potions_obtained":[{"floor":1.0,"key":"DistilledChaos"},{"floor":2.0,"key":"SneckoOil"},{"floor":4.0,"key":"EssenceOfDarkness"},{"floor":8.0,"key":"Weak Potion"},{"floor":16.0,"key":"Explosive Potion"},{"floor":19.0,"key":"Regen Potion"},{"floor":28.0,"key":"SpeedPotion"},{"floor":33.0,"key":"Fire Potion"},{"floor":36.0,"key":"Swift Potion"},{"floor":37.0,"key":"SkillPotion"}],"is_trial":false,"path_per_floor":["M","M","?","M","T","E","$","E","T","M","M","R","E","M","R","B",null,"M","M","?","?","$","R","E","$","T","E","M","R","$","E","R","B",null,"M","M","M","$","?","E","R","M"],"character_chosen":"DEFECT","items_purchased":["Beam Cell","Conserve Battery","All For One","Block Potion","Defragment","Capacitor","Runic Capacitor"],"campfire_rested":2,"item_purchase_floors":[7,7,22,22,25,30,38],"current_hp_per_floor":[64,64,46,46,46,48,48,40,40,40,35,35,15,15,39,29,68,67,56,56,56,56,56,56,56,56,47,41,41,41,25,41,44,53,11,5,14,14,41,46,46,0,0],"gold":62,"neow_bonus":"THREE_ENEMY_KILL","is_daily":false,"chose_seed":false,"campfire_upgraded":4,"win_rate":0.0,"timestamp":1614292626,"path_taken":["M","M","?","M","?","E","$","E","T","M","M","R","E","M","R","BOSS","M","M","?","?","$","R","E","?","T","E","M","R","$","E","R","BOSS","M","M","M","$","?","E","R","M"],"items_purchased_type":["Card","Card","Card","Potion","Card","Card","Relic"],"build_version":"2020-12-22","purchased_purges":1,"victory":false,"max_hp_per_floor":[71,71,71,71,71,81,81,81,81,81,81,81,81,81,81,81,81,81,81,56,56,56,56,56,56,56,56,56,56,56,56,56,56,56,56,56,56,56,56,56,56,56,56],"relic_stats":{"Peace Pipe":0,"Blood Vial":2,"Nunchaku":[11],"Inserter":[20],"Gremlin Horn":[16,16],"counters":[23,103],"Shuriken":[54],"Dead Branch":[4],"Pen Nib":[14],"Letter Opener":[52],"obtain_stats":[{"Lantern":9,"Pear":6,"Inserter":34,"NeowsBlessing":0,"Gremlin Horn":8,"Dead Branch":39,"Pen Nib":24,"Runic Capacitor":38,"Letter Opener":27,"Peace Pipe":21,"Blood Vial":40,"DataDisk":26,"Nunchaku":31,"Shuriken":3,"Philosopher\u0027s Stone":17,"Cracked Core":0,"Symbiotic Virus":5,"Toy Ornithopter":13},{"Lantern":5,"Pear":4,"Inserter":17,"NeowsBlessing":0,"Gremlin Horn":5,"Dead Branch":21,"Pen Nib":13,"Runic Capacitor":20,"Letter Opener":14,"Peace Pipe":12,"Blood Vial":22,"DataDisk":13,"Nunchaku":16,"Shuriken":2,"Philosopher\u0027s Stone":10,"Cracked Core":0,"Symbiotic Virus":3,"Toy Ornithopter":8},{"Lantern":9,"Pear":6,"Inserter":59,"NeowsBlessing":0,"Gremlin Horn":9,"Dead Branch":84,"Pen Nib":37,"Runic Capacitor":74,"Letter Opener":41,"Peace Pipe":33,"Blood Vial":97,"DataDisk":37,"Nunchaku":53,"Shuriken":2,"Philosopher\u0027s Stone":27,"Cracked Core":0,"Symbiotic Virus":3,"Toy Ornithopter":18}],"Toy Ornithopter":35},"card_choices":[{"not_picked":["Scrape","White Noise"],"picked":"Go for the Eyes","floor":1.0},{"not_picked":["Compile Driver","Coolheaded"],"picked":"Ball Lightning","floor":2.0},{"not_picked":["Coolheaded","Gash"],"picked":"Sweeping Beam","floor":4.0},{"not_picked":["Stack","Genetic Algorithm"],"picked":"FTL","floor":6.0},{"not_picked":["Rainbow","Consume"],"picked":"Steam","floor":8.0},{"not_picked":["Scrape","Streamline"],"picked":"Undo","floor":10.0},{"not_picked":["Steam Power","Lockon"],"picked":"Hologram","floor":11.0},{"not_picked":["Streamline","Conserve Battery"],"picked":"Rip and Tear","floor":13.0},{"not_picked":["Stack","Auto Shields","Loop"],"picked":"SKIP","floor":14.0},{"not_picked":["Rainbow","Core Surge"],"picked":"Electrodynamics","floor":16.0},{"not_picked":["Redo","Rebound","Compile Driver"],"picked":"SKIP","floor":18.0},{"not_picked":["Rip and Tear","Redo","Ball Lightning"],"picked":"SKIP","floor":19.0},{"not_picked":["Static Discharge","Cold Snap"],"picked":"Glacier","floor":24.0},{"not_picked":["Reprogram","Doom and Gloom"],"picked":"Cold Snap","floor":27.0},{"not_picked":["Ball Lightning","Beam Cell","Auto Shields+1"],"picked":"SKIP","floor":28.0},{"not_picked":["Undo","Cold Snap"],"picked":"Go for the Eyes","floor":31.0},{"not_picked":["Meteor Strike","Amplify"],"picked":"Echo Form","floor":33.0},{"not_picked":["Gash","Double Energy"],"picked":"Steam+1","floor":35.0},{"not_picked":["Static Discharge","Rip and Tear"],"picked":"Stack+1","floor":36.0},{"not_picked":["Gash","Heatsinks"],"picked":"Self Repair","floor":37.0},{"not_picked":["Steam","Leap+1"],"picked":"Static Discharge+1","floor":40.0}],"player_experience":422459,"relics_obtained":[{"floor":5.0,"key":"Symbiotic Virus"},{"floor":6.0,"key":"Pear"},{"floor":8.0,"key":"Gremlin Horn"},{"floor":9.0,"key":"Lantern"},{"floor":13.0,"key":"Toy Ornithopter"},{"floor":24.0,"key":"Pen Nib"},{"floor":26.0,"key":"DataDisk"},{"floor":27.0,"key":"Letter Opener"},{"floor":31.0,"key":"Nunchaku"},{"floor":39.0,"key":"Dead Branch"},{"floor":40.0,"key":"Blood Vial"}],"event_choices":[{"damage_healed":0.0,"max_hp_gain":0.0,"max_hp_loss":0.0,"gold_gain":0.0,"event_name":"Scrap Ooze","player_choice":"Success","floor":3.0,"gold_loss":0.0,"damage_taken":18.0,"relics_obtained":["Shuriken"]},{"damage_healed":0.0,"max_hp_gain":0.0,"max_hp_loss":25.0,"gold_gain":0.0,"event_name":"Vampires","player_choice":"Became a vampire","floor":20.0,"gold_loss":0.0,"damage_taken":0.0,"cards_obtained":["Bite","Bite","Bite","Bite","Bite"]},{"damage_healed":0.0,"max_hp_gain":0.0,"max_hp_loss":0.0,"gold_gain":0.0,"event_name":"Addict","player_choice":"Obtained Relic","floor":21.0,"gold_loss":85.0,"damage_taken":0.0,"relics_obtained":["Peace Pipe"]},{"damage_healed":0.0,"max_hp_gain":0.0,"max_hp_loss":0.0,"gold_gain":0.0,"event_name":"MindBloom","player_choice":"Fight","floor":39.0,"gold_loss":0.0,"damage_taken":0.0}],"is_beta":false,"boss_relics":[{"not_picked":["Velvet Choker","Black Star"],"picked":"Philosopher\u0027s Stone"},{"not_picked":["Empty Cage","SacredBark"],"picked":"Inserter"}],"items_purged_floors":[7],"is_endless":false,"potions_floor_spawned":[1,2,4,8,16,19,28,33,36,37],"killed_by":"Writhing Mass","ascension_level":20}}