{"host":"ox77rn1xcurm2t5a","time":1614281391,"event":{"mods":["2.2 Compatiblity","AchievementEnabler","Act Like it!","Aspiration","BaseMod","Best Route Mod","Better Match","Better Note","Better Sensory Stone","Block Reminder","Colored Map","Colored Powertips","Conjunction","Conspire","Custom Start","Energized Spire","GifTheSpireLib","Gold Saver","Gremlin Skip","Halation","Highlight Path","Hubris","Infinite Spire","Minty Spire (QoL Compilation)","Pale of the Ancients","Quick Restart","Reliquary","Replay The Spire","Reworked Bosses","ShortenTheSpire","Spire Exporter","StSLib","Stuff the Spire","Wandering Minibosses"],"gold_per_floor":[168,243,253,178,189,222,222,240,240,368,122,134,134,246,246,246,246],"floor_reached":16,"language":"ENG","playtime":358,"items_purged":["Defend_R","Strike_R"],"score":192,"play_id":"9a8ccf4a-0dbe-48c3-b5ad-51307d955ca3","local_time":"20210225212951","is_ascension_mode":true,"campfire_choices":[{"data":"Bash","floor":7,"key":"SMITH"},{"floor":13,"key":"RECALL"},{"data":"Disarm","floor":15,"key":"SMITH"}],"circlet_count":0,"master_deck":["AscendersBane","Strike_R","Strike_R","Strike_R","Strike_R","Defend_R","Defend_R","Defend_R","Bash+1","Heavy Blade","Battle Trance","Cleave","Clash","Cleave","Disarm+1"],"relics":["Burning Blood","StuffTheSpire:TintedRock","hubris:PeanutButter","Bronze Scales","reliquary:Knoch","Oddly Smooth Stone"],"acts_visited":["Exordium"],"potions_floor_usage":[6,6,10],"damage_taken":[{"damage":6,"enemies":"Cultist","floor":1,"turns":3},{"damage":13,"enemies":"Jaw Worm","floor":3,"turns":4},{"damage":4,"enemies":"2 Louse","floor":5,"turns":3},{"damage":28,"enemies":"Lagavulin","floor":6,"turns":5},{"damage":18,"enemies":"Gremlin Gang","floor":8,"turns":5},{"damage":13,"enemies":"Replay:BlueRogue","floor":10,"turns":5},{"damage":0,"enemies":"Looter","floor":12,"turns":3},{"damage":16,"enemies":"Gremlin Nob","floor":14,"turns":4},{"damage":39,"enemies":"Slime Boss","floor":16,"turns":6}],"seed_played":"32080980950510636","potions_obtained":[{"floor":3,"key":"LifebloodPotion"},{"floor":5,"key":"AttackPotion"},{"floor":8,"key":"ColorlessPotion"}],"is_trial":false,"path_per_floor":["M","?","M","$","M","E","R","M","T","E","$","M","R","E","R","B"],"character_chosen":"IRONCLAD","items_purchased":["reliquary:Knoch"],"campfire_rested":0,"item_purchase_floors":[11],"current_hp_per_floor":[80,72,65,65,67,45,45,33,33,26,26,32,32,22,22,0,0],"gold":246,"neow_bonus":"TEN_PERCENT_HP_BONUS","is_daily":false,"chose_seed":false,"campfire_upgraded":2,"win_rate":0.0,"timestamp":1614281391,"path_taken":["M","?","M","$","M","E","R","M","T","E","?","M","R","E","R","BOSS"],"items_purchased_type":["Relic"],"build_version":"2020-12-22","purchased_purges":2,"victory":false,"max_hp_per_floor":[88,88,88,88,88,88,88,88,88,88,88,88,88,88,88,88,88],"card_choices":[{"not_picked":["Replay:Undeath\u0027s Touch","Anger"],"picked":"Heavy Blade","floor":1},{"not_picked":["Second Wind","hubris:CleavingFinish"],"picked":"Battle Trance","floor":3},{"not_picked":["Warcry","Blood for Blood"],"picked":"Cleave","floor":5},{"not_picked":["Evolve","StuffTheSpire:RockThrow","Bloodletting"],"picked":"SKIP","floor":6},{"not_picked":["Headbutt","StuffTheSpire:BloodClot"],"picked":"Clash","floor":8},{"not_picked":["Sever Soul","StuffTheSpire:Incineration","StuffTheSpire:Slingshot"],"picked":"SKIP","floor":10},{"not_picked":["Evolve","Corruption"],"picked":"Cleave","floor":12},{"not_picked":["True Grit","ReplayTheSpireMod:Strike From Hell"],"picked":"Disarm","floor":14}],"player_experience":3275963,"relics_obtained":[{"floor":6,"key":"StuffTheSpire:TintedRock"},{"floor":9,"key":"hubris:PeanutButter"},{"floor":10,"key":"Bronze Scales"},{"floor":14,"key":"Oddly Smooth Stone"}],"event_choices":[{"damage_healed":0,"gold_gain":75,"player_choice":"Touch","damage_taken":8,"max_hp_gain":0,"max_hp_loss":0,"event_name":"FaceTrader","floor":2,"gold_loss":0}],"is_beta":false,"boss_relics":[],"items_purged_floors":[4,11],"is_endless":false,"potions_floor_spawned":[3,5,8],"killed_by":"Slime Boss","ascension_level":12}}