{"host":"wy4vwr4x0uqk666t","time":1614283688,"event":{"mods":["Aspiration","BaseMod","BetterRewards","Colored Map","Colored Powertips","Curses Come First","Defuse TimeMaze Blight","Downfall","Hubris","Infinite Spire","Lobotomy","Minty Spire (QoL Compilation)","Quick Restart","Replay The Spire","StSLib"],"gold_per_floor":[113,129,129,129,148,148,148,148],"floor_reached":7,"language":"ENG","playtime":246,"items_purged":[],"score":47,"play_id":"17967769-d31e-47f1-abc9-f82c1ac06928","local_time":"20210225210808","is_ascension_mode":true,"campfire_choices":[{"data":"Combust","floor":6,"key":"SMITH"}],"circlet_count":0,"master_deck":["Strike_R","Strike_R","Strike_R","Strike_R","Strike_R","Defend_R","Defend_R","Defend_R","Defend_R","Bash+1","WallGazer","Rampage","DespairKnight","ReplayTheSpireMod:Muscle Training","MeatLantern","Combust+1"],"relics":["Burning Blood","CogitoBucket","SsserpentHead"],"acts_visited":["Exordium"],"potions_floor_usage":[],"damage_taken":[{"damage":7,"enemies":"Small Slimes","floor":1,"turns":3},{"damage":17,"enemies":"Jaw Worm","floor":2,"turns":4},{"damage":3,"enemies":"Cultist","floor":5,"turns":4},{"damage":71,"enemies":"Lagavulin","floor":7,"turns":5}],"seed_played":"-6397539075675962520","potions_obtained":[{"floor":5,"key":"Elixir"}],"is_trial":false,"path_per_floor":["M","M","?","?","M","R","E"],"character_chosen":"IRONCLAD","items_purchased":[],"campfire_rested":0,"item_purchase_floors":[],"current_hp_per_floor":[79,68,68,68,71,71,0,0],"gold":148,"neow_bonus":"","is_daily":false,"chose_seed":false,"campfire_upgraded":1,"win_rate":0.0,"timestamp":1614283688,"path_taken":["M","M","?","?","M","R","E"],"items_purchased_type":[],"build_version":"2020-12-22","purchased_purges":0,"victory":false,"max_hp_per_floor":[80,80,80,80,80,80,80,80],"card_choices":[{"not_picked":["CherryBlossoms","FairyFestival"],"picked":"WallGazer","floor":1},{"not_picked":["Run Through","Flex"],"picked":"Rampage","floor":1},{"not_picked":["CrumblingArmor","QueenOfHatred"],"picked":"DespairKnight","floor":2},{"not_picked":["Flex","Dark Embrace"],"picked":"ReplayTheSpireMod:Muscle Training","floor":2},{"not_picked":["FairyFestival","LittlePrince"],"picked":"MeatLantern","floor":5},{"not_picked":["Perfected Strike","Pummel"],"picked":"Combust","floor":5}],"player_experience":3755347,"relics_obtained":[],"event_choices":[{"damage_healed":0,"gold_gain":0,"player_choice":"Grow","damage_taken":0,"max_hp_gain":0,"max_hp_loss":0,"event_name":"Living Wall","floor":3,"gold_loss":0,"cards_upgraded":["Bash"]},{"damage_healed":0,"gold_gain":0,"player_choice":"Trade","damage_taken":0,"relics_obtained":["SsserpentHead"],"max_hp_gain":0,"max_hp_loss":0,"event_name":"FaceTrader","floor":4,"gold_loss":0}],"is_beta":false,"boss_relics":[],"items_purged_floors":[],"is_endless":false,"potions_floor_spawned":[5],"killed_by":"Lagavulin","ascension_level":3}}