{"host":"g792ep1fbt4i7bvb","time":1614254919,"event":{"mods":["BaseMod","Beaked The Cultist","Colored Map","Colored Powertips","Highlight Path","Minty Spire (QoL Compilation)","StSLib","SuperFastMode","The Cursed"],"gold_per_floor":[119,119,135,148,148,148,182,203,252,267,306,306,330,373,373,502,502,522,522,447,468,67,110,110,137,137,137,162,185,185,200,200,326,326,326,326],"floor_reached":35,"language":"JPN","playtime":1929,"items_purged":[],"score":457,"play_id":"685f83ea-5af2-409e-8db2-9cb4d352ef59","local_time":"20210225210839","is_ascension_mode":true,"campfire_choices":[{"data":"beaked:Insight","floor":6,"key":"SMITH"},{"data":"beaked:BraceForImpact","floor":12,"key":"SMITH"},{"data":"beaked:DarkPact","floor":15,"key":"SMITH"},{"data":"beaked:Negation","floor":24,"key":"SMITH"},{"data":"beaked:Hexing","floor":30,"key":"SMITH"},{"data":"beaked:Foresight","floor":32,"key":"SMITH"}],"circlet_count":0,"master_deck":["beaked:Strike_Y+1","beaked:Strike_Y+1","beaked:Strike_Y+1","beaked:Strike_Y+1","beaked:Strike_Y+1","beaked:Defend_Y+1","beaked:Defend_Y+1","beaked:Defend_Y+1","beaked:Defend_Y+1","beaked:Ceremony","beaked:Ceremony","beaked:Ceremony","beaked:MaddeningMurmurs","beaked:Recite","beaked:Insight+1","beaked:BraceForImpact+1","beaked:Roost","beaked:Foresight+1","beaked:Overpower","beaked:DarkPact+1","beaked:ScreechingChant","beaked:Cower+1","beaked:Daydream","beaked:Evade","beaked:CursingBlood","beaked:Insight","beaked:Hexing+1","Dark Shackles","Flash of Steel","beaked:Negation+1","beaked:DigDeep","beaked:WindBringer","beaked:AwakenedForm"],"relics":["beaked:MendingPlumage","Golden Idol","The Courier","PreservedInsect","Strawberry","Juzu Bracelet","Bottled Tornado","Philosopher\u0027s Stone","Membership Card","Bird Faced Urn","Ornamental Fan","Potion Belt","Ancient Tea Set","Nilry\u0027s Codex","SlaversCollar"],"acts_visited":["Exordium","TheCity","TheBeyond"],"potions_floor_usage":[8,11,16,16,23,33,33,35],"damage_taken":[{"damage":6,"enemies":"Cultist","floor":1,"turns":4},{"damage":12,"enemies":"Small Slimes","floor":3,"turns":8},{"damage":16,"enemies":"Jaw Worm","floor":4,"turns":6},{"damage":20,"enemies":"Lagavulin","floor":7,"turns":7},{"damage":11,"enemies":"Gremlin Gang","floor":8,"turns":4},{"damage":36,"enemies":"Exordium Thugs","floor":10,"turns":13},{"damage":37,"enemies":"Gremlin Nob","floor":11,"turns":5},{"damage":31,"enemies":"Exordium Wildlife","floor":13,"turns":16},{"damage":25,"enemies":"Lagavulin","floor":14,"turns":8},{"damage":19,"enemies":"Hexaghost","floor":16,"turns":8},{"damage":32,"enemies":"Spheric Guardian","floor":18,"turns":6},{"damage":27,"enemies":"2 Thieves","floor":21,"turns":5},{"damage":26,"enemies":"Book of Stabbing","floor":23,"turns":4},{"damage":27,"enemies":"Centurion and Healer","floor":28,"turns":7},{"damage":37,"enemies":"Snake Plant","floor":29,"turns":7},{"damage":46,"enemies":"Shelled Parasite and Fungi","floor":31,"turns":8},{"damage":19,"enemies":"Champ","floor":33,"turns":9},{"damage":78,"enemies":"3 Darklings","floor":35,"turns":4}],"seed_played":"2581226191934432183","potions_obtained":[{"floor":4,"key":"Swift Potion"},{"floor":7,"key":"Explosive Potion"},{"floor":11,"key":"SteroidPotion"},{"floor":13,"key":"ColorlessPotion"},{"floor":14,"key":"LiquidBronze"},{"floor":23,"key":"EssenceOfSteel"},{"floor":31,"key":"Strength Potion"}],"is_trial":false,"path_per_floor":["M","?","M","M","?","R","E","M","T","M","E","R","M","E","R","B",null,"M","?","?","M","$","E","R","T","T","?","M","M","R","M","R","B",null,"M"],"character_chosen":"BEAKED_THE_CULTIST","items_purchased":["Membership Card","beaked:Evade","Bird Faced Urn","beaked:CursingBlood","beaked:Insight","beaked:Hexing","PowerPotion","Dark Shackles","Flash of Steel"],"campfire_rested":0,"item_purchase_floors":[22,22,22,22,22,22,22,22,22],"current_hp_per_floor":[52,39,50,53,46,46,46,46,53,62,34,34,54,49,49,62,62,48,48,48,40,40,40,40,40,40,24,47,60,60,61,61,62,62,0,0],"gold":326,"neow_bonus":"TEN_PERCENT_HP_BONUS","is_daily":false,"chose_seed":false,"campfire_upgraded":6,"win_rate":0.0,"timestamp":1614254919,"path_taken":["M","?","M","M","?","R","E","?","T","M","E","R","M","E","R","BOSS","M","?","?","M","$","E","R","?","T","?","M","M","R","M","R","BOSS","M"],"items_purchased_type":["Relic","Card","Relic","Card","Card","Card","Potion","Card","Card"],"build_version":"2020-12-22","purchased_purges":0,"victory":false,"max_hp_per_floor":[55,55,55,55,55,55,55,55,62,62,62,62,62,62,62,62,62,62,62,62,62,62,62,62,62,62,62,62,62,62,62,62,62,62,62,62],"card_choices":[{"not_picked":["beaked:Redirect","beaked:Replenish"],"picked":"beaked:MaddeningMurmurs","floor":1},{"not_picked":["beaked:RuinSticks","beaked:Tradeoff"],"picked":"beaked:Recite","floor":3},{"not_picked":["beaked:Windmill","beaked:Foresight"],"picked":"beaked:Insight","floor":4},{"not_picked":["beaked:StickSmack","beaked:Pecker"],"picked":"beaked:BraceForImpact","floor":7},{"not_picked":["beaked:Insight","beaked:BraceForImpact"],"picked":"beaked:Roost","floor":8},{"not_picked":["beaked:TuckingFeathers","beaked:Pecker"],"picked":"beaked:Foresight","floor":10},{"not_picked":["beaked:HuntressEssence","beaked:Poke","beaked:StickSmack"],"picked":"SKIP","floor":11},{"not_picked":["beaked:Evade","beaked:BloodRitual"],"picked":"beaked:Overpower","floor":13},{"not_picked":["beaked:Flinch","beaked:Brainwash"],"picked":"beaked:DarkPact","floor":14},{"not_picked":["beaked:DarkPact","beaked:FullHouse"],"picked":"beaked:ScreechingChant","floor":16},{"not_picked":["beaked:DigDeep+1","beaked:Windmill"],"picked":"beaked:Cower+1","floor":18},{"not_picked":["beaked:BraceForImpact","beaked:VolatileMisfortune"],"picked":"beaked:Daydream","floor":21},{"not_picked":["beaked:MimicHuntress+1","beaked:BloodForTheGods"],"picked":"beaked:Negation","floor":23},{"not_picked":["beaked:Redirect+1","beaked:TuckingFeathers"],"picked":"beaked:DigDeep","floor":28},{"not_picked":["beaked:BounceBack","beaked:Tweet","beaked:Resilience"],"picked":"SKIP","floor":29},{"not_picked":["beaked:DesperateSwing","beaked:MimicWarrior"],"picked":"beaked:WindBringer","floor":31},{"not_picked":["beaked:SacrificialScars","beaked:DarkPact"],"picked":"beaked:AwakenedForm","floor":33}],"player_experience":832386,"relics_obtained":[{"floor":7,"key":"PreservedInsect"},{"floor":9,"key":"Strawberry"},{"floor":11,"key":"Juzu Bracelet"},{"floor":14,"key":"Bottled Tornado"},{"floor":23,"key":"Ornamental Fan"},{"floor":25,"key":"Potion Belt"},{"floor":26,"key":"Ancient Tea Set"},{"floor":27,"key":"Nilry\u0027s Codex"}],"event_choices":[{"damage_healed":0,"gold_gain":0,"player_choice":"Take Damage","damage_taken":13,"relics_obtained":["Golden Idol"],"max_hp_gain":0,"max_hp_loss":0,"event_name":"Golden Idol","floor":2,"gold_loss":0},{"damage_healed":0,"gold_gain":0,"player_choice":"Success","damage_taken":7,"relics_obtained":["The Courier"],"max_hp_gain":0,"max_hp_loss":0,"event_name":"Scrap Ooze","floor":5,"gold_loss":0},{"damage_healed":0,"gold_gain":0,"player_choice":"Simplicity","damage_taken":0,"max_hp_gain":0,"max_hp_loss":0,"event_name":"Back to Basics","floor":19,"gold_loss":0,"cards_upgraded":["beaked:Strike_Y","beaked:Strike_Y","beaked:Strike_Y","beaked:Strike_Y","beaked:Strike_Y","beaked:Strike_Y","beaked:Defend_Y","beaked:Defend_Y","beaked:Defend_Y","beaked:Defend_Y"]},{"cards_removed":["beaked:Strike_Y"],"damage_healed":0,"gold_gain":0,"player_choice":"Gave Gold","damage_taken":0,"max_hp_gain":0,"max_hp_loss":0,"event_name":"Beggar","floor":20,"gold_loss":75},{"damage_healed":0,"gold_gain":0,"player_choice":"Obtained Book","damage_taken":16,"max_hp_gain":0,"max_hp_loss":0,"event_name":"Cursed Tome","floor":27,"gold_loss":0}],"is_beta":false,"boss_relics":[{"not_picked":["Fusion Hammer","Ectoplasm"],"picked":"Philosopher\u0027s Stone"},{"not_picked":["Pandora\u0027s Box","Velvet Choker"],"picked":"SlaversCollar"}],"items_purged_floors":[],"is_endless":false,"potions_floor_spawned":[4,7,11,13,14,23,31],"killed_by":"3 Darklings","ascension_level":3}}