{"host":"ul3z8ex5o8l5j7mh","time":1614282645,"event":{"mods":["2.2 Compatiblity","AchievementEnabler","BaseMod","Bestiary","Colored Map","Colored Powertips","Curses Come First","DeckTracker","Highlight Path","Keyboard Shortcuts","Minty Spire (QoL Compilation)","Relic Sorter","Relic Stats","StSLib","SuperFastMode"],"gold_per_floor":[112,43,43,59,71,105,105,139,139,139,155,2,2,2,2,104,154,166,166,179,203,60,60,74,104,155,168,168,179,179,24,24,24,24],"floor_reached":33,"language":"ENG","playtime":1108,"items_purged":["Defend_R"],"score":355,"play_id":"36a5bb39-03ea-4bd8-8589-10189624499e","local_time":"20210225205045","is_ascension_mode":true,"campfire_choices":[{"data":"Hemokinesis","floor":7,"key":"SMITH"},{"data":"Sentinel","floor":10,"key":"SMITH"},{"data":"Rage","floor":13,"key":"SMITH"},{"floor":15,"key":"REST"},{"data":"Rage","floor":23,"key":"SMITH"},{"floor":28,"key":"REST"},{"floor":30,"key":"REST"},{"floor":32,"key":"REST"}],"circlet_count":0,"master_deck":["Strike_R","Strike_R","Strike_R","Strike_R","Strike_R","Defend_R","Defend_R","Bash+1","Thunderclap","Hemokinesis+1","Clash","Cleave","Uppercut","Pommel Strike","Sentinel+1","Rage+1","Infernal Blade","Corruption","Metallicize","Rage+1","Combust+1","Warcry","Cleave","Offering","Rupture","Iron Wave+1","Dark Embrace","Feel No Pain","Metallicize"],"relics":["Burning Blood","NeowsBlessing","Tiny Chest","Question Card","Pen Nib","OrangePellets","Dream Catcher","Tiny House","Akabeko","Lantern","ClockworkSouvenir","Pantograph","Anchor"],"acts_visited":["Exordium","TheCity"],"potions_floor_usage":[8,8,18,25],"damage_taken":[{"damage":0,"enemies":"2 Louse","floor":1,"turns":1},{"damage":0,"enemies":"Cultist","floor":4,"turns":1},{"damage":0,"enemies":"Jaw Worm","floor":5,"turns":1},{"damage":37,"enemies":"Lagavulin","floor":6,"turns":5},{"damage":17,"enemies":"3 Sentries","floor":8,"turns":4},{"damage":4,"enemies":"2 Fungi Beasts","floor":11,"turns":3},{"damage":54,"enemies":"Hexaghost","floor":16,"turns":8},{"damage":6,"enemies":"2 Thieves","floor":18,"turns":4},{"damage":2,"enemies":"Chosen","floor":20,"turns":3},{"damage":26,"enemies":"Shelled Parasite and Fungi","floor":24,"turns":3},{"damage":48,"enemies":"Slavers","floor":25,"turns":5},{"damage":18,"enemies":"Centurion and Healer","floor":27,"turns":5},{"damage":18,"enemies":"Cultist and Chosen","floor":29,"turns":5},{"damage":100,"enemies":"Champ","floor":33,"turns":12}],"seed_played":"-7699676500731810195","potions_obtained":[{"floor":4,"key":"CultistPotion"},{"floor":6,"key":"LiquidMemories"},{"floor":17,"key":"LiquidMemories"},{"floor":20,"key":"FearPotion"},{"floor":24,"key":"BloodPotion"},{"floor":29,"key":"BloodPotion"}],"is_trial":false,"path_per_floor":["M","$","?","M","M","E","R","E","T","R","M","$","R","?","R","B",null,"M","?","M","T","$","R","M","E","T","M","R","M","R","$","R","B"],"character_chosen":"IRONCLAD","items_purchased":["Hemokinesis","OrangePellets","ClockworkSouvenir","Feel No Pain"],"campfire_rested":4,"item_purchase_floors":[2,12,22,31],"current_hp_per_floor":[78,78,78,80,80,49,49,38,38,38,40,40,40,37,61,13,68,68,68,72,72,72,72,52,27,27,15,40,28,53,53,78,0,0],"gold":24,"neow_bonus":"THREE_ENEMY_KILL","is_daily":false,"chose_seed":false,"campfire_upgraded":4,"win_rate":0.0,"timestamp":1614282645,"path_taken":["M","$","?","?","M","E","R","E","T","R","M","?","R","?","R","BOSS","M","?","M","?","$","R","M","E","T","M","R","M","R","?","R","BOSS"],"items_purchased_type":["Card","Relic","Relic","Card"],"build_version":"2020-12-22","purchased_purges":1,"victory":false,"max_hp_per_floor":[80,80,80,80,80,80,80,80,80,80,80,80,80,80,80,80,85,85,85,85,85,85,85,85,85,85,85,85,85,85,85,85,85,85],"relic_stats":{"OrangePellets":[1],"Dream Catcher":4,"counters":[14,60],"Pantograph":7,"Tiny Chest":1,"Pen Nib":[9],"Question Card":13,"obtain_stats":[{"Lantern":21,"Tiny House":17,"NeowsBlessing":0,"Pen Nib":9,"Question Card":8,"Burning Blood":0,"Akabeko":19,"ClockworkSouvenir":22,"OrangePellets":12,"Dream Catcher":14,"Anchor":26,"Pantograph":25,"Tiny Chest":6},{"Lantern":9,"Tiny House":7,"NeowsBlessing":0,"Pen Nib":5,"Question Card":5,"Burning Blood":0,"Akabeko":8,"ClockworkSouvenir":9,"OrangePellets":6,"Dream Catcher":6,"Anchor":11,"Pantograph":11,"Tiny Chest":4},{"Lantern":30,"Tiny House":23,"NeowsBlessing":0,"Pen Nib":12,"Question Card":12,"Burning Blood":0,"Akabeko":27,"ClockworkSouvenir":30,"OrangePellets":15,"Dream Catcher":15,"Anchor":38,"Pantograph":38,"Tiny Chest":8}],"Burning Blood":68},"card_choices":[{"not_picked":["Shrug It Off","Perfected Strike"],"picked":"Thunderclap","floor":1},{"not_picked":["True Grit","Twin Strike"],"picked":"Cleave","floor":4},{"not_picked":["Sword Boomerang","Uppercut","Cleave"],"picked":"SKIP","floor":5},{"not_picked":["Sword Boomerang","Cleave"],"picked":"Uppercut","floor":5},{"not_picked":["Cleave","Uppercut"],"picked":"Pommel Strike","floor":6},{"not_picked":["Power Through","Metallicize"],"picked":"Sentinel","floor":8},{"not_picked":["Sword Boomerang","Iron Wave","Flex"],"picked":"Rage","floor":11},{"not_picked":["Havoc","Clash","Anger"],"picked":"Infernal Blade","floor":15},{"not_picked":["Immolate","Offering","Brutality"],"picked":"Corruption","floor":16},{"not_picked":["Dual Wield","Cleave","Body Slam"],"picked":"Metallicize","floor":17},{"not_picked":["Pummel","Shockwave+1","Cleave"],"picked":"Rage","floor":18},{"not_picked":["Shrug It Off","Searing Blow+1","Clash"],"picked":"Combust+1","floor":20},{"not_picked":["Pommel Strike+1","Flex","Clash+1"],"picked":"Warcry","floor":24},{"not_picked":["Armaments","Second Wind","Headbutt"],"picked":"Cleave","floor":25},{"not_picked":["Cleave","Sword Boomerang+1","Disarm"],"picked":"Offering","floor":27},{"not_picked":["Armaments+1","Heavy Blade+1","Flame Barrier+1"],"picked":"Rupture","floor":28},{"not_picked":["Uppercut","Wild Strike","Warcry"],"picked":"Iron Wave+1","floor":29},{"not_picked":["Burning Pact+1","Whirlwind","Disarm"],"picked":"Dark Embrace","floor":30},{"not_picked":["Anger","Sword Boomerang+1","Perfected Strike+1"],"picked":"Metallicize","floor":32}],"player_experience":439551,"relics_obtained":[{"floor":6,"key":"Tiny Chest"},{"floor":8,"key":"Question Card"},{"floor":9,"key":"Pen Nib"},{"floor":21,"key":"Lantern"},{"floor":25,"key":"Pantograph"},{"floor":26,"key":"Anchor"}],"event_choices":[{"damage_healed":0,"gold_gain":0,"cards_transformed":["Defend_R"],"player_choice":"Transformed","damage_taken":0,"max_hp_gain":0,"max_hp_loss":0,"event_name":"Transmorgrifier","floor":3,"gold_loss":0,"cards_obtained":["Clash"]},{"damage_healed":0,"gold_gain":0,"player_choice":"Success","damage_taken":3,"relics_obtained":["Dream Catcher"],"max_hp_gain":0,"max_hp_loss":0,"event_name":"Scrap Ooze","floor":14,"gold_loss":0},{"damage_healed":0,"gold_gain":0,"player_choice":"Opened","damage_taken":0,"relics_obtained":["Akabeko"],"max_hp_gain":0,"max_hp_loss":0,"event_name":"The Mausoleum","floor":19,"gold_loss":0}],"is_beta":false,"boss_relics":[{"not_picked":["Ectoplasm","Philosopher\u0027s Stone"],"picked":"Tiny House"}],"items_purged_floors":[31],"is_endless":false,"potions_floor_spawned":[4,6,20,24,29],"killed_by":"Champ","ascension_level":6}}