{"host":"Lucas","time":1614262293,"event":{"mods":["BaseMod","Downfall","Minty Spire (QoL Compilation)","READ ME - Guardian Mod","StSLib","The Cursed","The Disciple","The Necromancer","The Servant 0.9.4"],"gold_per_floor":[99,99,99,99,119,153,153,138,153,153,186,204,379,392,405,405,405],"floor_reached":16,"language":"ENG","playtime":1085,"items_purged":[],"score":121,"play_id":"a9e8dadc-aef0-45e5-90f4-b14e072d72cc","local_time":"20210225141133","is_ascension_mode":true,"campfire_choices":[{"data":"KidneyShot","floor":1,"key":"SMITH"},{"floor":10,"key":"REST"}],"circlet_count":0,"master_deck":["Strike_S","Strike_S","Strike_S","Strike_S","Defend_S","Defend_S","Defend_S","Defend_S","KidneyShot+1","Exchange","Sabotage","Read","Ricochet","Rewind","Spin","Luminosity","BottledTime","SpecialFormula","Luminosity","MoonPhase","Doubt","FastForward","DualDimension","Ricochet","Advance"],"relics":["Uniform","downfall:HeartsMalice","Pen Nib","Bronze Scales","Prayer Wheel"],"acts_visited":["Exordium"],"potions_floor_usage":[11,14,15,16,16],"damage_taken":[{"damage":0,"enemies":"Jaw Worm","floor":2,"turns":1},{"damage":0,"enemies":"Small Slimes","floor":3,"turns":1},{"damage":0,"enemies":"Cultist","floor":4,"turns":1},{"damage":0,"enemies":"Blue Slaver","floor":5,"turns":4},{"damage":54,"enemies":"Lagavulin","floor":6,"turns":18},{"damage":0,"enemies":"downfall:FleeingMerchant","floor":8,"turns":4},{"damage":4,"enemies":"Red Slaver","floor":9,"turns":4},{"damage":10,"enemies":"3 Sentries","floor":11,"turns":4},{"damage":15,"enemies":"downfall:LooterAlt","floor":12,"turns":3},{"damage":0,"enemies":"Large Slime","floor":14,"turns":6},{"damage":6,"enemies":"2 Fungi Beasts","floor":15,"turns":2},{"damage":40,"enemies":"WA_ARCHETYPE_RETAIN","floor":16,"turns":7}],"seed_played":"-5802760453460949376","potions_obtained":[{"floor":5,"key":"LiquidBronze"},{"floor":6,"key":"PowerPotion"},{"floor":9,"key":"LiquidMemories"},{"floor":12,"key":"SpeedPotion"},{"floor":15,"key":"Guardian:BlockOnCardUsePotion"}],"is_trial":false,"path_per_floor":["R","M","M","M","M","E","T","$","M","R","E","M","?","M","M","B"],"character_chosen":"THE_SERVANT","items_purchased":[],"campfire_rested":1,"item_purchase_floors":[],"current_hp_per_floor":[65,65,65,65,65,11,11,11,7,26,16,6,6,11,10,0,0],"gold":405,"neow_bonus":"THREE_ENEMY_KILL","is_daily":false,"chose_seed":false,"campfire_upgraded":1,"win_rate":0.0,"timestamp":1614262293,"path_taken":["R","M","M","M","M","E","T","$","M","R","E","M","?","M","M","BOSS"],"items_purchased_type":[],"build_version":"2020-12-18","purchased_purges":0,"victory":false,"max_hp_per_floor":[65,65,65,65,65,65,65,65,65,65,65,65,65,65,65,65,65],"card_choices":[{"not_picked":["TimeWarp","Ricochet"],"picked":"Sabotage","floor":2},{"not_picked":["Revamp","FastForward"],"picked":"Read","floor":3},{"not_picked":["StarChef","ShatteredReality"],"picked":"Ricochet","floor":4},{"not_picked":["Hightail","Ricochet"],"picked":"Rewind","floor":5},{"not_picked":["Snipe","TimeTheft"],"picked":"Spin","floor":6},{"not_picked":["Contraction","Manipulate"],"picked":"Luminosity","floor":8},{"not_picked":["Rewind","Spin"],"picked":"BottledTime","floor":9},{"not_picked":["Replace","Advance"],"picked":"SpecialFormula","floor":11},{"not_picked":["Barrier","FastForward"],"picked":"Luminosity","floor":12},{"not_picked":["TimeWarp","StarChef"],"picked":"MoonPhase","floor":12},{"not_picked":["FloweringNight","Barrier"],"picked":"FastForward","floor":14},{"not_picked":["Replace","Desolation"],"picked":"DualDimension","floor":14},{"not_picked":["Gouge","Revamp"],"picked":"Ricochet","floor":15},{"not_picked":["Manipulate","Unruled"],"picked":"Advance","floor":15}],"player_experience":1347316,"relics_obtained":[{"floor":6,"key":"Pen Nib"},{"floor":7,"key":"Bronze Scales"},{"floor":11,"key":"Prayer Wheel"}],"event_choices":[],"is_beta":true,"boss_relics":[],"items_purged_floors":[],"is_endless":false,"potions_floor_spawned":[5,6,9,12,15],"killed_by":"WA_ARCHETYPE_RETAIN","ascension_level":2}}