{"host":"uafoej811sw8via1","time":1614233741,"event":{"mods":["BaseMod","Minty Spire (QoL Compilation)","Relic Stats","StSLib"],"gold_per_floor":[109,119,138,8,27,27,54,54,81,81,81,151,151,167,167,245,245,255,265,265,7,18,18,28,63,88,88,106,122,9,42,42,117,117,129,139,89,99,113,113,128,161,184,184,218,49,82,92,92,92,92,92],"floor_reached":51,"language":"ENG","playtime":3838,"items_purged":["Strike_G","Strike_G"],"score":1468,"play_id":"d8744666-e736-4169-b4d0-a42681878c3e","local_time":"20210225011541","is_ascension_mode":true,"campfire_choices":[{"data":"Skewer","floor":6,"key":"SMITH"},{"data":"Crippling Poison","floor":8,"key":"SMITH"},{"floor":11,"key":"REST"},{"data":"Catalyst","floor":15,"key":"SMITH"},{"data":"Wraith Form v2","floor":23,"key":"SMITH"},{"data":"Corpse Explosion","floor":32,"key":"SMITH"},{"data":"Deadly Poison","floor":40,"key":"SMITH"},{"data":"Malaise","floor":44,"key":"SMITH"},{"floor":49,"key":"RECALL"}],"circlet_count":0,"master_deck":["AscendersBane","Strike_G+1","Defend_G","Defend_G","Defend_G","Defend_G","Defend_G","Survivor","Neutralize","CurseOfTheBell","Backflip+1","Deadly Poison+1","Crippling Poison+1","Skewer+1","Catalyst+1","Deadly Poison","Wraith Form v2+1","Escape Plan","Corpse Explosion+1","Prepared+1","Malaise+1","Adrenaline","Footwork+1","Catalyst+1","Dodge and Roll","Noxious Fumes+1","Blur+1","Catalyst"],"relics":["Calling Bell","Dream Catcher","Ninja Scroll","Torii","Toy Ornithopter","Centennial Puzzle","Art of War","Coffee Dripper","MealTicket","Oddly Smooth Stone","Blood Vial","Red Mask","Empty Cage","Mummified Hand","Frozen Egg 2","Strawberry","Juzu Bracelet"],"acts_visited":["Exordium","TheCity","TheBeyond"],"potions_floor_usage":[14,19,22,24,25,28,31,33,33,50],"damage_taken":[{"damage":1,"enemies":"Small Slimes","floor":1,"turns":3},{"damage":0,"enemies":"Jaw Worm","floor":2,"turns":4},{"damage":0,"enemies":"2 Louse","floor":3,"turns":3},{"damage":2,"enemies":"Exordium Thugs","floor":5,"turns":4},{"damage":14,"enemies":"3 Sentries","floor":7,"turns":9},{"damage":0,"enemies":"Blue Slaver","floor":14,"turns":2},{"damage":1,"enemies":"Hexaghost","floor":16,"turns":7},{"damage":4,"enemies":"Shell Parasite","floor":18,"turns":5},{"damage":10,"enemies":"Chosen","floor":19,"turns":4},{"damage":7,"enemies":"Centurion and Healer","floor":22,"turns":4},{"damage":12,"enemies":"Cultist and Chosen","floor":24,"turns":6},{"damage":1,"enemies":"Book of Stabbing","floor":25,"turns":6},{"damage":3,"enemies":"Snake Plant","floor":28,"turns":4},{"damage":12,"enemies":"Snecko","floor":29,"turns":4},{"damage":0,"enemies":"Masked Bandits","floor":31,"turns":2},{"damage":41,"enemies":"Collector","floor":33,"turns":8},{"damage":6,"enemies":"3 Darklings","floor":35,"turns":4},{"damage":2,"enemies":"Orb Walker","floor":36,"turns":3},{"damage":1,"enemies":"3 Darklings","floor":38,"turns":2},{"damage":2,"enemies":"Writhing Mass","floor":39,"turns":3},{"damage":2,"enemies":"Jaw Worm Horde","floor":41,"turns":2},{"damage":24,"enemies":"Nemesis","floor":42,"turns":5},{"damage":1,"enemies":"Giant Head","floor":45,"turns":5},{"damage":12,"enemies":"Nemesis","floor":47,"turns":5},{"damage":1,"enemies":"Sphere and 2 Shapes","floor":48,"turns":5},{"damage":24,"enemies":"Donu and Deca","floor":50,"turns":7},{"damage":50,"enemies":"Awakened One","floor":51,"turns":10}],"seed_played":"-3276027830119419618","potions_obtained":[{"floor":7,"key":"Poison Potion"},{"floor":16,"key":"LiquidMemories"},{"floor":20,"key":"PowerPotion"},{"floor":24,"key":"EssenceOfSteel"},{"floor":25,"key":"ColorlessPotion"},{"floor":31,"key":"Fire Potion"},{"floor":39,"key":"Dexterity Potion"},{"floor":42,"key":"Ancient Potion"}],"is_trial":false,"path_per_floor":["M","M","M","$","M","R","E","R","T","?","R","?","?","M","R","B",null,"M","M","?","$","M","R","M","E","T","?","M","M","$","?","R","B",null,"M","M","?","M","M","R","M","E","T","R","E","$","E","M","R","B","B"],"character_chosen":"THE_SILENT","items_purchased":["Poison Potion","MealTicket","Weak Potion","BlessingOfTheForge","Strawberry"],"campfire_rested":1,"item_purchase_floors":[4,21,30,30,46],"current_hp_per_floor":[58,58,58,58,56,56,42,42,42,7,26,26,6,11,11,10,52,48,43,43,43,41,41,34,38,38,20,24,14,29,36,36,7,55,51,51,51,52,52,52,52,30,30,30,31,53,43,44,44,27,0,0],"gold":92,"neow_bonus":"BOSS_RELIC","is_daily":false,"chose_seed":false,"campfire_upgraded":7,"win_rate":0.0,"timestamp":1614233741,"path_taken":["M","M","M","$","M","R","E","R","T","?","R","?","?","M","R","BOSS","M","M","?","?","M","R","M","E","T","?","M","M","$","?","R","BOSS","M","M","?","M","M","R","M","E","T","R","E","?","E","M","R","BOSS","BOSS"],"items_purchased_type":["Potion","Relic","Potion","Potion","Relic"],"build_version":"2020-12-22","purchased_purges":2,"victory":false,"max_hp_per_floor":[66,66,66,66,66,66,66,66,66,66,66,66,66,66,66,66,66,66,66,66,66,66,66,66,66,66,71,71,71,71,71,71,71,71,71,71,71,71,71,71,71,71,71,71,71,78,78,78,78,78,78,78],"relic_stats":{"Blood Vial":30,"Dream Catcher":1,"Centennial Puzzle":[60],"Torii":65,"counters":[27,126],"Mummified Hand":[10],"MealTicket":30,"Art of War":[34],"Juzu Bracelet":0,"obtain_stats":[{"Torii":0,"Oddly Smooth Stone":25,"Juzu Bracelet":47,"Frozen Egg 2":45,"Empty Cage":34,"Calling Bell":0,"Blood Vial":26,"Dream Catcher":0,"Centennial Puzzle":9,"Ninja Scroll":0,"Mummified Hand":42,"Strawberry":46,"MealTicket":21,"Art of War":10,"Coffee Dripper":17,"Red Mask":31,"Toy Ornithopter":7,"Ring of the Snake":0},{"Torii":0,"Oddly Smooth Stone":12,"Juzu Bracelet":24,"Frozen Egg 2":23,"Empty Cage":16,"Calling Bell":0,"Blood Vial":12,"Dream Catcher":0,"Centennial Puzzle":5,"Ninja Scroll":0,"Mummified Hand":22,"Strawberry":23,"MealTicket":9,"Art of War":5,"Coffee Dripper":7,"Red Mask":15,"Toy Ornithopter":5,"Ring of the Snake":0},{"Torii":0,"Oddly Smooth Stone":57,"Juzu Bracelet":104,"Frozen Egg 2":99,"Empty Cage":75,"Calling Bell":0,"Blood Vial":57,"Dream Catcher":0,"Centennial Puzzle":23,"Ninja Scroll":0,"Mummified Hand":94,"Strawberry":99,"MealTicket":41,"Art of War":23,"Coffee Dripper":32,"Red Mask":67,"Toy Ornithopter":23,"Ring of the Snake":0}],"Toy Ornithopter":50},"card_choices":[{"not_picked":["Bane","Acrobatics"],"picked":"Backflip","floor":1},{"not_picked":["Deflect","PiercingWail"],"picked":"Deadly Poison","floor":2},{"not_picked":["Prepared","Dodge and Roll"],"picked":"Crippling Poison","floor":3},{"not_picked":["Dodge and Roll","Die Die Die"],"picked":"Skewer","floor":5},{"not_picked":["All Out Attack","Riddle With Holes"],"picked":"Catalyst","floor":7},{"not_picked":["Bane","Backflip"],"picked":"Deadly Poison","floor":11},{"not_picked":["Cloak And Dagger","Sucker Punch","Distraction"],"picked":"SKIP","floor":14},{"not_picked":["Grand Finale","Bullet Time"],"picked":"Wraith Form v2","floor":16},{"not_picked":["Dash+1","Sucker Punch"],"picked":"Escape Plan","floor":18},{"not_picked":["Underhanded Strike","Reflex","Sucker Punch"],"picked":"SKIP","floor":19},{"not_picked":["Sucker Punch","Underhanded Strike","Dodge and Roll"],"picked":"SKIP","floor":22},{"not_picked":["Sucker Punch","Underhanded Strike","Dodge and Roll"],"picked":"SKIP","floor":22},{"not_picked":["Outmaneuver","Acrobatics"],"picked":"Corpse Explosion","floor":24},{"not_picked":["Caltrops","Cloak And Dagger","Outmaneuver"],"picked":"SKIP","floor":25},{"not_picked":["Flying Knee","Deadly Poison"],"picked":"Prepared+1","floor":28},{"not_picked":["Underhanded Strike","Flying Knee"],"picked":"Malaise","floor":29},{"not_picked":["Corpse Explosion","Malaise"],"picked":"Adrenaline","floor":33},{"not_picked":["Poisoned Stab","Underhanded Strike","Bane"],"picked":"SKIP","floor":35},{"not_picked":["Blade Dance","Cloak And Dagger+1"],"picked":"Footwork","floor":36},{"not_picked":["Bouncing Flask","Dagger Spray+1"],"picked":"Catalyst+1","floor":38},{"not_picked":["Slice","Skewer","Bane"],"picked":"SKIP","floor":39},{"not_picked":["Dagger Throw+1","Concentrate+1"],"picked":"Dodge and Roll","floor":41},{"not_picked":["Bouncing Flask","Blade Dance","Underhanded Strike+1"],"picked":"SKIP","floor":42},{"not_picked":["Storm of Steel","Setup"],"picked":"Noxious Fumes+1","floor":45},{"not_picked":["Bouncing Flask","Cloak And Dagger"],"picked":"Blur+1","floor":47},{"not_picked":["Deflect","Reflex+1"],"picked":"Catalyst","floor":48}],"player_experience":1113838,"relics_obtained":[{"floor":0,"key":"Dream Catcher"},{"floor":0,"key":"Ninja Scroll"},{"floor":0,"key":"Torii"},{"floor":7,"key":"Toy Ornithopter"},{"floor":9,"key":"Centennial Puzzle"},{"floor":25,"key":"Oddly Smooth Stone"},{"floor":26,"key":"Blood Vial"},{"floor":31,"key":"Red Mask"},{"floor":42,"key":"Mummified Hand"},{"floor":45,"key":"Frozen Egg 2"},{"floor":47,"key":"Juzu Bracelet"}],"event_choices":[{"damage_healed":0,"gold_gain":0,"player_choice":"Success","damage_taken":35,"relics_obtained":["Art of War"],"max_hp_gain":0,"max_hp_loss":0,"event_name":"Scrap Ooze","floor":10,"gold_loss":0},{"damage_healed":0,"gold_gain":70,"player_choice":"Gained Gold","damage_taken":0,"max_hp_gain":0,"max_hp_loss":0,"event_name":"Golden Wing","floor":12,"gold_loss":0},{"damage_healed":0,"gold_gain":0,"player_choice":"Entered Light","damage_taken":20,"max_hp_gain":0,"max_hp_loss":0,"event_name":"Shining Light","floor":13,"gold_loss":0,"cards_upgraded":["Strike_G","Backflip"]},{"damage_healed":0,"gold_gain":0,"player_choice":"Got Potions","damage_taken":0,"max_hp_gain":0,"max_hp_loss":0,"event_name":"Lab","floor":20,"gold_loss":0},{"damage_healed":0,"gold_gain":0,"player_choice":"Shed Blood","damage_taken":23,"max_hp_gain":5,"max_hp_loss":0,"event_name":"Forgotten Altar","floor":27,"gold_loss":0},{"damage_healed":0,"gold_gain":0,"player_choice":"Fought Bandits","damage_taken":0,"max_hp_gain":0,"max_hp_loss":0,"event_name":"Masked Bandits","floor":31,"gold_loss":0},{"damage_healed":0,"gold_gain":0,"player_choice":"Upgrade","damage_taken":0,"max_hp_gain":0,"max_hp_loss":0,"event_name":"Designer","floor":37,"gold_loss":50,"cards_upgraded":["Footwork"]}],"is_beta":false,"boss_relics":[{"not_picked":["WristBlade","SacredBark"],"picked":"Coffee Dripper"},{"not_picked":["Cursed Key","Philosopher\u0027s Stone"],"picked":"Empty Cage"}],"items_purged_floors":[4,21],"is_endless":false,"potions_floor_spawned":[7,16,24,25,31,39,42,45,47],"killed_by":"Awakened One","ascension_level":20}}