{"host":"edk8ruzv78x6jv19","time":1614223035,"event":{"mods":["BaseMod","Bestiary","Better Altar","Better Match","Better Note","Better Sensory Stone","Better Skull","Better Third Choice","Bossed Relics","Energized Spire","Evolution","Infinite Spire","Minty Spire (QoL Compilation)","Relic Stats","Replay The Spire","Spicy Shops","StSLib","The Blue Laboratory","UnlockEverythingMod","??????REMEMod"],"gold_per_floor":[116,116,191,116,116,116,116,116,116,116,116,116],"floor_reached":11,"language":"ENG","playtime":269,"items_purged":["Deadly Poison"],"score":114,"play_id":"9f39c254-ab7f-4f55-8ae1-1acb74b0c95a","local_time":"20210224211715","daily_mods":["SealedDeck","Heirloom","Time Dilation","Flight","DeadlyEvents","Elite Swarm","Lethality"],"is_ascension_mode":true,"campfire_choices":[{"floor":6,"key":"RECALL"},{"data":"Infinite Blades","floor":7,"key":"SMITH"},{"data":"Dodge and Roll","floor":8,"key":"SMITH"},{"data":"Dodge and Roll","floor":10,"key":"SMITH"}],"circlet_count":0,"master_deck":["AscendersBane","Acrobatics","Backflip","Dodge and Roll+1","Dodge and Roll+1","Footwork","ReplayTheSpireMod:Speed Training+1","Blade Dance","Infinite Blades+1","Infinite Blades+1","infinitespire:Neurotoxin","Backflip"],"relics":["Ring of the Snake","EVO:Axolotl","REME_ComplimentaryCards","Turnip","Blood Vial"],"acts_visited":["Exordium"],"potions_floor_usage":[11],"damage_taken":[{"damage":7,"enemies":"Small Slimes","floor":1,"turns":3},{"damage":19,"enemies":"3 Sentries","floor":11,"turns":2}],"seed_played":"-4416199989860551399","potions_obtained":[{"floor":1,"key":"Fire Potion"}],"is_trial":true,"path_per_floor":["M","?","?","$","?","R","R","R","T","R","E"],"character_chosen":"THE_SILENT","items_purchased":[],"campfire_rested":0,"item_purchase_floors":[],"current_hp_per_floor":[52,47,36,36,16,16,16,16,16,16,0,0],"gold":116,"neow_bonus":"","is_daily":false,"chose_seed":false,"campfire_upgraded":3,"win_rate":0.0,"timestamp":1614223035,"path_taken":["M","?","?","$","?","R","R","R","T","R","?"],"items_purchased_type":[],"build_version":"2020-12-22","purchased_purges":1,"victory":false,"max_hp_per_floor":[66,66,66,66,66,66,66,66,66,66,66,66],"relic_stats":{"Blood Vial":2,"counters":[2,5],"Turnip":[1],"obtain_stats":[{"Blood Vial":2,"Turnip":0,"EVO:Axolotl":0,"Ring of the Snake":0,"REME_ComplimentaryCards":0},{"Blood Vial":1,"Turnip":0,"EVO:Axolotl":0,"Ring of the Snake":0,"REME_ComplimentaryCards":0},{"Blood Vial":3,"Turnip":0,"EVO:Axolotl":0,"Ring of the Snake":0,"REME_ComplimentaryCards":0}],"Ring of the Snake":[4]},"card_choices":[{"not_picked":["Quick Slash","Catalyst"],"picked":"Backflip","floor":1}],"player_experience":69954,"relics_obtained":[],"event_choices":[{"damage_healed":0,"gold_gain":0,"player_choice":"Relic ","damage_taken":5,"max_hp_gain":0,"max_hp_loss":0,"event_name":"betterThird:BetterScrap","floor":2,"gold_loss":0,"cards_obtained":["Disarm"]},{"damage_healed":0,"gold_gain":75,"player_choice":"Gold","damage_taken":11,"max_hp_gain":0,"max_hp_loss":0,"event_name":"betterThird:BetterGoop","floor":3,"gold_loss":0},{"damage_healed":36,"gold_gain":0,"player_choice":"Upgrade","damage_taken":20,"max_hp_gain":0,"max_hp_loss":66,"event_name":"betterThird:BetterShining","floor":5,"gold_loss":0,"cards_upgraded":["ReplayTheSpireMod:Speed Training","Infinite Blades"]}],"is_beta":false,"boss_relics":[],"items_purged_floors":[4],"is_endless":false,"potions_floor_spawned":[1],"killed_by":"3 Sentries","ascension_level":20}}