{"host":"mawiva5p4keh3hg5","time":1614275912,"event":{"mods":["BaseMod","BetterRewards","Colored Map","Downfall","Hubris","Marisa????????","Minty Spire (QoL Compilation)","READ ME - Guardian Mod","Replay The Spire","StSLib","The Animator","The Cursed","The Disciple","The Necromancer","The Servant 0.9.4"],"gold_per_floor":[99,114,464,479,13,13,13,13,13,51,36,36,21,59,78,203,203,203,222,222,497,497,397,422,422,422,422,422,447,347,397,416,416,416],"floor_reached":33,"language":"DEU","playtime":5351,"items_purged":[],"score":445,"play_id":"71095f30-dc7b-4660-99fd-39228780b095","local_time":"20210225185832","daily_mods":["Specialized","Flight","downfall:WorldOfGoo"],"is_ascension_mode":false,"campfire_choices":[{"data":"Negative_Energy_Mist","floor":1,"key":"SMITH"},{"data":"Summon_Vampire_Lady","floor":6,"key":"SMITH"},{"floor":18,"key":"DIG"},{"floor":23,"key":"RECALL"},{"floor":26,"key":"REST"},{"data":"Negative_Energy_Sphere","floor":30,"key":"SMITH"}],"circlet_count":0,"master_deck":["Strike_W","Strike_W","Strike_W","Defend_W","Defend_W","Defend_W","Defend_W","Negative_Energy_Arrows","Bone_Wall","Negative_Energy_Mist+1","Negative_Energy_Mist","Negative_Energy_Mist","Negative_Energy_Mist","Negative_Energy_Mist","Negative_Energy_Sphere+1","Hallucinations","hubris:Despair","Negative_Energy_Shield","Summon_Vampire_Lady+1","Negative_Energy_Mist+1","Plague_Bolt+1","Bone_Shift+1","Negative_Energy_Shield+1","Summon_Undead_Army","Doubt","Shackles_Of_Pain+1","Cloudkill+1","Normality","Scare+1","Writhe","Regret","Replay:Hysterical Blindness","downfall:Aged","Negative_Energy_Shield+1"],"relics":["Vampire_Amulet","ReplayTheSpireMod:Ring of Addiction","Ring of Greed","SacredBark","hubris:EmptyBottle","Old Coin","Tiny Chest","Toxic Egg 2","OrangePellets","Snack Pack","Golden Idol","Centennial Puzzle","hubris:DeckOfHolding","hubris:GrandSneckoEye","champ:DeflectingBracers","Iron Hammer","hubris:64BitClover","downfall:HeartBlessingBlue","Juzu Bracelet","hubris:GlazedTorus","Sling","Kunai","hubris:Icosahedron","Anchor","downfall:HeartBlessingRed","hubris:TenFootPole"],"acts_visited":["Exordium","TheCity"],"potions_floor_usage":[5,5,10,10,10,11,15,16,16,16,19,19,32,33],"damage_taken":[{"damage":0,"enemies":"2 Louse","floor":2,"turns":5},{"damage":4,"enemies":"Small Slimes","floor":4,"turns":6},{"damage":3,"enemies":"downfall:FleeingMerchant","floor":5,"turns":4},{"damage":10,"enemies":"3 Sentries","floor":10,"turns":12},{"damage":10,"enemies":"downfall:FleeingMerchant","floor":11,"turns":4},{"damage":10,"enemies":"downfall:FleeingMerchant","floor":13,"turns":4},{"damage":25,"enemies":"Lagavulin","floor":14,"turns":13},{"damage":9,"enemies":"Jaw Worm","floor":15,"turns":1},{"damage":31,"enemies":"WA_ARCHETYPE_RETAIN","floor":16,"turns":6},{"damage":4,"enemies":"Chosen","floor":19,"turns":4},{"damage":11,"enemies":"downfall:LooterAlt2","floor":32,"turns":3},{"damage":80,"enemies":"SI_MIRROR_ARCHETYPE","floor":33,"turns":11}],"seed_played":"3523290589944034342","potions_obtained":[{"floor":3,"key":"BlessingOfTheForge"},{"floor":3,"key":"FearPotion"},{"floor":3,"key":"FearPotion"},{"floor":14,"key":"champ:CounterPotion"},{"floor":15,"key":"CultistPotion"},{"floor":16,"key":"CultistPotion"},{"floor":19,"key":"Energy Potion"}],"is_trial":false,"path_per_floor":["R","M","?","M","$","R","T","?","?","E","$","T","$","E","M","B",null,"R_BF","M","?","?","T","R","T","$","R","?","?","T","R","T","M","B"],"character_chosen":"NECROMANCER","items_purchased":["Toxic Egg 2","OrangePellets","Negative_Energy_Mist+1","hubris:GlazedTorus","Sling","Kunai"],"campfire_rested":1,"item_purchase_floors":[5,5,5,25,25,25],"current_hp_per_floor":[75,75,75,74,71,71,71,69,67,67,63,63,62,67,58,41,65,65,65,65,65,65,73,73,27,48,48,48,48,48,48,41,0,0],"gold":416,"neow_bonus":"","is_daily":true,"chose_seed":false,"campfire_upgraded":3,"win_rate":0.0,"timestamp":1614275912,"path_taken":["R","M","?","M","$","R","T","?","?","E","?","?","?","E","M","BOSS","R_BF","M","?","?","?","R","T","?","R","?","?","?","R","?","M","BOSS"],"items_purchased_type":["Relic","Relic","Card","Relic","Relic","Relic"],"build_version":"2020-12-22","purchased_purges":0,"victory":false,"max_hp_per_floor":[75,75,75,75,75,75,75,69,67,67,67,67,67,67,65,65,65,65,65,65,65,65,73,73,73,71,71,71,69,69,69,67,67,67],"card_choices":[{"not_picked":["Bone_Shift","Consume_Illness"],"picked":"Negative_Energy_Sphere","floor":2},{"not_picked":["Bone_Bullets","Negative_Energy_Sphere"],"picked":"Negative_Energy_Shield","floor":4},{"not_picked":["Negative_Energy_Javelin","Spectral_Walk"],"picked":"Summon_Vampire_Lady","floor":5},{"not_picked":["Life_Drain","Negative_Energy_Javelin"],"picked":"Bone_Shift+1","floor":10},{"not_picked":["Bone_Bullets","Death_March_Dance"],"picked":"Negative_Energy_Shield+1","floor":11},{"not_picked":["Blood_Wake","Scare+1","Summon_Undead_Army"],"picked":"SKIP","floor":13},{"not_picked":["Bone_Bullets","Negative_Energy_Mist+1"],"picked":"Summon_Undead_Army","floor":14},{"not_picked":["Blood_Curse","Death_Coil"],"picked":"Shackles_Of_Pain+1","floor":15},{"not_picked":["Summon_Death_Knight","Skeleton_Dragon"],"picked":"Cloudkill+1","floor":16},{"not_picked":["Shackles_Of_Pain+1","Finger_Of_Death"],"picked":"Scare+1","floor":19},{"not_picked":["Chill_Blood+1","Blood_Curse"],"picked":"Negative_Energy_Shield+1","floor":32}],"player_experience":416507,"relics_obtained":[{"floor":3,"key":"ReplayTheSpireMod:Ring of Addiction"},{"floor":3,"key":"Ring of Greed"},{"floor":3,"key":"SacredBark"},{"floor":3,"key":"hubris:EmptyBottle"},{"floor":3,"key":"Old Coin"},{"floor":3,"key":"Tiny Chest"},{"floor":7,"key":"Snack Pack"},{"floor":10,"key":"Centennial Puzzle"},{"floor":14,"key":"hubris:DeckOfHolding"},{"floor":18,"key":"champ:DeflectingBracers"},{"floor":22,"key":"hubris:64BitClover"},{"floor":24,"key":"Juzu Bracelet"},{"floor":29,"key":"Anchor"},{"floor":31,"key":"hubris:TenFootPole"}],"event_choices":[{"damage_healed":0,"gold_gain":0,"player_choice":"Lose Max HP","damage_taken":0,"relics_obtained":["Golden Idol"],"max_hp_gain":0,"max_hp_loss":6,"event_name":"Golden Idol","floor":8,"gold_loss":0}],"is_beta":false,"boss_relics":[{"not_picked":["Painkiller Herb","Empty Cage"],"picked":"hubris:GrandSneckoEye"}],"items_purged_floors":[],"is_endless":false,"potions_floor_spawned":[14,15,16,19],"killed_by":"SI_MIRROR_ARCHETYPE","ascension_level":0}}