{"host":"5tnftuc8o0gay6lt","time":1614241788,"event":{"mods":["BaseMod","BetterRewards","Conspire","Marisa£®ÏF”Í°°ƒß¿Ì…≥£©","Minty Spire (QoL Compilation)","Permanent Neow","Relic Filter Mod","Spicy Shops","StSLib","Td1madao Mod","The Servant 0.9.4","°æ“≈ŒÔø®≈∆°øREMEMod"],"gold_per_floor":[110,110,110,60,60,60,94,106,106,106,121,121,21,33,33,132,132,147,22,42,42,42,42,75,75,75,92,111,142,142,174,174,174,174],"floor_reached":33,"language":"ZHS","playtime":1627,"items_purged":["Strike_C","Strike_C","Defend_C"],"score":526,"play_id":"babc5db5-5e54-4d3b-abe3-77e09d34eaf3","local_time":"20210225162948","is_ascension_mode":true,"campfire_choices":[{"data":"REME_HeartOfCthun","floor":6.0,"key":"SMITH"},{"data":"Here Defend Chip","floor":10.0,"key":"SMITH"},{"data":"Here Defend Chip+1","floor":12.0,"key":"SMITH"},{"data":"Here Defend Chip+2","floor":15.0,"key":"SMITH"},{"data":"Here Defend Chip+3","floor":23,"key":"SMITH"},{"data":"Here Defend Chip+4","floor":25,"key":"SMITH"},{"data":"Here Defend Chip+5","floor":32,"key":"SMITH"}],"circlet_count":0,"master_deck":["Strike_C+1","Knight Kick","Chip","Here Defend Chip+6","REME_HeartOfCthun+1","Preloading","Sudden Beat","Judgment+1","Moon Tear","Format All Data","Bugfix+1","Rupture","Backup","Format All Data"],"relics":["Apod","REME_ComplimentaryCards","Cola","Turnip","Whetstone","StoneCalendar","Foreshadowing","Matryoshka","Bottled Flame","Bottled Tornado","Bronze Scales","Boot","Sundial","Darkstone Periapt"],"acts_visited":["Exordium","TheCity"],"potions_floor_usage":[],"damage_taken":[{"damage":3.0,"enemies":"Small Slimes","floor":1.0,"turns":2.0},{"damage":0.0,"enemies":"3 Sentries","floor":7.0,"turns":4.0},{"damage":0.0,"enemies":"2 Louse","floor":8.0,"turns":1.0},{"damage":2.0,"enemies":"conspire:RoseBush","floor":11.0,"turns":2.0},{"damage":0.0,"enemies":"2 Fungi Beasts","floor":14.0,"turns":2.0},{"damage":2.0,"enemies":"Slime Boss","floor":16.0,"turns":7.0},{"damage":0.0,"enemies":"Spheric Guardian","floor":18.0,"turns":2.0},{"damage":3,"enemies":"Shell Parasite","floor":20,"turns":6},{"damage":0,"enemies":"Gremlin Leader","floor":24,"turns":4},{"damage":2,"enemies":"3 Cultists","floor":27,"turns":4},{"damage":0,"enemies":"Snake Plant","floor":28,"turns":1},{"damage":0,"enemies":"conspire:Head Lice","floor":29,"turns":5},{"damage":0,"enemies":"Gremlin Leader","floor":31,"turns":4},{"damage":83,"enemies":"Champ","floor":33,"turns":14}],"seed_played":"5280155416620388275","potions_obtained":[{"floor":8.0,"key":"Fire Potion"},{"floor":11.0,"key":"SpeedPotion"},{"floor":20,"key":"SmokeBomb"}],"is_trial":false,"path_per_floor":["M","?","?","?","?","R","E","M","T","R","M","R","$","M","R","B",null,"M","$","M","?","?","R","E","R","T","M","M","E","T","E","R","B"],"character_chosen":"TD1MADAO_CLASS","items_purchased":["Here Defend Chip","Turnip"],"campfire_rested":0,"item_purchase_floors":[0,0],"current_hp_per_floor":[51,51,56,56,56,56,56,56,56,56,54,54,54,54,54,52,75,75,75,72,72,72,72,72,72,72,70,70,70,70,70,70,0,0],"gold":174,"neow_bonus":"","is_daily":false,"chose_seed":false,"campfire_upgraded":7,"win_rate":0.0,"timestamp":1614241788,"path_taken":["M","?","?","?","?","R","E","M","T","R","?","R","$","M","R","BOSS","M","$","?","?","?","R","E","R","T","M","?","E","?","E","R","BOSS"],"items_purchased_type":["Card","Relic"],"build_version":"2020-12-22","purchased_purges":3,"victory":false,"max_hp_per_floor":[70,70,75,75,75,75,75,75,75,75,75,75,75,75,75,75,75,75,75,75,75,75,75,75,75,75,75,75,75,75,75,75,75,75],"card_choices":[{"not_picked":["White Contract","Provocative"],"picked":"Preloading","floor":1.0},{"not_picked":["De Ware Chip","Three Hit"],"picked":"Judgment","floor":7.0},{"not_picked":["Revenge","Twin Teeth"],"picked":"Moon Tear","floor":8.0},{"not_picked":["Black Execution","Fire Blade","Defend System"],"picked":"SKIP","floor":11.0},{"not_picked":["Winding Magic","Black Shadow","Ruin Defend"],"picked":"SKIP","floor":14.0},{"not_picked":["Pod Laser","Moon Tear"],"picked":"Format All Data","floor":16.0},{"not_picked":["Black Shadow+1","Black Spear","White Contract"],"picked":"SKIP","floor":18.0},{"not_picked":["Lunge","Light Attack+1"],"picked":"Bugfix+1","floor":20},{"not_picked":["Lore","Black Execution","Break Into"],"picked":"SKIP","floor":24},{"not_picked":["Backup","Cursed Blade","Resistance"],"picked":"SKIP","floor":27},{"not_picked":["Trader","Fire Blade","Light Attack"],"picked":"SKIP","floor":28},{"not_picked":["Black Spear","Sudden Beat","Fire Blade"],"picked":"SKIP","floor":29},{"not_picked":["Here Defend Chip","Sub Weapons","Ruin Defend+1"],"picked":"SKIP","floor":31}],"player_experience":612363,"relics_obtained":[{"floor":7.0,"key":"Whetstone"},{"floor":9.0,"key":"StoneCalendar"},{"floor":24,"key":"Matryoshka"},{"floor":26,"key":"Bottled Flame"},{"floor":26,"key":"Bottled Tornado"},{"floor":29,"key":"Bronze Scales"},{"floor":30,"key":"Boot"},{"floor":30,"key":"Sundial"},{"floor":31,"key":"Darkstone Periapt"}],"event_choices":[{"damage_healed":0.0,"max_hp_gain":0.0,"max_hp_loss":0.0,"gold_gain":0.0,"cards_transformed":["Strike_C"],"event_name":"Living Wall","player_choice":"Change","floor":2.0,"gold_loss":0.0,"damage_taken":0.0,"cards_obtained":["Sudden Beat"]},{"damage_healed":0.0,"max_hp_gain":5.0,"max_hp_loss":0.0,"gold_gain":0.0,"event_name":"Big Fish","player_choice":"Donut","floor":3.0,"gold_loss":0.0,"damage_taken":0.0},{"cards_removed":["Defend_C"],"damage_healed":0.0,"max_hp_gain":0.0,"max_hp_loss":0.0,"gold_gain":0.0,"event_name":"The Cleric","player_choice":"Card Removal","floor":4.0,"gold_loss":50.0,"damage_taken":0.0},{"damage_healed":0.0,"max_hp_gain":0.0,"max_hp_loss":0.0,"gold_gain":0.0,"event_name":"Liars Game","player_choice":"Ignored","floor":5.0,"gold_loss":0.0,"damage_taken":0.0},{"damage_healed":0,"gold_gain":0,"cards_transformed":["Defend_C","Defend_C"],"player_choice":"Became Test Subject","damage_taken":0,"max_hp_gain":0,"max_hp_loss":0,"event_name":"Drug Dealer","floor":21,"gold_loss":0,"cards_obtained":["Rupture","Backup"]},{"damage_healed":0,"gold_gain":0,"player_choice":"1 cards matched","damage_taken":0,"max_hp_gain":0,"max_hp_loss":0,"event_name":"Match and Keep!","floor":22,"gold_loss":0,"cards_obtained":["Format All Data"]}],"is_beta":false,"boss_relics":[{"not_picked":["Sozu","REME_LowDesire"],"picked":"Foreshadowing"}],"items_purged_floors":[0,13,19],"is_endless":false,"potions_floor_spawned":[8,11,14,20,28],"killed_by":"Champ","ascension_level":1}}