{"host":"Vert","time":1614264146,"event":{"mods":["AlwaysNeverKeys","BaseMod","Better Note","Better Third Choice","Colored Powertips","Downfall","Hermit","Marisa????????","Minty Spire (QoL Compilation)","StSLib","Td1madao Mod","The Cursed","The Disciple","The Gatherer","The Marked","The Servant 0.9.4","Together in Spire","Transform Curses","everything is the same but u backflip on backflip"],"gold_per_floor":[114,114,130,130,52,52,86,86,86,86,11,38,71,87,87,87,87],"floor_reached":16,"language":"ENG","playtime":584,"items_purged":["Strike_P"],"score":117,"play_id":"4db425d6-fa6a-42ea-abbb-d9f118a6760b","local_time":"20210225174226","is_ascension_mode":true,"campfire_choices":[{"floor":6,"key":"RECALL"},{"data":"PathToVictory","floor":8,"key":"SMITH"},{"data":"Wireheading","floor":10,"key":"SMITH"},{"floor":15,"key":"REST"}],"circlet_count":0,"master_deck":["Strike_P","Strike_P","Strike_P","Defend_P","Defend_P","Defend_P","Defend_P","Eruption","Vigilance","PathToVictory+1","Burn","Wireheading+1","ThirdEye","SignatureMove","JustLucky"],"relics":["PureWater","Boot","Bag of Marbles","Nunchaku"],"acts_visited":["Exordium"],"potions_floor_usage":[14],"damage_taken":[{"damage":1,"enemies":"Small Slimes","floor":1,"turns":3},{"damage":1,"enemies":"2 Louse","floor":3,"turns":4},{"damage":20,"enemies":"Lagavulin","floor":7,"turns":6},{"damage":43,"enemies":"3 Sentries","floor":13,"turns":9},{"damage":0,"enemies":"Jaw Worm","floor":14,"turns":3},{"damage":46,"enemies":"The Guardian","floor":16,"turns":9}],"seed_played":"-5021310638414238206","potions_obtained":[{"floor":1,"key":"SteroidPotion"},{"floor":14,"key":"StancePotion"}],"is_trial":false,"path_per_floor":["M","?","M","?","$","R","E","R","T","R","$","T","E","M","R","B"],"character_chosen":"WATCHER","items_purchased":["Wireheading"],"campfire_rested":1,"item_purchase_floors":[5],"current_hp_per_floor":[78,83,82,82,82,82,62,62,62,62,62,62,19,19,44,0,0],"gold":87,"neow_bonus":"TEN_PERCENT_HP_BONUS","is_daily":false,"chose_seed":false,"campfire_upgraded":2,"win_rate":0.0,"timestamp":1614264146,"path_taken":["M","?","M","?","$","R","E","R","T","R","?","?","E","M","R","BOSS"],"items_purchased_type":["Card"],"build_version":"2020-12-18","purchased_purges":1,"victory":false,"max_hp_per_floor":[79,84,84,84,84,84,84,84,84,84,84,84,84,84,84,84,84],"card_choices":[{"not_picked":["Sanctity","ClearTheMind"],"picked":"PathToVictory","floor":1},{"not_picked":["Worship","EmptyFist","Crescendo"],"picked":"SKIP","floor":3},{"not_picked":["BattleHymn","BowlingBash"],"picked":"ThirdEye","floor":7},{"not_picked":["CrushJoints","EmptyBody"],"picked":"SignatureMove","floor":13},{"not_picked":["FlyingSleeves","Vault"],"picked":"JustLucky","floor":14}],"player_experience":551304,"relics_obtained":[{"floor":7,"key":"Boot"},{"floor":12,"key":"Bag of Marbles"},{"floor":13,"key":"Nunchaku"}],"event_choices":[{"damage_healed":0,"gold_gain":0,"player_choice":"Donut","damage_taken":0,"max_hp_gain":5,"max_hp_loss":0,"event_name":"Big Fish","floor":2,"gold_loss":0},{"damage_healed":82,"gold_gain":0,"player_choice":"Embrace Burn","damage_taken":0,"max_hp_gain":0,"max_hp_loss":84,"event_name":"betterThird:BetterShining","floor":4,"gold_loss":0}],"is_beta":true,"boss_relics":[],"items_purged_floors":[11],"is_endless":false,"potions_floor_spawned":[1,14],"killed_by":"The Guardian","ascension_level":2}}