{"host":"79cxsmzz7r2v6ls6","time":1614232873,"event":{"mods":["Act Like it!","BaseMod","BetterRewards","Colored Powertips","Downfall","Hermit","Highlight Path","Jorbs\u0027s Wanderer Trilogy","Lobotomy","LobotomyExtend","MarisaÅiñ∂âJÅ@ñÇóùçπÅj","Minty Spire (QoL Compilation)","Shop Mod","StSLib","The Cursed","The Hierophant","The IronCluck","The Mystic","The Necromancer","everything is the same but u backflip on backflip","slay the spire mod where everything is the same but ironclad has a cowboy hat"],"gold_per_floor":[117,117,133,83,83,83,114,125,125,183,183,210,210,236,236,334,334,144,144,69,69,69,69,96,96,96,96,346,376,376,395,395,498,498,508,163,463,51,65,99,99,117,117,117,117],"floor_reached":44,"language":"ENG","playtime":1904,"items_purged":["Strike_R","downfall:Bewildered"],"score":763,"play_id":"edc7ed49-3987-42d7-8d15-379a62dc7ed4","local_time":"20210225170113","is_ascension_mode":true,"campfire_choices":[{"data":"Bash","floor":6,"key":"SMITH"},{"floor":11,"key":"REST"},{"data":"True Grit","floor":15,"key":"SMITH"},{"data":"Mayhem","floor":23,"key":"SMITH"},{"data":"Demon Form","floor":25,"key":"SMITH"},{"data":"True Grit","floor":27,"key":"SMITH"},{"floor":32,"key":"RECALL"},{"data":"Rampage","floor":41,"key":"SMITH"}],"circlet_count":0,"master_deck":["Strike_R","Strike_R","Strike_R","Defend_R+1","Defend_R","Defend_R","Defend_R","Bash+1","Clothesline+1","Headbutt+1","Metallicize","Rampage+1","Pommel Strike","True Grit+1","True Grit+1","Demon Form+1","Shrug It Off","Mayhem+1","Necronomicurse","Metallicize","Thunderclap+1","Sword Boomerang+1","Warcry+1"],"relics":["Burning Blood","RabbitCall","LetterFromLob","InkBottle","White Beast Statue","Gremlin Horn","Pantograph","Peace Pipe","SlaversCollar","MagicBullet_r","Torii","Necronomicon","MutagenicStrength","Boot","Bottled Tornado","Charon\u0027s Ashes","sneckomod:BabySnecko","Coffee Dripper","Singing Bowl","Bottled Flame","Medical Kit","Girya"],"acts_visited":["Exordium","TheCity","TheBeyond"],"potions_floor_usage":[10,12,14,16,29,33,35,40,42,44],"damage_taken":[{"damage":19,"enemies":"Small Slimes","floor":1,"turns":4},{"damage":4,"enemies":"Jaw Worm","floor":3,"turns":4},{"damage":26,"enemies":"Gremlin Nob","floor":7,"turns":5},{"damage":1,"enemies":"2 Louse","floor":8,"turns":2},{"damage":19,"enemies":"Lagavulin Event","floor":10,"turns":5},{"damage":4,"enemies":"3 Sentries","floor":12,"turns":7},{"damage":9,"enemies":"Lagavulin","floor":14,"turns":6},{"damage":12,"enemies":"Slime Boss","floor":16,"turns":7},{"damage":14,"enemies":"Slavers","floor":24,"turns":4},{"damage":1,"enemies":"Chosen","floor":28,"turns":3},{"damage":9,"enemies":"Gremlin Leader","floor":29,"turns":5},{"damage":1,"enemies":"2 Thieves","floor":31,"turns":3},{"damage":8,"enemies":"Automaton","floor":33,"turns":6},{"damage":8,"enemies":"3 Darklings","floor":35,"turns":4},{"damage":44,"enemies":"3 Shapes","floor":39,"turns":3},{"damage":15,"enemies":"Nemesis","floor":40,"turns":3},{"damage":16,"enemies":"3 Darklings","floor":42,"turns":3},{"damage":38,"enemies":"Reptomancer","floor":44,"turns":3}],"seed_played":"5633340434435100697","potions_obtained":[{"floor":7,"key":"SteroidPotion"},{"floor":10,"key":"HeartOfIron"},{"floor":12,"key":"Guardian:BlockOnCardUsePotion"},{"floor":14,"key":"LiquidMemories"},{"floor":16,"key":"DuplicationPotion"},{"floor":24,"key":"DuplicationPotion"},{"floor":28,"key":"champ:CounterPotion"},{"floor":29,"key":"LiquidBronze"},{"floor":31,"key":"Slimebound:ThreeZeroPotion"},{"floor":33,"key":"BlessingOfTheForge"},{"floor":35,"key":"sneckomod:MuddlingPotion"},{"floor":39,"key":"SteroidPotion"},{"floor":40,"key":"FearPotion"},{"floor":42,"key":"sneckomod:MuddlingPotion"}],"is_trial":false,"path_per_floor":["M","?","M","?","?","R","E","M","T","?","R","E","?","E","R","B",null,"M","?","$","?","?","R","E","R","T","R","M","E","?","M","R","B",null,"M","$","?","$","M","E","R","M","T","E"],"character_chosen":"IRONCLAD","items_purchased":["Torii","Shrug It Off","Mayhem","Singing Bowl","Bottled Flame","Medical Kit"],"campfire_rested":1,"item_purchase_floors":[18,18,18,36,38,38],"current_hp_per_floor":[67,67,69,69,53,53,33,38,38,25,49,51,56,53,53,72,85,61,45,45,45,45,45,37,37,37,37,42,39,39,44,44,67,85,83,83,83,83,47,38,38,30,30,0,0],"gold":117,"neow_bonus":"","is_daily":false,"chose_seed":false,"campfire_upgraded":6,"win_rate":0.0,"timestamp":1614232873,"path_taken":["M","?","M","?","?","R","E","M","T","?","R","E","?","E","R","BOSS","M","?","$","?","?","R","E","R","T","R","?","E","?","M","R","BOSS","M","$","?","?","?","E","R","M","T","E"],"items_purchased_type":["Relic","Card","Card","Relic","Relic","Relic"],"build_version":"2020-12-22","purchased_purges":2,"victory":false,"max_hp_per_floor":[80,80,80,80,80,80,80,80,80,80,80,80,85,85,85,85,85,85,85,85,85,85,85,85,85,85,85,85,85,85,85,85,85,85,85,85,85,85,87,87,87,89,89,89,89],"card_choices":[{"not_picked":["Clash","Fire Breathing"],"picked":"Clothesline","floor":1},{"not_picked":["Havoc","Body Slam"],"picked":"Headbutt","floor":3},{"not_picked":["Iron Wave","Cleave"],"picked":"Metallicize","floor":7},{"not_picked":["Cleave","Reckless Charge"],"picked":"Rampage","floor":8},{"not_picked":["Fiend Fire","Combust"],"picked":"Pommel Strike","floor":10},{"not_picked":["Iron Wave","Clash"],"picked":"True Grit","floor":12},{"not_picked":["Whirlwind","Sword Boomerang"],"picked":"True Grit","floor":14},{"not_picked":["Immolate","Double Tap"],"picked":"Demon Form","floor":16},{"not_picked":["Infernal Blade","Sentinel+1"],"picked":"Thunderclap+1","floor":24},{"not_picked":["Shrug It Off","Warcry"],"picked":"Sword Boomerang+1","floor":28},{"not_picked":["Rampage","Exhume","Carnage"],"picked":"SKIP","floor":29},{"not_picked":["Havoc+1","Wild Strike","True Grit"],"picked":"SKIP","floor":31},{"not_picked":["Flex+1","Body Slam+1","Cleave+1"],"picked":"SKIP","floor":35},{"not_picked":["Evolve+1","Heavy Blade","Iron Wave"],"picked":"Singing Bowl","floor":39},{"not_picked":["Dark Embrace","Heavy Blade"],"picked":"Warcry+1","floor":40},{"not_picked":["Seeing Red","Sword Boomerang+1","Twin Strike"],"picked":"Singing Bowl","floor":42}],"player_experience":154342,"relics_obtained":[{"floor":1,"key":"LetterFromLob"},{"floor":7,"key":"InkBottle"},{"floor":9,"key":"White Beast Statue"},{"floor":10,"key":"Gremlin Horn"},{"floor":12,"key":"Pantograph"},{"floor":14,"key":"Peace Pipe"},{"floor":19,"key":"Necronomicon"},{"floor":24,"key":"Boot"},{"floor":26,"key":"Bottled Tornado"},{"floor":29,"key":"Charon\u0027s Ashes"},{"floor":40,"key":"Girya"}],"event_choices":[{"damage_healed":0,"gold_gain":0,"player_choice":"Grow","damage_taken":0,"max_hp_gain":0,"max_hp_loss":0,"event_name":"Living Wall","floor":2,"gold_loss":0,"cards_upgraded":["Clothesline"]},{"cards_removed":["Strike_R"],"damage_healed":0,"gold_gain":0,"player_choice":"Card Removal","damage_taken":0,"max_hp_gain":0,"max_hp_loss":0,"event_name":"The Cleric","floor":4,"gold_loss":50},{"damage_healed":0,"gold_gain":0,"player_choice":"Entered Light","damage_taken":16,"max_hp_gain":0,"max_hp_loss":0,"event_name":"Shining Light","floor":5,"gold_loss":0,"cards_upgraded":["Defend_R","Headbutt"]},{"damage_healed":0,"gold_gain":0,"player_choice":"Searched \u00271\u0027 times","damage_taken":0,"max_hp_gain":0,"max_hp_loss":0,"event_name":"Dead Adventurer","floor":10,"gold_loss":0},{"damage_healed":0,"gold_gain":0,"player_choice":"Donut","damage_taken":0,"max_hp_gain":5,"max_hp_loss":0,"event_name":"Big Fish","floor":13,"gold_loss":0},{"damage_healed":0,"gold_gain":0,"player_choice":"Obtained Book","damage_taken":16,"max_hp_gain":0,"max_hp_loss":0,"event_name":"Cursed Tome","floor":19,"gold_loss":0},{"damage_healed":0,"gold_gain":0,"player_choice":"Read","damage_taken":0,"max_hp_gain":0,"max_hp_loss":0,"event_name":"The Library","floor":21,"gold_loss":0,"cards_obtained":["Metallicize"]},{"damage_healed":0,"gold_gain":0,"player_choice":"Inject Mutagens","damage_taken":0,"relics_obtained":["MutagenicStrength"],"max_hp_gain":0,"max_hp_loss":0,"event_name":"Drug Dealer","floor":22,"gold_loss":0},{"damage_healed":0,"gold_gain":300,"player_choice":"Gold","damage_taken":0,"max_hp_gain":0,"max_hp_loss":0,"event_name":"Wheel of Change","floor":37,"gold_loss":0}],"is_beta":false,"boss_relics":[{"not_picked":["Ectoplasm","Black Blood"],"picked":"SlaversCollar"},{"not_picked":["Pandora\u0027s Box","Calling Bell"],"picked":"Coffee Dripper"}],"items_purged_floors":[20,36],"is_endless":false,"potions_floor_spawned":[7,10,12,14,16,24,28,29,31,33,35,39,40,42],"killed_by":"Reptomancer","ascension_level":4}}