{"host":"684z1xpuwaoqmmh1","time":1614274315,"event":{"mods":["BaseMod","CatGirl Mod","Downfall","Hermit","Jorbs\u0027s Wanderer Trilogy","Marisa????????","Minty Spire (QoL Compilation)","Robot Space Explorer","Shade Mod","Shapeshifter Mod","StSLib","The Bug Knight","The Clintock","The Dragon Tamer","The Elementalist","The Hayseed","The Hierophant","The Marked","The Mystic","The Poker Player","The Runesmith","The Sage","The Saiyan","The Showman","The Spell Scribe","The Valiant","The Vixen","TheBandit","TheFirefly","TheVacant"],"gold_per_floor":[218,218,237,253,253,288,288,323,375,375,400,400,433,22,22,127,127,140,140,154,72,107,140,140,175,202,213,213,213,213,239,239,343,343,354,399,409,409,420,446,465,465,465,475,510,121,151,373,373,373,373,373,1,36,36],"floor_reached":56,"language":"ENG","playtime":4837,"items_purged":["theCatGirl:Strike","theCatGirl:Strike"],"score":1609,"play_id":"81067957-bb15-40b9-b0d2-db1eca07e28f","local_time":"20210225193155","is_ascension_mode":true,"campfire_choices":[{"data":"theCatGirl:Parry","floor":7,"key":"SMITH"},{"data":"theCatGirl:BleedingWounds","floor":15,"key":"SMITH"},{"data":"theCatGirl:HungerClaw","floor":24,"key":"SMITH"},{"data":"theCatGirl:HungerClaw","floor":28,"key":"SMITH"},{"data":"theCatGirl:SearchBackpack","floor":32,"key":"SMITH"},{"floor":42,"key":"RECALL"},{"floor":49,"key":"REST"},{"data":"theCatGirl:Strike","floor":52,"key":"PURGE"}],"circlet_count":0,"master_deck":["theCatGirl:Strike","theCatGirl:Defend","theCatGirl:Defend+1","theCatGirl:Defend","theCatGirl:Defend","theCatGirl:ClawStrike","theCatGirl:Evasion+1","theCatGirl:ExtremeSpeed+1","theCatGirl:Parry+1","theCatGirl:SearchBackpack+1","theCatGirl:BleedingWounds+1","theCatGirl:Claws+1","theCatGirl:Misfire","theCatGirl:SevenLives+1","theCatGirl:HungerClaw+1","theCatGirl:HungerClaw+1","theCatGirl:ScratchFlurry+1","theCatGirl:AdventurersInsight","theCatGirl:BloodScent","theCatGirl:KeepAlert+1","theCatGirl:AccidentalHeadbutt+1","theCatGirl:FumblingBlow+1","theCatGirl:AccidentalHeadbutt+1","theCatGirl:RageClaws+1"],"relics":["theCatGirl:TrainedRelic","Huge Egg","theCatGirl:DriedFish","Lizard Tail","Happy Flower","HollowMod:LifeEnderRelic","hexamod:Sixitude","sagemod:Falmels_Amulet","Red Mask","Peace Pipe","Gremlin Horn","Centennial Puzzle","Juzu Bracelet","Fusion Hammer","Mango","Runesmith:Locket","Blood Vial","Molten Egg 2","Lantern","Nunchaku","Art of War","Medical Kit","Toy Ornithopter","Runesmith:AutoHammer"],"acts_visited":["Exordium","TheCity","TheBeyond","TheEnding"],"potions_floor_usage":[11,13,13,22,23,37,45,47,55,55,55],"damage_taken":[{"damage":5,"enemies":"2 Louse","floor":1,"turns":3},{"damage":0,"enemies":"Small Slimes","floor":3,"turns":4},{"damage":0,"enemies":"Jaw Worm","floor":4,"turns":3},{"damage":11,"enemies":"HollowMod:MossKnight","floor":6,"turns":22},{"damage":10,"enemies":"3 Sentries","floor":8,"turns":11},{"damage":1,"enemies":"HollowMod:MossKnight","floor":11,"turns":7},{"damage":0,"enemies":"Gremlin Nob","floor":13,"turns":4},{"damage":7,"enemies":"The Guardian","floor":16,"turns":10},{"damage":0,"enemies":"Chosen","floor":18,"turns":4},{"damage":0,"enemies":"Snake Plant","floor":20,"turns":4},{"damage":0,"enemies":"Masked Bandits","floor":22,"turns":3},{"damage":25,"enemies":"Slavers","floor":23,"turns":8},{"damage":0,"enemies":"HollowMod:Nosk","floor":25,"turns":7},{"damage":4,"enemies":"Sentry and Sphere","floor":27,"turns":5},{"damage":37,"enemies":"Slavers","floor":31,"turns":6},{"damage":3,"enemies":"Automaton","floor":33,"turns":9},{"damage":7,"enemies":"3 Shapes","floor":35,"turns":4},{"damage":133,"enemies":"2 Orb Walkers","floor":36,"turns":7},{"damage":0,"enemies":"Orb Walker","floor":37,"turns":2},{"damage":0,"enemies":"Spire Growth","floor":39,"turns":4},{"damage":0,"enemies":"Nemesis","floor":40,"turns":7},{"damage":1,"enemies":"Sphere and 2 Shapes","floor":41,"turns":3},{"damage":31,"enemies":"Transient","floor":44,"turns":5},{"damage":0,"enemies":"Reptomancer","floor":45,"turns":5},{"damage":0,"enemies":"Giant Head","floor":47,"turns":8},{"damage":0,"enemies":"Awakened One","floor":50,"turns":12},{"damage":5,"enemies":"Shield and Spear","floor":54,"turns":9},{"damage":19,"enemies":"The Heart","floor":55,"turns":9}],"seed_played":"203108079510540931","potions_obtained":[{"floor":4,"key":"Block Potion"},{"floor":8,"key":"Strength Potion"},{"floor":11,"key":"Energy Potion"},{"floor":16,"key":"Dexterity Potion"},{"floor":18,"key":"Fire Potion"},{"floor":22,"key":"Ancient Potion"},{"floor":33,"key":"SteroidPotion"},{"floor":40,"key":"CultistPotion"},{"floor":44,"key":"EssenceOfSteel"},{"floor":45,"key":"Fire Potion"},{"floor":47,"key":"GamblersBrew"}],"is_trial":false,"path_per_floor":["M","?","M","M","?","E","R","E","T","?","E","?","E","$","R","B",null,"M","?","M","$","?","E","R","E","T","M","R","?","?","E","R","B",null,"M","?","M","?","M","E","M","R","T","M","E","$","E","?","R","B",null,"R","$","E","B",null],"character_chosen":"THE_CATGIRL","items_purchased":["hexamod:Sixitude","theCatGirl:Misfire","theCatGirl:HungerClaw","Nunchaku","theCatGirl:AccidentalHeadbutt","Medical Kit","Toy Ornithopter","Block Potion"],"campfire_rested":1,"item_purchase_floors":[14,14,21,46,46,53,53,53],"current_hp_per_floor":[65,65,65,65,65,54,54,44,44,32,33,19,21,21,21,20,70,70,70,70,70,70,52,52,60,60,62,62,62,62,37,37,44,93,92,39,45,45,47,51,54,54,54,29,35,35,45,45,83,101,131,131,131,134,125],"gold":36,"neow_bonus":"HUNDRED_GOLD","is_daily":false,"chose_seed":false,"campfire_upgraded":5,"win_rate":0.0,"timestamp":1614274315,"path_taken":["M","?","M","M","?","E","R","E","T","?","E","?","E","$","R","BOSS","M","?","?","?","?","E","R","E","T","M","R","?","?","E","R","BOSS","M","?","M","?","M","E","M","R","T","M","E","$","E","?","R","BOSS","R","$","E","BOSS"],"items_purchased_type":["Relic","Card","Card","Relic","Card","Relic","Relic","Potion"],"build_version":"2020-12-22","purchased_purges":2,"victory":true,"max_hp_per_floor":[70,70,70,70,70,70,70,70,70,70,70,70,70,70,70,70,70,70,70,70,70,70,73,73,77,77,81,81,81,81,89,89,93,93,97,119,123,123,123,123,123,123,123,123,123,123,127,127,127,131,131,131,131,135,135],"card_choices":[{"not_picked":["theCatGirl:RageClaws","theCatGirl:BloodBath"],"picked":"theCatGirl:ExtremeSpeed","floor":1},{"not_picked":["theCatGirl:EmergencyParry","theCatGirl:Slip"],"picked":"theCatGirl:Parry","floor":3},{"not_picked":["theCatGirl:GoddessOfMisfortune","theCatGirl:DefensiveStance","theCatGirl:Growl"],"picked":"SKIP","floor":4},{"not_picked":["theCatGirl:KeepAlert","theCatGirl:SmellFear"],"picked":"theCatGirl:SearchBackpack","floor":6},{"not_picked":["theCatGirl:BloodBath","theCatGirl:GoddessOfMisfortune"],"picked":"theCatGirl:BleedingWounds","floor":8},{"not_picked":["theCatGirl:EmergencyParry","theCatGirl:Prepared","theCatGirl:FinishingMove"],"picked":"SKIP","floor":11},{"not_picked":["theCatGirl:EmergencyParry","theCatGirl:SearchBackpack"],"picked":"theCatGirl:Claws","floor":13},{"not_picked":["theCatGirl:Insane","theCatGirl:Enrage"],"picked":"theCatGirl:SevenLives","floor":16},{"not_picked":["theCatGirl:ComboAttack","theCatGirl:SearchBackpack","theCatGirl:Growl+1"],"picked":"SKIP","floor":18},{"not_picked":["theCatGirl:EmergencyParry","theCatGirl:Meow","theCatGirl:TripLunge"],"picked":"SKIP","floor":20},{"not_picked":["theCatGirl:ElegantStrike","theCatGirl:LuckyBlow"],"picked":"theCatGirl:HungerClaw","floor":23},{"not_picked":["theCatGirl:TwoStep+1","theCatGirl:AccidentalSlap+1"],"picked":"theCatGirl:ScratchFlurry+1","floor":25},{"not_picked":["theCatGirl:FinishingMove","theCatGirl:LuckyBlow","theCatGirl:FocusedStrike+1"],"picked":"SKIP","floor":27},{"not_picked":["theCatGirl:FocusedStrike+1","theCatGirl:GoddessOfMisfortune+1","theCatGirl:UnrelentingAssault+1"],"picked":"SKIP","floor":31},{"not_picked":["theCatGirl:Beastification","theCatGirl:Enrage"],"picked":"theCatGirl:AdventurersInsight","floor":33},{"not_picked":["theCatGirl:SpinningStrike+1","theCatGirl:TrainWreck+1"],"picked":"theCatGirl:BloodScent","floor":35},{"not_picked":["theCatGirl:ChangeOfPlans+1","theCatGirl:RunningWithDaggers"],"picked":"theCatGirl:KeepAlert+1","floor":36},{"not_picked":["theCatGirl:Growl","theCatGirl:SearchBackpack","theCatGirl:Parry"],"picked":"SKIP","floor":37},{"not_picked":["theCatGirl:SmellFear+1","theCatGirl:ClawScratch"],"picked":"theCatGirl:AccidentalHeadbutt","floor":39},{"not_picked":["theCatGirl:ScratchFlurry+1","theCatGirl:DefensiveStance"],"picked":"theCatGirl:FumblingBlow+1","floor":40},{"not_picked":["theCatGirl:TripLunge","theCatGirl:LuckyBlow","theCatGirl:BloodBath+1"],"picked":"SKIP","floor":41},{"not_picked":["theCatGirl:QuickStrike+1","theCatGirl:Stalk","theCatGirl:ClenchYourTeeth"],"picked":"SKIP","floor":44},{"not_picked":["theCatGirl:AllIn+1","theCatGirl:Meow+1","theCatGirl:PlayAround+1"],"picked":"SKIP","floor":45},{"not_picked":["theCatGirl:Misfire+1","theCatGirl:ChangeOfPlans"],"picked":"theCatGirl:RageClaws+1","floor":47},{"not_picked":["theCatGirl:BodyBlow+1","theCatGirl:FinishingMove+1","theCatGirl:ShockedWitness"],"picked":"SKIP","floor":54}],"player_experience":3169302,"relics_obtained":[{"floor":6,"key":"Huge Egg"},{"floor":8,"key":"theCatGirl:DriedFish"},{"floor":11,"key":"Happy Flower"},{"floor":13,"key":"HollowMod:LifeEnderRelic"},{"floor":22,"key":"Red Mask"},{"floor":23,"key":"Peace Pipe"},{"floor":25,"key":"Gremlin Horn"},{"floor":26,"key":"Centennial Puzzle"},{"floor":31,"key":"Juzu Bracelet"},{"floor":36,"key":"Mango"},{"floor":40,"key":"Blood Vial"},{"floor":43,"key":"Molten Egg 2"},{"floor":45,"key":"Lantern"},{"floor":47,"key":"Art of War"},{"floor":54,"key":"Runesmith:AutoHammer"}],"event_choices":[{"damage_healed":0,"gold_gain":0,"player_choice":"Grow","damage_taken":0,"max_hp_gain":0,"max_hp_loss":0,"event_name":"Living Wall","floor":2,"gold_loss":0,"cards_upgraded":["theCatGirl:ExtremeSpeed"]},{"damage_healed":0,"gold_gain":0,"player_choice":"Ignored","damage_taken":0,"max_hp_gain":0,"max_hp_loss":0,"event_name":"Liars Game","floor":5,"gold_loss":0},{"damage_healed":0,"gold_gain":0,"player_choice":"Success","damage_taken":12,"relics_obtained":["Lizard Tail"],"max_hp_gain":0,"max_hp_loss":0,"event_name":"Scrap Ooze","floor":10,"gold_loss":0},{"damage_healed":0,"gold_gain":0,"player_choice":"Entered Light","damage_taken":14,"max_hp_gain":0,"max_hp_loss":0,"event_name":"Shining Light","floor":12,"gold_loss":0,"cards_upgraded":["theCatGirl:Evasion","theCatGirl:Defend"]},{"damage_healed":0,"gold_gain":0,"player_choice":"Upgraded","damage_taken":0,"max_hp_gain":0,"max_hp_loss":0,"event_name":"Upgrade Shrine","floor":19,"gold_loss":0,"cards_upgraded":["theCatGirl:Claws"]},{"damage_healed":0,"gold_gain":0,"player_choice":"Fought Bandits","damage_taken":0,"max_hp_gain":0,"max_hp_loss":0,"event_name":"Masked Bandits","floor":22,"gold_loss":0},{"damage_healed":0,"gold_gain":0,"player_choice":"Ignored","damage_taken":0,"max_hp_gain":0,"max_hp_loss":0,"event_name":"Vampires","floor":29,"gold_loss":0},{"damage_healed":0,"gold_gain":0,"player_choice":"Fight","damage_taken":0,"max_hp_gain":0,"max_hp_loss":0,"event_name":"Mysterious Sphere","floor":36,"gold_loss":0},{"damage_healed":0,"gold_gain":0,"player_choice":"Gave Potion","damage_taken":0,"relics_obtained":["Runesmith:Locket"],"max_hp_gain":0,"max_hp_loss":0,"event_name":"WeMeetAgain","floor":38,"gold_loss":0},{"damage_healed":0,"gold_gain":222,"player_choice":"Wore Mask","damage_taken":0,"max_hp_gain":0,"max_hp_loss":0,"event_name":"Tomb of Lord Red Mask","floor":48,"gold_loss":0}],"is_beta":false,"boss_relics":[{"not_picked":["Cursed Key","Coffee Dripper"],"picked":"sagemod:Falmels_Amulet"},{"not_picked":["Runic Dome","bronze:MakeshiftBattery"],"picked":"Fusion Hammer"}],"items_purged_floors":[14,46],"is_endless":false,"potions_floor_spawned":[4,8,11,16,18,22,33,40,44,45,47],"ascension_level":2}}