{"host":"puhn14s7bdwcyqz6","time":1614240933,"event":{"mods":["BaseMod","CapriCore","Koishi","Marisa（霧雨　魔理沙）","Minty Spire (QoL Compilation)","Reimu（博丽灵梦）","Remilia（蕾米莉亚）","StSLib","The Administrix","The Immortal","The Senshi","The Servant 0.9.4"],"gold_per_floor":[20,30,30,50,70,70,83,109,121,133,161,173,165,189,201,213,213],"floor_reached":16,"language":"ENG","playtime":935,"items_purged":[],"score":94,"play_id":"72a50e0d-4791-4330-a28e-17de93849c66","local_time":"20210225031533","is_ascension_mode":false,"campfire_choices":[{"floor":6,"key":"REST"},{"floor":12,"key":"REST"},{"floor":15,"key":"REST"}],"circlet_count":0,"master_deck":["Strike_MRS","Strike_MRS","Strike_MRS","Strike_MRS","Defend_MRS","Defend_MRS","Defend_MRS","Defend_MRS","MasterSpark","UpSweep","Metamorphosis+1","OpenUniverse","GravityBeat","SporeBomb","GasGiant","StarlightTyphoon","ShootingEcho","ChargeUpSpray"],"relics":["MiniHakkero","MawBank","Girya"],"acts_visited":["Exordium"],"potions_floor_usage":[16],"damage_taken":[{"damage":10,"enemies":"Small Slimes","floor":1,"turns":3},{"damage":11,"enemies":"Jaw Worm","floor":2,"turns":3},{"damage":0,"enemies":"2 Louse","floor":4,"turns":3},{"damage":44,"enemies":"Gremlin Gang","floor":5,"turns":4},{"damage":9,"enemies":"Blue Slaver","floor":7,"turns":3},{"damage":16,"enemies":"Large Slime","floor":11,"turns":4},{"damage":19,"enemies":"3 Louse","floor":14,"turns":3},{"damage":34,"enemies":"Hexaghost","floor":16,"turns":7}],"seed_played":"-7787124272009759558","potions_obtained":[{"floor":4,"key":"SteroidPotion"},{"floor":5,"key":"ZuzhouPotion:ReiMu"},{"floor":13,"key":"SpeedPotion"}],"is_trial":false,"path_per_floor":["M","M","?","M","M","R","M","T","T","$","M","R","?","M","R","B"],"character_chosen":"MARISA","items_purchased":[],"campfire_rested":3,"item_purchase_floors":[],"current_hp_per_floor":[65,54,54,54,10,32,23,23,23,23,7,29,29,10,32,0,0],"gold":213,"neow_bonus":"RANDOM_COLORLESS_2","is_daily":false,"chose_seed":false,"campfire_upgraded":0,"win_rate":0.0,"timestamp":1614240933,"path_taken":["M","M","?","M","M","R","M","?","T","$","M","R","?","?","R","BOSS"],"items_purchased_type":[],"build_version":"2020-12-22","purchased_purges":0,"victory":false,"max_hp_per_floor":[75,75,75,75,75,75,75,75,75,75,75,75,75,75,75,75,75],"card_choices":[{"not_picked":["Secret Technique","Secret Weapon"],"picked":"Metamorphosis","floor":0},{"not_picked":["IllusionStar","ChargingUp"],"picked":"OpenUniverse","floor":1},{"not_picked":["MilkyWay","UnstableBomb"],"picked":"GravityBeat","floor":2},{"not_picked":["GravityBeat","MysteriousBeam"],"picked":"SporeBomb","floor":4},{"not_picked":["WitchLeyline","UnstableBomb"],"picked":"GasGiant","floor":5},{"not_picked":["AsteroidBelt","GalacticHalo"],"picked":"StarlightTyphoon","floor":7},{"not_picked":["DoubleSpark","PowerUp"],"picked":"ShootingEcho","floor":11},{"not_picked":["MagicAbsorber","DoubleSpark"],"picked":"ChargeUpSpray","floor":14}],"player_experience":78213,"relics_obtained":[{"floor":8,"key":"MawBank"},{"floor":9,"key":"Girya"}],"event_choices":[{"damage_healed":0,"gold_gain":0,"player_choice":"Grow","damage_taken":0,"max_hp_gain":0,"max_hp_loss":0,"event_name":"Living Wall","floor":3,"gold_loss":0,"cards_upgraded":["Metamorphosis"]},{"damage_healed":0,"gold_gain":0,"player_choice":"Bought 1 Potion","damage_taken":0,"max_hp_gain":0,"max_hp_loss":0,"event_name":"The Woman in Blue","floor":13,"gold_loss":0}],"is_beta":false,"boss_relics":[],"items_purged_floors":[],"is_endless":false,"potions_floor_spawned":[4,5],"killed_by":"Hexaghost","ascension_level":0}}