{"host":"lv7etzzgwahaenh9","time":1614219929,"event":{"mods":["AchievementEnabler","BaseMod","Colored Map","Colored Powertips","Highlight Path","Minty Spire (QoL Compilation)","Permanent Neow","Quick Restart","Random Character Button","StSLib"],"gold_per_floor":[115,132,142,162,177,204,204,236,262,262,278,278,294,11,11,84,84,100,114,129,129,129,129,129,129],"floor_reached":24,"language":"ENG","playtime":1026,"items_purged":["Strike_B"],"score":403,"play_id":"09daccd9-90df-49a3-8c4e-671af7729378","local_time":"20210224182529","is_ascension_mode":true,"campfire_choices":[{"floor":7,"key":"REST"},{"data":"Zap","floor":10,"key":"SMITH"},{"data":"Steam","floor":12,"key":"SMITH"},{"data":"Loop","floor":15,"key":"SMITH"},{"floor":23,"key":"REST"}],"circlet_count":0,"master_deck":["AscendersBane","Defend_B","Defend_B+1","Defend_B+1","Zap+1","Dualcast","FTL","Force Field","Doom and Gloom","Conserve Battery","Cold Snap","Beam Cell","Steam+1","Coolheaded","Static Discharge","Loop+1","Electrodynamics","Barrage","Double Energy","Coolheaded+1","Bite","Bite","Bite","Bite","Bite"],"relics":["Cracked Core","Orichalcum","MealTicket","Regal Pillow","War Paint","Inserter"],"acts_visited":["Exordium","TheCity"],"potions_floor_usage":[5,6,16,19,20,24],"damage_taken":[{"damage":1,"enemies":"Cultist","floor":1,"turns":3},{"damage":7,"enemies":"Jaw Worm","floor":2,"turns":3},{"damage":0,"enemies":"Small Slimes","floor":3,"turns":3},{"damage":1,"enemies":"2 Fungi Beasts","floor":4,"turns":2},{"damage":12,"enemies":"Exordium Thugs","floor":5,"turns":3},{"damage":12,"enemies":"Gremlin Nob","floor":6,"turns":3},{"damage":21,"enemies":"Lagavulin","floor":8,"turns":5},{"damage":5,"enemies":"Exordium Wildlife","floor":11,"turns":4},{"damage":1,"enemies":"Blue Slaver","floor":13,"turns":2},{"damage":19,"enemies":"The Guardian","floor":16,"turns":10},{"damage":13,"enemies":"Spheric Guardian","floor":18,"turns":4},{"damage":5,"enemies":"2 Thieves","floor":19,"turns":2},{"damage":16,"enemies":"Centurion and Healer","floor":20,"turns":5},{"damage":50,"enemies":"Book of Stabbing","floor":24,"turns":5}],"seed_played":"-7456332112476129958","potions_obtained":[{"floor":1,"key":"FearPotion"},{"floor":3,"key":"Fire Potion"},{"floor":8,"key":"SteroidPotion"},{"floor":16,"key":"CultistPotion"},{"floor":18,"key":"Fire Potion"},{"floor":19,"key":"Weak Potion"}],"is_trial":false,"path_per_floor":["M","M","M","M","M","E","R","E","T","R","M","R","M","$","R","B",null,"M","M","M","?","?","R","E"],"character_chosen":"DEFECT","items_purchased":["Loop","War Paint"],"campfire_rested":2,"item_purchase_floors":[14,14],"current_hp_per_floor":[63,56,56,55,43,31,50,29,29,29,24,24,23,38,38,19,53,40,35,19,19,9,38,0,0],"gold":129,"neow_bonus":"TRANSFORM_TWO_CARDS","is_daily":false,"chose_seed":false,"campfire_upgraded":3,"win_rate":0.0,"timestamp":1614219929,"path_taken":["M","M","M","M","?","E","R","E","T","R","M","R","M","$","R","BOSS","M","M","M","?","?","R","E"],"items_purchased_type":["Card","Relic"],"build_version":"2020-12-22","purchased_purges":1,"victory":false,"max_hp_per_floor":[64,64,64,64,64,64,64,64,64,64,64,64,64,64,64,64,64,64,64,64,44,49,49,49,49],"card_choices":[{"not_picked":["Blizzard","Scrape"],"picked":"Doom and Gloom","floor":1},{"not_picked":["Redo","Heatsinks"],"picked":"Conserve Battery","floor":2},{"not_picked":["Coolheaded","Rip and Tear"],"picked":"Cold Snap","floor":3},{"not_picked":["Doom and Gloom","Gash"],"picked":"Beam Cell","floor":4},{"not_picked":["Stack","Rebound","Lockon"],"picked":"SKIP","floor":5},{"not_picked":["Streamline","Beam Cell","Hello World"],"picked":"SKIP","floor":6},{"not_picked":["Sunder","Conserve Battery"],"picked":"Steam","floor":8},{"not_picked":["Redo","Stack"],"picked":"Coolheaded","floor":11},{"not_picked":["Sweeping Beam","Gash"],"picked":"Static Discharge","floor":13},{"not_picked":["Core Surge","Reboot"],"picked":"Electrodynamics","floor":16},{"not_picked":["Cold Snap","Turbo"],"picked":"Barrage","floor":18},{"not_picked":["Conserve Battery","Doom and Gloom"],"picked":"Double Energy","floor":19},{"not_picked":["Gash","Cold Snap"],"picked":"Coolheaded+1","floor":20}],"player_experience":553596,"relics_obtained":[{"floor":6,"key":"Orichalcum"},{"floor":8,"key":"MealTicket"},{"floor":9,"key":"Regal Pillow"}],"event_choices":[{"damage_healed":0,"gold_gain":0,"player_choice":"Became a vampire","damage_taken":0,"max_hp_gain":0,"max_hp_loss":20,"event_name":"Vampires","floor":21,"gold_loss":0,"cards_obtained":["Bite","Bite","Bite","Bite","Bite"]},{"damage_healed":0,"gold_gain":0,"player_choice":"Shed Blood","damage_taken":15,"max_hp_gain":5,"max_hp_loss":0,"event_name":"Forgotten Altar","floor":22,"gold_loss":0}],"is_beta":false,"boss_relics":[{"not_picked":["Black Star","Coffee Dripper"],"picked":"Inserter"}],"items_purged_floors":[14],"is_endless":false,"potions_floor_spawned":[1,3,4,8,16,18,19],"killed_by":"Book of Stabbing","ascension_level":16}}