{"host":"siu98xj5u8nq6xdu","time":1614223511,"event":{"mods":["AchievementEnabler","BaseMod","Colored Map","Colored Powertips","Minty Spire (QoL Compilation)"],"gold_per_floor":[110,123,123,134,2,2,36,36,36,55,85,103,103,114,114,191,191,206,55,55,13,24,24,58,77,77,77,77,103,103,129,129,205,205,225,242,256,0,24,24,24,36,60,35,35,35],"floor_reached":45,"language":"ENG","playtime":4601,"items_purged":["Strike_G"],"score":986,"play_id":"83197b3d-a292-4a13-abd5-cfb3b8010f14","local_time":"20210224222511","is_ascension_mode":true,"campfire_choices":[{"data":"Blade Dance","floor":6.0,"key":"SMITH"},{"data":"Finisher","floor":8.0,"key":"SMITH"},{"data":"Finisher","floor":15.0,"key":"SMITH"},{"floor":28.0,"key":"REST"},{"data":"Strike_G","floor":30.0,"key":"PURGE"},{"data":"Infinite Blades","floor":32.0,"key":"SMITH"},{"floor":40.0,"key":"REST"}],"circlet_count":0,"master_deck":["AscendersBane","Strike_G","Defend_G","Defend_G","Defend_G","Defend_G","Defend_G","Survivor","Neutralize","Finisher+1","Masterful Stab","Finisher+1","Blade Dance+1","Predator","Blade Dance","Setup+1","Dagger Throw","Infinite Blades+1","Venomology+1","Outmaneuver+1","Dagger Throw","Backflip+1","PiercingWail+1","Terror+1","Blade Dance+1","Eviscerate+1","Escape Plan+1","Night Terror+1","Footwork"],"relics":["Ring of the Serpent","NeowsBlessing","The Courier","Peace Pipe","Toxic Egg 2","ClockworkSouvenir","Ninja Scroll","Thread and Needle","Dream Catcher","Tiny Chest","SlaversCollar","Red Mask","Potion Belt","Ginger","CeramicFish"],"acts_visited":["Exordium","TheCity","TheBeyond"],"potions_floor_usage":[45,45],"damage_taken":[{"damage":0.0,"enemies":"2 Louse","floor":1.0,"turns":1.0},{"damage":0.0,"enemies":"Cultist","floor":2.0,"turns":1.0},{"damage":0.0,"enemies":"Small Slimes","floor":4.0,"turns":1.0},{"damage":10.0,"enemies":"Lagavulin","floor":7.0,"turns":3.0},{"damage":0.0,"enemies":"Blue Slaver","floor":10.0,"turns":2.0},{"damage":6.0,"enemies":"3 Sentries","floor":11.0,"turns":4.0},{"damage":0.0,"enemies":"Lots of Slimes","floor":12.0,"turns":2.0},{"damage":0.0,"enemies":"Exordium Thugs","floor":14.0,"turns":2.0},{"damage":35.0,"enemies":"Hexaghost","floor":16.0,"turns":8.0},{"damage":16.0,"enemies":"Shell Parasite","floor":18.0,"turns":2.0},{"damage":0.0,"enemies":"Chosen","floor":22.0,"turns":3.0},{"damage":0.0,"enemies":"Centurion and Healer","floor":23.0,"turns":1.0},{"damage":6.0,"enemies":"Gremlin Leader","floor":24.0,"turns":5.0},{"damage":21.0,"enemies":"Shelled Parasite and Fungi","floor":25.0,"turns":4.0},{"damage":0.0,"enemies":"Book of Stabbing","floor":29.0,"turns":4.0},{"damage":0.0,"enemies":"Gremlin Leader","floor":31.0,"turns":4.0},{"damage":60.0,"enemies":"Automaton","floor":33.0,"turns":10.0},{"damage":9.0,"enemies":"3 Shapes","floor":35.0,"turns":5.0},{"damage":29.0,"enemies":"3 Darklings","floor":36.0,"turns":4.0},{"damage":0.0,"enemies":"Maw","floor":37.0,"turns":6.0},{"damage":28.0,"enemies":"Transient","floor":42.0,"turns":6.0},{"damage":7,"enemies":"Sphere and 2 Shapes","floor":45,"turns":5}],"seed_played":"6670127966726023529","potions_obtained":[{"floor":1.0,"key":"Regen Potion"},{"floor":2.0,"key":"Dexterity Potion"},{"floor":11.0,"key":"Ancient Potion"},{"floor":16.0,"key":"Fire Potion"},{"floor":20.0,"key":"SteroidPotion"},{"floor":20.0,"key":"Swift Potion"},{"floor":25.0,"key":"SpeedPotion"},{"floor":31.0,"key":"FairyPotion"},{"floor":33.0,"key":"Weak Potion"},{"floor":36.0,"key":"DuplicationPotion"}],"is_trial":false,"path_per_floor":["M","M","?","M","$","R","E","R","T","M","E","M","?","M","R","B",null,"M","$","?","$","M","M","E","M","T","?","R","E","R","E","R","B",null,"M","M","M","?","T","R","T","M","T","$","M"],"character_chosen":"THE_SILENT","items_purchased":["Blade Dance","ClockworkSouvenir","Dagger Throw","Backflip+1","Footwork"],"campfire_rested":2,"item_purchase_floors":[5,19,19,21,44],"current_hp_per_floor":[59,59,59,59,59,59,49,49,49,49,43,43,43,43,43,8,52,41,41,41,41,41,41,35,14,14,14,33,33,33,33,33,5,51,42,13,13,13,13,32,32,4,4,4,0,0],"gold":35,"neow_bonus":"THREE_ENEMY_KILL","is_daily":false,"chose_seed":false,"campfire_upgraded":4,"win_rate":0.0,"timestamp":1614223511,"path_taken":["M","M","?","M","?","R","E","R","T","M","E","M","?","M","R","BOSS","M","?","?","$","?","M","E","M","T","?","R","E","R","E","R","BOSS","M","M","?","?","?","R","?","M","T","?","?"],"items_purchased_type":["Card","Relic","Card","Card","Card"],"build_version":"2020-12-22","purchased_purges":1,"victory":false,"max_hp_per_floor":[66,66,66,66,66,66,66,66,66,66,66,66,66,66,66,66,66,66,66,66,66,66,66,66,66,66,66,66,66,66,66,66,66,66,66,66,66,66,66,66,66,66,66,66,66,66],"card_choices":[{"not_picked":["Prepared","Deflect"],"picked":"Finisher","floor":1.0},{"not_picked":["Dodge and Roll","Quick Slash"],"picked":"Masterful Stab","floor":2.0},{"not_picked":["Slice","Backflip"],"picked":"Finisher","floor":4.0},{"not_picked":["Sucker Punch","PiercingWail"],"picked":"Predator","floor":7.0},{"not_picked":["Underhanded Strike","Prepared"],"picked":"Blade Dance","floor":10.0},{"not_picked":["Choke","Caltrops"],"picked":"Setup+1","floor":11.0},{"not_picked":["Deflect+1","Heel Hook","All Out Attack"],"picked":"SKIP","floor":12.0},{"not_picked":["Dagger Throw","Sucker Punch"],"picked":"Infinite Blades","floor":14.0},{"not_picked":["Die Die Die","Bullet Time+1"],"picked":"Venomology+1","floor":16.0},{"not_picked":["Deflect+1","Dagger Throw"],"picked":"Outmaneuver+1","floor":18.0},{"not_picked":["Prepared+1","Outmaneuver+1","Flying Knee"],"picked":"SKIP","floor":22.0},{"not_picked":["Corpse Explosion+1","Prepared+1"],"picked":"PiercingWail+1","floor":24.0},{"not_picked":["Dash","Poisoned Stab"],"picked":"Terror+1","floor":25.0},{"not_picked":["Bane","Dagger Throw"],"picked":"Eviscerate+1","floor":29.0},{"not_picked":["Tactician+1","Masterful Stab"],"picked":"Escape Plan+1","floor":31.0},{"not_picked":["Unload","Storm of Steel+1"],"picked":"Night Terror+1","floor":33.0},{"not_picked":["Deadly Poison+1","Concentrate+1","Deflect+1"],"picked":"SKIP","floor":35.0},{"not_picked":["Acrobatics+1","Backflip+1","Setup+1"],"picked":"SKIP","floor":36.0},{"not_picked":["Bouncing Flask+1","PiercingWail+1","Sucker Punch"],"picked":"SKIP","floor":37.0},{"not_picked":["Deflect+1","Dagger Throw","Endless Agony+1"],"picked":"SKIP","floor":42.0}],"player_experience":776099,"relics_obtained":[{"floor":7.0,"key":"The Courier"},{"floor":9.0,"key":"Peace Pipe"},{"floor":11.0,"key":"Toxic Egg 2"},{"floor":24.0,"key":"Ninja Scroll"},{"floor":26.0,"key":"Thread and Needle"},{"floor":29.0,"key":"Dream Catcher"},{"floor":31.0,"key":"Tiny Chest"},{"floor":39.0,"key":"Potion Belt"},{"floor":41.0,"key":"Ginger"},{"floor":43.0,"key":"CeramicFish"}],"event_choices":[{"cards_removed":["Strike_G"],"damage_healed":0.0,"max_hp_gain":0.0,"max_hp_loss":0.0,"gold_gain":0.0,"event_name":"Purifier","player_choice":"Purged","floor":3.0,"gold_loss":0.0,"damage_taken":0.0},{"damage_healed":0.0,"max_hp_gain":0.0,"max_hp_loss":0.0,"gold_gain":0.0,"cards_transformed":["Strike_G"],"event_name":"Transmorgrifier","player_choice":"Transformed","floor":13.0,"gold_loss":0.0,"damage_taken":0.0,"cards_obtained":["Dagger Throw"]},{"damage_healed":0.0,"max_hp_gain":0.0,"max_hp_loss":0.0,"gold_gain":0.0,"event_name":"Lab","player_choice":"Got Potions","floor":20.0,"gold_loss":0.0,"damage_taken":0.0},{"damage_healed":0.0,"max_hp_gain":0.0,"max_hp_loss":0.0,"gold_gain":0.0,"event_name":"Duplicator","player_choice":"Copied","floor":27.0,"gold_loss":0.0,"damage_taken":0.0,"cards_obtained":["Blade Dance"]},{"damage_healed":0.0,"max_hp_gain":0.0,"max_hp_loss":0.0,"gold_gain":0.0,"event_name":"Tomb of Lord Red Mask","player_choice":"Paid","floor":38.0,"gold_loss":256.0,"damage_taken":0.0,"relics_obtained":["Red Mask"]}],"is_beta":false,"boss_relics":[{"not_picked":["Tiny House","Black Star"],"picked":"Ring of the Serpent"},{"not_picked":["Sozu","Snecko Eye"],"picked":"SlaversCollar"}],"items_purged_floors":[5],"is_endless":false,"potions_floor_spawned":[1,2,11,16,22,23,25,29,31,33,36],"killed_by":"Sphere and 2 Shapes","ascension_level":17}}