{"host":"ve9aztkoyqeblvav","time":1614274979,"event":{"mods":["Act Like it!","Aspiration","BaseMod","Colored Map","Colored Powertips","Highlight Path","Marked Mod","Minty Spire (QoL Compilation)","Pale of the Ancients","Quick Restart","Reorder Act Four","StSLib","The Hierophant","Waifu the Spire","[IsaacMod]ÒÔÈö¼âËþ"],"gold_per_floor":[110,127,127,127,140,140,153,185,185,185,185,218,231,156,156,252,252,266,305,305,324,51,90,90,153,178,178,219,234,54,54,54,145,145,169,182,515,528,378,404,417,449,473,488,522,533,99,118,118,118,118,129,142,142,142,142,152,152,152,152,152],"floor_reached":62,"language":"ZHS","playtime":2726,"items_purged":["Injury","Riddle With Holes","Flying Knee","Dagger Spray+1","Slice"],"score":3712,"play_id":"31fe19c5-9297-4ce4-86c3-0800ca6d4b5f","local_time":"20210226014259","is_ascension_mode":true,"campfire_choices":[{"data":"Dagger Spray","floor":6.0,"key":"SMITH"},{"data":"Neutralize","floor":10.0,"key":"SMITH"},{"floor":15.0,"key":"RECALL"},{"data":"Tools of the Trade","floor":24.0,"key":"SMITH"},{"data":"Footwork","floor":27.0,"key":"SMITH"},{"data":"Finisher","floor":32.0,"key":"SMITH"},{"data":"Accuracy","floor":49.0,"key":"SMITH"},{"data":"Heel Hook","floor":56,"key":"SMITH"},{"data":"Survivor","floor":58,"key":"SMITH"}],"circlet_count":0,"master_deck":["AscendersBane","Survivor+1","Neutralize+1","Cloak And Dagger+1","Backflip+1","Acrobatics+1","Finisher+1","Blade Dance+1","PiercingWail+1","Crippling Poison+1","Tools of the Trade+1","Catalyst+1","Heel Hook+1","Footwork+1","Blade Dance+1","Acrobatics+1","Doppelganger+1","Calculated Gamble+1","Acrobatics+1","Malaise+1","Escape Plan+1","Terror+1","Accuracy+1"],"relics":["Ring of the Snake","HushsDoor","SatanicBible","NeowsBlessing","Gremlin Horn","Toxic Egg 2","Kunai","TheBean","Ninja Scroll","Pandora\u0027s Box","Incubus","RottenBaby","Red Mask","ClockworkSouvenir","Vajra","AnarchistCookbook","PokeGo","Juzu Bracelet","Anchor","SlaversCollar","NineLifeCat","YumHeart","Thread and Needle","aspiration:HiddenCompartment","Darkstone Periapt","aspiration:Nostalgia","hierophant:PropheticMaskRelic","paleoftheancients:Timepiece","paleoftheancients:KeyRelic","Oddly Smooth Stone","Coffee Dripper","Bronze Scales","paleoftheancients:SoulOfTheGuardian","aspiration:Lifesprig","GuppysPaw"],"acts_visited":["Exordium","TheCity","TheBeyond","paleoftheancients:PaleOfTheAncients"],"potions_floor_usage":[],"damage_taken":[{"damage":0.0,"enemies":"Cultist","floor":1.0,"turns":1.0},{"damage":0.0,"enemies":"Jaw Worm","floor":2.0,"turns":1.0},{"damage":0.0,"enemies":"2 Louse","floor":5.0,"turns":1.0},{"damage":0.0,"enemies":"Exordium Wildlife","floor":7.0,"turns":2.0},{"damage":0.0,"enemies":"Gremlin Nob","floor":8.0,"turns":3.0},{"damage":1.0,"enemies":"Lagavulin","floor":12.0,"turns":7.0},{"damage":0.0,"enemies":"3 Louse","floor":13.0,"turns":2.0},{"damage":0.0,"enemies":"Slime Boss","floor":16.0,"turns":7.0},{"damage":0.0,"enemies":"2 Thieves","floor":18.0,"turns":1.0},{"damage":0.0,"enemies":"Masked Bandits","floor":19.0,"turns":2.0},{"damage":0.0,"enemies":"Spheric Guardian","floor":21.0,"turns":1.0},{"damage":0.0,"enemies":"Book of Stabbing","floor":23.0,"turns":3.0},{"damage":0.0,"enemies":"Hiden Room Battle","floor":25.0,"turns":1.0},{"damage":0.0,"enemies":"Gremlin Leader","floor":28.0,"turns":1.0},{"damage":0.0,"enemies":"Centurion and Healer","floor":29.0,"turns":2.0},{"damage":0.0,"enemies":"Collector","floor":33.0,"turns":3.0},{"damage":0.0,"enemies":"3 Darklings","floor":35.0,"turns":2.0},{"damage":0.0,"enemies":"Orb Walker","floor":36.0,"turns":1.0},{"damage":0.0,"enemies":"Writhing Mass","floor":38.0,"turns":3.0},{"damage":0.0,"enemies":"Giant Head","floor":40.0,"turns":2.0},{"damage":0.0,"enemies":"Transient","floor":41.0,"turns":6.0},{"damage":0.0,"enemies":"Reptomancer","floor":42.0,"turns":1.0},{"damage":0.0,"enemies":"Spire Growth","floor":44.0,"turns":1.0},{"damage":0.0,"enemies":"Giant Head","floor":45.0,"turns":4.0},{"damage":0.0,"enemies":"Maw","floor":46.0,"turns":2.0},{"damage":0.0,"enemies":"Sphere and 2 Shapes","floor":48.0,"turns":2.0},{"damage":0.0,"enemies":"Donu and Deca","floor":50.0,"turns":5.0},{"damage":0.0,"enemies":"Awakened One","floor":51.0,"turns":5.0},{"damage":10.0,"enemies":"Awakened One","floor":52.0,"turns":6.0},{"damage":0.0,"enemies":"Awakened One","floor":53.0,"turns":3.0},{"damage":0,"enemies":"Awakened One","floor":57,"turns":3},{"damage":0,"enemies":"paleoftheancients:N","floor":61,"turns":5}],"seed_played":"7310813110365580782","potions_obtained":[{"floor":7.0,"key":"PowerPotion"},{"floor":8.0,"key":"Strength Potion"},{"floor":13.0,"key":"SpeedPotion"},{"floor":16.0,"key":"GamblersBrew"},{"floor":18.0,"key":"CunningPotion"},{"floor":31.0,"key":"GamblersBrew"},{"floor":33.0,"key":"DuplicationPotion"}],"is_trial":false,"path_per_floor":["M","M","T","?","M","R","M","E","T","R","?","E","M","$","R","B",null,"M","?","?","M","$","E","R","?","T","R","E","M","$","?","R","B",null,"M","M","?","M","$","E","M","E","T","M","E","M","$","M","R","B","B","M","M","?","T","R","M","R","$","?","B",null],"character_chosen":"THE_SILENT","items_purchased":["Incubus","RottenBaby","ClockworkSouvenir","Acrobatics+1","NineLifeCat","Darkstone Periapt","aspiration:Nostalgia"],"campfire_rested":0,"item_purchase_floors":[17,17,22,30,34,47,47],"current_hp_per_floor":[59,59,59,59,59,59,59,59,59,59,59,58,58,58,58,58,19,19,19,19,19,19,19,19,19,19,19,19,19,19,19,19,19,2,2,2,2,2,2,2,2,2,2,2,2,2,2,2,2,2,2,2,2,2,2,2,2,2,2,2,2],"gold":152,"neow_bonus":"THREE_ENEMY_KILL","is_daily":false,"chose_seed":false,"campfire_upgraded":8,"win_rate":0.0,"timestamp":1614274979,"path_taken":["M","M","?","?","M","R","M","E","T","R","?","E","?","$","R","BOSS","M","?","?","M","$","E","R","?","T","R","E","M","?","?","R","BOSS","M","M","?","M","$","E","M","E","T","M","E","M","$","M","R","BOSS","BOSS","M","M","?","T","R","M","R","$","?","BOSS"],"items_purchased_type":["Relic","Relic","Relic","Card","Relic","Relic","Relic"],"build_version":"2020-12-22","purchased_purges":5,"victory":true,"max_hp_per_floor":[66,66,66,66,66,66,66,66,66,66,60,60,60,60,60,60,19,19,19,19,19,19,19,19,19,19,19,19,19,19,19,19,19,2,2,2,2,2,2,2,2,2,2,2,2,2,2,2,2,2,2,2,2,2,2,2,2,2,2,2,2],"card_choices":[{"not_picked":["Underhanded Strike","Backflip"],"picked":"Dagger Spray","floor":1.0},{"not_picked":["All Out Attack","Flying Knee","Slice"],"picked":"SKIP","floor":2.0},{"not_picked":["Distraction+1","Deadly Poison+1"],"picked":"Cloak And Dagger+1","floor":5.0},{"not_picked":["Deadly Poison+1","Slice","Flying Knee"],"picked":"SKIP","floor":7.0},{"not_picked":["All Out Attack","Predator"],"picked":"Backflip+1","floor":8.0},{"not_picked":["Dash","Infinite Blades"],"picked":"Bomb","floor":12.0},{"not_picked":["Calculated Gamble+1","Noxious Fumes"],"picked":"Acrobatics+1","floor":13.0},{"not_picked":["Burst+1","Unload"],"picked":"aspiration:Lunge","floor":16.0},{"not_picked":["Infinite Blades","Underhanded Strike"],"picked":"Footwork","floor":18.0},{"not_picked":["Predator","Dodge and Roll+1"],"picked":"Blade Dance+1","floor":19.0},{"not_picked":["Dash","Cloak And Dagger+1"],"picked":"Acrobatics+1","floor":21.0},{"not_picked":["PiercingWail+1","Leg Sweep+1"],"picked":"Doppelganger+1","floor":23.0},{"not_picked":["Infinite Blades","Dagger Spray","Deflect+1"],"picked":"SKIP","floor":28.0},{"not_picked":["Slice","Dodge and Roll+1"],"picked":"Calculated Gamble+1","floor":29.0},{"not_picked":["Glass Knife","Storm of Steel+1"],"picked":"Malaise+1","floor":33.0},{"not_picked":["Backflip+1","Dagger Throw","Dagger Spray"],"picked":"SKIP","floor":35.0},{"not_picked":["Setup+1","Slice","Blur+1"],"picked":"SKIP","floor":36.0},{"not_picked":["Poisoned Stab+1","Deadly Poison+1","Sucker Punch"],"picked":"SKIP","floor":38.0},{"not_picked":["Acrobatics+1","Quick Slash"],"picked":"Escape Plan+1","floor":40.0},{"not_picked":["Leg Sweep+1","Sucker Punch"],"picked":"Terror+1","floor":41.0},{"not_picked":["Backflip+1","Blade Dance+1","Bouncing Flask+1"],"picked":"SKIP","floor":42.0},{"not_picked":["Bane","Unload","Outmaneuver+1"],"picked":"SKIP","floor":44.0},{"not_picked":["Dagger Throw+1","Flying Knee","Slice+1"],"picked":"SKIP","floor":45.0},{"not_picked":["Noxious Fumes","Deadly Poison+1"],"picked":"Accuracy","floor":46.0},{"not_picked":["PiercingWail+1","Leg Sweep+1","Sucker Punch"],"picked":"SKIP","floor":48.0},{"not_picked":["Blade Dance+1","Prepared+1","Heel Hook"],"picked":"SKIP","floor":52.0},{"not_picked":["Acrobatics+1","Envenom","Backflip+1"],"picked":"SKIP","floor":53.0},{"not_picked":["Quick Slash","Infinite Blades+1","PiercingWail+1"],"picked":"SKIP","floor":57}],"player_experience":1688123,"relics_obtained":[{"floor":3.0,"key":"Gremlin Horn"},{"floor":8.0,"key":"Kunai"},{"floor":9.0,"key":"TheBean"},{"floor":12.0,"key":"Ninja Scroll"},{"floor":19.0,"key":"Red Mask"},{"floor":23.0,"key":"Vajra"},{"floor":25.0,"key":"AnarchistCookbook"},{"floor":25.0,"key":"PokeGo"},{"floor":26.0,"key":"Juzu Bracelet"},{"floor":28.0,"key":"Anchor"},{"floor":40.0,"key":"YumHeart"},{"floor":42.0,"key":"Thread and Needle"},{"floor":45.0,"key":"aspiration:HiddenCompartment"},{"floor":52.0,"key":"paleoftheancients:SoulOfTheGuardian"},{"floor":55,"key":"GuppysPaw"}],"event_choices":[{"damage_healed":0.0,"max_hp_gain":0.0,"max_hp_loss":6.0,"gold_gain":0.0,"event_name":"Golden Idol","player_choice":"Lose Max HP","floor":11.0,"gold_loss":0.0,"damage_taken":0.0,"relics_obtained":["Golden Idol"]},{"damage_healed":0.0,"max_hp_gain":0.0,"max_hp_loss":0.0,"gold_gain":0.0,"event_name":"Masked Bandits","player_choice":"Fought Bandits","floor":19.0,"gold_loss":0.0,"damage_taken":0.0},{"damage_healed":0.0,"max_hp_gain":0.0,"max_hp_loss":0.0,"gold_gain":0.0,"event_name":"HidenRoomEvent","player_choice":"Fight","floor":25.0,"gold_loss":0.0,"damage_taken":0.0},{"damage_healed":0.0,"max_hp_gain":0.0,"max_hp_loss":0.0,"gold_gain":0.0,"event_name":"Lab","player_choice":"Got Potions","floor":31.0,"gold_loss":0.0,"damage_taken":0.0},{"damage_healed":0.0,"max_hp_gain":0.0,"max_hp_loss":0.0,"gold_gain":333.0,"event_name":"The Moai Head","player_choice":"Gave Idol","floor":37.0,"relics_lost":["Golden Idol"],"gold_loss":0.0,"damage_taken":0.0},{"cards_removed":["aspiration:Lunge"],"damage_healed":0,"gold_gain":0,"player_choice":"Gave Card","damage_taken":0,"relics_obtained":["aspiration:Lifesprig"],"max_hp_gain":0,"max_hp_loss":0,"event_name":"WeMeetAgain","floor":54,"gold_loss":0}],"is_beta":false,"boss_relics":[{"not_picked":["ChampionBelt","Sozu"],"picked":"Pandora\u0027s Box"},{"not_picked":[]},{"not_picked":["aspiration:WatcherSkillbook","Velvet Choker"],"picked":"SlaversCollar"},{"not_picked":[]}],"items_purged_floors":[14,17,22,30,39],"is_endless":false,"potions_floor_spawned":[7,8,13,16,18,21,28,33,35,38,41,48,52,53],"ascension_level":20}}