{"host":"d85gwtocd8go8gx0","time":1614229871,"event":{"mods":["AchievementEnabler","BaseMod","Better Altar","Better Skull","Better Third Choice","Block Reminder","Colored Powertips","Curses Come First","Dark Map","Filter the Spire","Highlight Path","Minty Spire (QoL Compilation)","Permanent Neow","Quick Restart","Shop Mod","StSLib","SuperFastMode","UnlockEverythingMod"],"gold_per_floor":[115,165,113,113,38,38,73,73,73,103,103,130,130,141,141,218,218,237,255,170,170,186,186,221,221,221,221,240,240,254,279,279,279,279],"floor_reached":33,"language":"ENG","playtime":950,"items_purged":["Regret"],"score":728,"play_id":"f70a56f9-8ad4-4666-87b4-5a66ad8bd99e","local_time":"20210224211111","is_ascension_mode":true,"campfire_choices":[{"data":"Eruption","floor":6,"key":"SMITH"},{"data":"Protect","floor":8,"key":"SMITH"},{"data":"BowlingBash","floor":11,"key":"SMITH"},{"floor":15,"key":"REST"},{"floor":23,"key":"REST"},{"data":"Blasphemy","floor":27,"key":"SMITH"},{"floor":32,"key":"REST"}],"circlet_count":0,"master_deck":["AscendersBane","Strike_P+1","Strike_P","Strike_P","Defend_P","Defend_P","Defend_P","Defend_P","Eruption+1","Vigilance","Protect+1","BowlingBash+1","FearNoEvil+1","FollowUp+1","SashWhip+1","CrushJoints+1","Blasphemy+1","EmptyBody","ClearTheMind","EmptyFist+1","MentalFortress+1","Wallop+1","Writhe","CrushJoints+1","CrushJoints+1"],"relics":["PureWater","NeowsBlessing","Pen Nib","Turnip","Molten Egg 2","Odd Mushroom","Art of War","VioletLotus","StoneCalendar","InkBottle","Anchor","Nunchaku","Singing Bowl"],"acts_visited":["Exordium","TheCity"],"potions_floor_usage":[19,13022,22,30,31,33],"damage_taken":[{"damage":0.0,"enemies":"Jaw Worm","floor":1.0,"turns":1.0},{"damage":0,"enemies":"Lagavulin","floor":7,"turns":1},{"damage":0,"enemies":"The Mushroom Lair","floor":10,"turns":1},{"damage":3,"enemies":"Gremlin Nob","floor":12,"turns":3},{"damage":0,"enemies":"Cultist","floor":14,"turns":2},{"damage":2,"enemies":"Slime Boss","floor":16,"turns":5},{"damage":0,"enemies":"2 Thieves","floor":18,"turns":1},{"damage":7,"enemies":"3 Byrds","floor":19,"turns":4},{"damage":30,"enemies":"Snake Plant","floor":22,"turns":4},{"damage":25,"enemies":"Slavers","floor":24,"turns":7},{"damage":11,"enemies":"Snecko","floor":28,"turns":5},{"damage":0,"enemies":"Shelled Parasite and Fungi","floor":30,"turns":3},{"damage":0,"enemies":"Book of Stabbing","floor":31,"turns":2},{"damage":59,"enemies":"Automaton","floor":33,"turns":6}],"seed_played":"2701454332765734899","potions_obtained":[{"floor":1.0,"key":"AttackPotion"},{"floor":14,"key":"Ambrosia"},{"floor":24,"key":"DistilledChaos"},{"floor":31,"key":"LiquidBronze"}],"is_trial":false,"path_per_floor":["M","?","$","?","$","R","E","R","T","?","R","E","?","M","R","B",null,"M","M","?","?","M","R","E","?","T","R","M","?","M","E","R","B"],"character_chosen":"WATCHER","items_purchased":["BowlingBash"],"campfire_rested":3,"item_purchase_floors":[3],"current_hp_per_floor":[61,55,55,55,55,55,55,55,55,55,55,52,32,32,52,50,64,64,57,57,37,29,49,24,24,24,24,13,13,13,13,33,0,0],"gold":279,"neow_bonus":"THREE_ENEMY_KILL","is_daily":false,"chose_seed":false,"campfire_upgraded":4,"win_rate":0.0,"timestamp":1614229871,"path_taken":["M","?","?","?","$","R","E","R","T","?","R","E","?","?","R","BOSS","M","M","?","?","M","R","E","?","T","R","?","?","M","E","R","BOSS"],"items_purchased_type":["Card"],"build_version":"2020-12-22","purchased_purges":1,"victory":false,"max_hp_per_floor":[68,68,68,68,68,68,68,68,68,68,68,68,68,68,68,68,68,68,68,68,68,68,68,68,68,68,68,68,68,68,68,68,68,68],"card_choices":[{"not_picked":["Sanctity","Protect","FlyingSleeves"],"picked":"SKIP","floor":1.0},{"not_picked":["Sanctity","FlyingSleeves"],"picked":"Protect","floor":1.0},{"not_picked":["PathToVictory","Weave"],"picked":"FearNoEvil","floor":7},{"not_picked":["Indignation","Collect"],"picked":"FollowUp+1","floor":10},{"not_picked":["Prostrate","FollowUp+1"],"picked":"SashWhip+1","floor":12},{"not_picked":["Weave+1","JustLucky+1"],"picked":"CrushJoints+1","floor":14},{"not_picked":["Wish","Devotion"],"picked":"Blasphemy","floor":16},{"not_picked":["PathToVictory","Collect"],"picked":"EmptyBody","floor":18},{"not_picked":["Sanctity","SashWhip+1"],"picked":"ClearTheMind","floor":19},{"not_picked":["CrushJoints+1","Halt"],"picked":"EmptyFist+1","floor":22},{"not_picked":["WaveOfTheHand","Protect"],"picked":"MentalFortress+1","floor":24},{"not_picked":["Collect","Wireheading"],"picked":"Wallop+1","floor":28},{"not_picked":["ClearTheMind","Study"],"picked":"CrushJoints+1","floor":30},{"not_picked":["EmptyBody","SignatureMove+1"],"picked":"CrushJoints+1","floor":31}],"player_experience":69235,"relics_obtained":[{"floor":7,"key":"Turnip"},{"floor":9,"key":"Molten Egg 2"},{"floor":10,"key":"Odd Mushroom"},{"floor":12,"key":"Art of War"},{"floor":24,"key":"InkBottle"},{"floor":26,"key":"Anchor"},{"floor":31,"key":"Singing Bowl"}],"event_choices":[{"damage_healed":0,"gold_gain":50,"player_choice":"Touch","damage_taken":6,"max_hp_gain":0,"max_hp_loss":0,"event_name":"FaceTrader","floor":2,"gold_loss":0},{"damage_healed":0,"gold_gain":0,"player_choice":"Box","damage_taken":0,"relics_obtained":["Pen Nib"],"max_hp_gain":0,"max_hp_loss":0,"event_name":"Big Fish","floor":4,"gold_loss":0,"cards_obtained":["Regret"]},{"damage_healed":0,"gold_gain":0,"player_choice":"Fought Mushrooms","damage_taken":0,"max_hp_gain":0,"max_hp_loss":0,"event_name":"Mushrooms","floor":10,"gold_loss":0},{"damage_healed":52,"gold_gain":0,"player_choice":"Upgrade","damage_taken":20,"max_hp_gain":0,"max_hp_loss":68,"event_name":"betterThird:BetterShining","floor":13,"gold_loss":0,"cards_upgraded":["FearNoEvil","Strike_P"]},{"damage_healed":0,"gold_gain":0,"player_choice":"Obtained Relic","damage_taken":0,"relics_obtained":["StoneCalendar"],"max_hp_gain":0,"max_hp_loss":0,"event_name":"Addict","floor":20,"gold_loss":85},{"damage_healed":0,"gold_gain":0,"player_choice":" Potion ","damage_taken":20,"relics_obtained":[],"max_hp_gain":57,"max_hp_loss":37,"event_name":"betterAltar:BetterAltar","floor":21,"potions_obtained":["betterAltar:AltarPotion"],"relics_lost":[],"gold_loss":0},{"cards_removed":["Strike_P"],"damage_healed":0,"gold_gain":0,"player_choice":"Purged","damage_taken":0,"max_hp_gain":0,"max_hp_loss":0,"event_name":"Purifier","floor":25,"gold_loss":0},{"damage_healed":0,"gold_gain":0,"player_choice":"Opened","damage_taken":0,"relics_obtained":["Nunchaku"],"max_hp_gain":0,"max_hp_loss":0,"event_name":"The Mausoleum","floor":29,"gold_loss":0,"cards_obtained":["Writhe"]}],"is_beta":false,"boss_relics":[{"not_picked":["Sozu","Coffee Dripper"],"picked":"VioletLotus"}],"items_purged_floors":[5],"is_endless":false,"potions_floor_spawned":[1,14,16,18,24,31],"killed_by":"Automaton","ascension_level":20}}