{"host":"zp8jvycvinn13jdb","time":1614278451,"event":{"mods":["BaseMod","Better Match","Colored Powertips","Downfall","Googly Eyes","Hermit","Minty Spire (QoL Compilation)","Rare Cards Sparkle","Relic Stats","StSLib","SuperFastMode","Synergy Search","The Bug Knight","The Cursed"],"gold_per_floor":[112,5,15,15,15,15,46,46,46,65,65,65,65,83,83,83,83],"floor_reached":16,"language":"ENG","playtime":633,"items_purged":[],"score":123,"play_id":"25990c82-c393-4575-aaea-753432143050","local_time":"20210225134051","is_ascension_mode":false,"campfire_choices":[{"data":"Armaments","floor":6,"key":"SMITH"},{"floor":8,"key":"REST"},{"data":"Enlightenment","floor":11,"key":"SMITH"},{"data":"Dual Wield","floor":13,"key":"SMITH"},{"data":"Headbutt","floor":15,"key":"SMITH"}],"circlet_count":0,"master_deck":["Strike_R","Strike_R","Strike_R","Strike_R","Strike_R","Defend_R","Defend_R","Defend_R","Defend_R","Bash","Injury","Feed","Armaments+1","Headbutt","Enlightenment+1","Shrug It Off","Feed","Dual Wield+1","Headbutt+1"],"relics":["Burning Blood","Singing Bowl","Shuriken","Bronze Scales","Frozen Egg 2"],"acts_visited":["Exordium"],"potions_floor_usage":[7],"damage_taken":[{"damage":10,"enemies":"Small Slimes","floor":1,"turns":3},{"damage":10,"enemies":"Jaw Worm","floor":3,"turns":4},{"damage":33,"enemies":"3 Sentries","floor":7,"turns":10},{"damage":4,"enemies":"Cultist","floor":10,"turns":4},{"damage":4,"enemies":"2 Fungi Beasts","floor":14,"turns":4},{"damage":91,"enemies":"The Guardian","floor":16,"turns":13}],"seed_played":"-5864123317890136697","potions_obtained":[{"floor":3,"key":"ColorlessPotion"},{"floor":14,"key":"SpeedPotion"}],"is_trial":false,"path_per_floor":["M","$","M","?","T","R","E","R","T","M","R","?","R","M","R","B"],"character_chosen":"IRONCLAD","items_purchased":["Headbutt","Enlightenment"],"campfire_rested":1,"item_purchase_floors":[2,2],"current_hp_per_floor":[79,79,79,72,72,72,48,75,75,80,80,80,80,85,85,0,0],"gold":83,"neow_bonus":"THREE_RARE_CARDS","is_daily":false,"chose_seed":false,"campfire_upgraded":4,"win_rate":0.0,"timestamp":1614278451,"path_taken":["M","$","M","?","?","R","E","R","T","?","R","?","R","M","R","BOSS"],"items_purchased_type":["Card","Card"],"build_version":"2020-12-22","purchased_purges":0,"victory":false,"max_hp_per_floor":[83,83,87,87,87,87,90,90,90,93,93,93,93,96,96,96,96],"relic_stats":{"Singing Bowl":0,"counters":[6,38],"Shuriken":[2],"Bronze Scales":[66],"obtain_stats":[{"Singing Bowl":4,"Shuriken":5,"Bronze Scales":7,"Frozen Egg 2":9,"Burning Blood":0},{"Singing Bowl":2,"Shuriken":2,"Bronze Scales":3,"Frozen Egg 2":3,"Burning Blood":0},{"Singing Bowl":7,"Shuriken":7,"Bronze Scales":17,"Frozen Egg 2":17,"Burning Blood":0}],"Burning Blood":30},"card_choices":[{"not_picked":["Double Tap","Bludgeon"],"picked":"Feed","floor":0},{"not_picked":["Headbutt","Clash"],"picked":"Armaments","floor":1},{"not_picked":["Perfected Strike","True Grit"],"picked":"Shrug It Off","floor":3},{"not_picked":["Bloodletting","Heavy Blade"],"picked":"Feed","floor":7},{"not_picked":["Perfected Strike","Evolve+1"],"picked":"Dual Wield","floor":10},{"not_picked":["Body Slam","Perfected Strike"],"picked":"Headbutt","floor":14}],"player_experience":182325,"relics_obtained":[{"floor":5,"key":"Shuriken"},{"floor":7,"key":"Bronze Scales"},{"floor":9,"key":"Frozen Egg 2"}],"event_choices":[{"damage_healed":0,"gold_gain":0,"player_choice":"Success","damage_taken":7,"relics_obtained":["Singing Bowl"],"max_hp_gain":0,"max_hp_loss":0,"event_name":"Scrap Ooze","floor":4,"gold_loss":0},{"damage_healed":0,"gold_gain":0,"player_choice":"Ignored","damage_taken":0,"max_hp_gain":0,"max_hp_loss":0,"event_name":"Shining Light","floor":12,"gold_loss":0}],"is_beta":false,"boss_relics":[],"items_purged_floors":[],"is_endless":false,"potions_floor_spawned":[3,14],"killed_by":"The Guardian","ascension_level":0}}