{"host":"zxd2l8an9de7z7b9","time":1614270065,"event":{"mods":["100% Spire Juice","2.2 Compatiblity","AchievementEnabler","BaseMod","CapriCore","Colored Map","Colored Powertips","Marisa£¨Ùöéë¡¡Øª×âÞÞ£©","Minty Spire (QoL Compilation)","Rare Cards Sparkle","StSLib","SuperFastMode","Td1madao Mod","everything is the same but u backflip on backflip"],"gold_per_floor":[118,137,151,151,76,76,111,111,136,158,170,170,170,191,191,310,310,331,350,350,350,105,180,200,75,123,123,123,139,158,207,207,335,335,351,201,269,289,352,352,387,387,457,493,58,58,74,0,0,0],"floor_reached":51,"language":"KOR","playtime":1327,"items_purged":["Strike_B","Strike_B","Strike_B","Zap+1","Defend_B"],"score":851,"play_id":"7d93b830-5507-4b7b-aaee-f8551ce33b6c","local_time":"20210226012105","is_ascension_mode":false,"campfire_choices":[{"data":"Dualcast","floor":6.0,"key":"SMITH"},{"data":"Hologram","floor":8.0,"key":"SMITH"},{"floor":15.0,"key":"REST"},{"data":"Double Energy","floor":28.0,"key":"SMITH"},{"data":"Meteor Strike","floor":32.0,"key":"SMITH"},{"data":"Fission","floor":40.0,"key":"SMITH"},{"floor":42.0,"key":"REST"},{"data":"Hyperbeam","floor":49.0,"key":"SMITH"}],"circlet_count":0,"master_deck":["Defend_B+1","Dualcast+1","Sweeping Beam","Hologram+1","Meteor Strike+1","Hyperbeam+1","Double Energy+1","Fission+1","Hologram+1"],"relics":["Cracked Core","NeowsBlessing","Nunchaku","Oddly Smooth Stone","Odd Mushroom","Happy Flower","Golden Idol","Empty Cage","Enchiridion","Vajra","War Paint","Boot","SacredBark","Incense Burner","FossilizedHelix","Pen Nib","StrikeDummy","Ornamental Fan","Bottled Flame","Red Mask"],"acts_visited":["Exordium","TheCity","TheBeyond"],"potions_floor_usage":[50,50],"damage_taken":[{"damage":0.0,"enemies":"Cultist","floor":1.0,"turns":1.0},{"damage":0.0,"enemies":"Small Slimes","floor":2.0,"turns":1.0},{"damage":0.0,"enemies":"Jaw Worm","floor":3.0,"turns":1.0},{"damage":16.0,"enemies":"Gremlin Nob","floor":7.0,"turns":3.0},{"damage":6.0,"enemies":"The Mushroom Lair","floor":10.0,"turns":3.0},{"damage":0.0,"enemies":"2 Fungi Beasts","floor":11.0,"turns":3.0},{"damage":4.0,"enemies":"Large Slime","floor":14.0,"turns":5.0},{"damage":29.0,"enemies":"Slime Boss","floor":16.0,"turns":6.0},{"damage":0.0,"enemies":"3 Byrds","floor":18.0,"turns":2.0},{"damage":0.0,"enemies":"Chosen","floor":19.0,"turns":4.0},{"damage":0.0,"enemies":"3 Cultists","floor":24.0,"turns":2.0},{"damage":6.0,"enemies":"Snake Plant","floor":29.0,"turns":2.0},{"damage":0.0,"enemies":"Centurion and Healer","floor":30.0,"turns":2.0},{"damage":0.0,"enemies":"Collector","floor":33.0,"turns":5.0},{"damage":0.0,"enemies":"Orb Walker","floor":35.0,"turns":2.0},{"damage":32.0,"enemies":"2 Orb Walkers","floor":37.0,"turns":4.0},{"damage":0.0,"enemies":"3 Darklings","floor":38.0,"turns":2.0},{"damage":10.0,"enemies":"Mind Bloom Boss Battle","floor":39.0,"turns":4.0},{"damage":0.0,"enemies":"Giant Head","floor":41.0,"turns":5.0},{"damage":0.0,"enemies":"Reptomancer","floor":44.0,"turns":3.0},{"damage":0.0,"enemies":"4 Shapes","floor":47.0,"turns":1.0},{"damage":49,"enemies":"Time Eater","floor":50,"turns":10}],"seed_played":"6488675898040001920","potions_obtained":[{"floor":1.0,"key":"LiquidBronze"},{"floor":3.0,"key":"Fire Potion"},{"floor":11.0,"key":"EssenceOfDarkness"},{"floor":18.0,"key":"Weak Potion"},{"floor":19.0,"key":"EssenceOfSteel"},{"floor":37.0,"key":"Strength Potion"},{"floor":38.0,"key":"SkillPotion"},{"floor":41.0,"key":"LiquidMemories"},{"floor":47.0,"key":"Strength Potion"}],"is_trial":false,"path_per_floor":["M","M","M","?","$","R","E","R","T","?","M","?","?","M","R","B",null,"M","M","?","?","$","?","M","$","T","$","R","M","M","T","R","B",null,"M","$","?","M","?","R","E","R","T","E","$","?","M","?","R","B",null],"character_chosen":"DEFECT","items_purchased":["Vajra","Bottled Flame"],"campfire_rested":2,"item_purchase_floors":[22,45],"current_hp_per_floor":[75,75,75,75,75,75,59,59,59,53,53,46,28,24,46,17,75,75,75,75,59,59,52,52,52,52,52,52,46,46,46,46,46,75,75,75,43,43,33,33,33,55,55,55,55,66,66,66,66,17],"gold":0,"neow_bonus":"THREE_ENEMY_KILL","is_daily":false,"chose_seed":false,"campfire_upgraded":6,"win_rate":0.0,"timestamp":1614270065,"path_taken":["M","M","M","?","$","R","E","R","T","?","M","?","?","M","R","BOSS","M","M","?","?","$","?","?","?","T","$","R","?","M","?","R","BOSS","M","$","?","M","?","R","E","R","T","E","$","?","?","?","R","BOSS"],"items_purchased_type":["Relic","Relic"],"build_version":"2020-12-22","purchased_purges":5,"victory":true,"max_hp_per_floor":[75,75,75,75,75,75,75,75,75,75,75,75,75,75,75,75,75,75,75,75,75,75,75,75,75,75,75,75,75,75,75,75,75,75,75,75,75,75,75,75,75,75,75,75,75,66,66,66,66,66],"card_choices":[{"not_picked":["Capacitor","Ball Lightning","Steam"],"picked":"SKIP","floor":1.0},{"not_picked":["Compile Driver","Gash","Heatsinks"],"picked":"SKIP","floor":2.0},{"not_picked":["Consume","Coolheaded","Sweeping Beam"],"picked":"SKIP","floor":3.0},{"not_picked":["Consume","Coolheaded"],"picked":"Sweeping Beam","floor":3.0},{"not_picked":["Gash","Redo"],"picked":"Hologram","floor":7.0},{"not_picked":["Stack","Sweeping Beam"],"picked":"Meteor Strike","floor":11.0},{"not_picked":["Leap","Coolheaded","Sweeping Beam"],"picked":"SKIP","floor":14.0},{"not_picked":["Multi-Cast","Machine Learning"],"picked":"Hyperbeam","floor":16.0},{"not_picked":["Barrage","Heatsinks+1","Leap"],"picked":"SKIP","floor":18.0},{"not_picked":["Stack+1","Hologram","Cold Snap"],"picked":"SKIP","floor":19.0},{"not_picked":["Hologram","White Noise"],"picked":"Double Energy","floor":24.0},{"not_picked":["Reinforced Body+1","Redo","Hologram"],"picked":"SKIP","floor":29.0},{"not_picked":["FTL","Steam","Stack"],"picked":"SKIP","floor":30.0},{"not_picked":["Electrodynamics","Machine Learning"],"picked":"Fission","floor":33.0},{"not_picked":["Stack+1","Sweeping Beam","Ball Lightning"],"picked":"SKIP","floor":35.0},{"not_picked":["Glacier+1","Steam+1","Stack+1"],"picked":"SKIP","floor":38.0},{"not_picked":["Doom and Gloom+1","Coolheaded+1"],"picked":"Hologram+1","floor":39.0},{"not_picked":["Genetic Algorithm","Hologram","Reinforced Body+1"],"picked":"SKIP","floor":41.0},{"not_picked":["Genetic Algorithm+1","Scrape","Leap"],"picked":"SKIP","floor":44.0},{"not_picked":["Gash+1","Reinforced Body+1","Beam Cell"],"picked":"SKIP","floor":47.0}],"player_experience":480239,"relics_obtained":[{"floor":7.0,"key":"Nunchaku"},{"floor":9.0,"key":"Oddly Smooth Stone"},{"floor":10.0,"key":"Odd Mushroom"},{"floor":21.0,"key":"Enchiridion"},{"floor":26.0,"key":"War Paint"},{"floor":31.0,"key":"Boot"},{"floor":37.0,"key":"Incense Burner"},{"floor":39.0,"key":"FossilizedHelix"},{"floor":41.0,"key":"Pen Nib"},{"floor":43.0,"key":"StrikeDummy"},{"floor":44.0,"key":"Ornamental Fan"}],"event_choices":[{"cards_removed":["Strike_B"],"damage_healed":0.0,"max_hp_gain":0.0,"max_hp_loss":0.0,"gold_gain":0.0,"event_name":"Living Wall","player_choice":"Forget","floor":4.0,"gold_loss":0.0,"damage_taken":0.0},{"damage_healed":0.0,"max_hp_gain":0.0,"max_hp_loss":0.0,"gold_gain":0.0,"event_name":"Mushrooms","player_choice":"Fought Mushrooms","floor":10.0,"gold_loss":0.0,"damage_taken":0.0},{"damage_healed":0.0,"max_hp_gain":0.0,"max_hp_loss":0.0,"gold_gain":0.0,"event_name":"Scrap Ooze","player_choice":"Success","floor":12.0,"gold_loss":0.0,"damage_taken":7.0,"relics_obtained":["Happy Flower"]},{"damage_healed":0.0,"max_hp_gain":0.0,"max_hp_loss":0.0,"gold_gain":0.0,"event_name":"Golden Idol","player_choice":"Take Damage","floor":13.0,"gold_loss":0.0,"damage_taken":18.0,"relics_obtained":["Golden Idol"]},{"damage_healed":0.0,"max_hp_gain":0.0,"max_hp_loss":0.0,"gold_gain":0.0,"event_name":"Cursed Tome","player_choice":"Obtained Book","floor":21.0,"gold_loss":0.0,"damage_taken":16.0},{"damage_healed":0.0,"max_hp_gain":0.0,"max_hp_loss":0.0,"gold_gain":75.0,"event_name":"FaceTrader","player_choice":"Touch","floor":23.0,"gold_loss":0.0,"damage_taken":7.0},{"damage_healed":0.0,"max_hp_gain":0.0,"max_hp_loss":0.0,"gold_gain":0.0,"event_name":"Mysterious Sphere","player_choice":"Fight","floor":37.0,"gold_loss":0.0,"damage_taken":0.0},{"damage_healed":0.0,"max_hp_gain":0.0,"max_hp_loss":0.0,"gold_gain":0.0,"event_name":"MindBloom","player_choice":"Fight","floor":39.0,"gold_loss":0.0,"damage_taken":0.0},{"damage_healed":66.0,"max_hp_gain":0.0,"max_hp_loss":9.0,"gold_gain":0.0,"event_name":"The Moai Head","player_choice":"Heal","floor":46.0,"gold_loss":0.0,"damage_taken":0.0},{"damage_healed":0.0,"max_hp_gain":0.0,"max_hp_loss":0.0,"gold_gain":0.0,"event_name":"Tomb of Lord Red Mask","player_choice":"Paid","floor":48.0,"gold_loss":74.0,"damage_taken":0.0,"relics_obtained":["Red Mask"]}],"is_beta":false,"boss_relics":[{"not_picked":["Coffee Dripper","Black Star"],"picked":"Empty Cage"},{"not_picked":["Snecko Eye","Busted Crown"],"picked":"SacredBark"}],"items_purged_floors":[5,22,25,36,45],"is_endless":false,"potions_floor_spawned":[1,3,11,18,19,37,38,41,47],"ascension_level":0}}