{"host":"ur8591ivwt16uwtw","time":1614295441,"event":{"mods":["BaseMod","Hubris","Minty Spire (QoL Compilation)","Rare Cards Sparkle","Replay The Spire","StSLib","The Disciple","The Necromancer","The Runesmith","The Servant 0.9.4"],"gold_per_floor":[115,135,202,212,137,137,154,189,212,212,226,242,242,84,84,84,84],"floor_reached":16,"language":"ENG","playtime":648,"items_purged":["Strike_W","Strike_W"],"score":102,"play_id":"9de8b6b4-b794-411b-b29a-6ffa6def5314","local_time":"20210226002401","is_ascension_mode":false,"campfire_choices":[{"data":"Blood_for_Blood","floor":6,"key":"SMITH"},{"data":"Blood_Whip","floor":10,"key":"SMITH"},{"data":"Shade_Step","floor":15,"key":"SMITH"}],"circlet_count":0,"master_deck":["Strike_W","Defend_W","Defend_W","Defend_W","Defend_W","Negative_Energy_Arrows","Bone_Wall","Blood_for_Blood+1","Bone_Armor","Bone_Bullets","Hellfire","Blood_Whip+1","Shade_Step+1","Bone_Armory","Bone_Armory"],"relics":["hubris:ScarierMask","Bag of Preparation","Bird Faced Urn","Bag of Marbles"],"acts_visited":["Exordium"],"potions_floor_usage":[11,12,16,16],"damage_taken":[{"damage":4,"enemies":"Jaw Worm","floor":1,"turns":4},{"damage":0,"enemies":"2 Louse","floor":2,"turns":2},{"damage":0,"enemies":"Small Slimes","floor":4,"turns":3},{"damage":5,"enemies":"Looter","floor":7,"turns":3},{"damage":20,"enemies":"Gremlin Nob","floor":8,"turns":4},{"damage":2,"enemies":"Exordium Thugs","floor":11,"turns":2},{"damage":2,"enemies":"Large Slime","floor":12,"turns":5},{"damage":25,"enemies":"The Guardian","floor":16,"turns":13}],"seed_played":"2715357332658237050","potions_obtained":[{"floor":1,"key":"GamblersBrew"},{"floor":2,"key":"Block Potion"},{"floor":3,"key":"Fruit Juice"},{"floor":8,"key":"LifebloodPotion"},{"floor":11,"key":"Energy Potion"}],"is_trial":false,"path_per_floor":["M","M","?","M","$","R","M","E","T","R","M","M","?","$","R","B"],"character_chosen":"NECROMANCER","items_purchased":["Bone_Armory"],"campfire_rested":0,"item_purchase_floors":[14],"current_hp_per_floor":[71,71,41,41,41,41,36,16,16,16,19,19,12,12,12,0,0],"gold":84,"neow_bonus":"BOSS_RELIC","is_daily":false,"chose_seed":false,"campfire_upgraded":3,"win_rate":0.0,"timestamp":1614295441,"path_taken":["M","M","?","M","$","R","M","E","T","R","M","M","?","$","R","BOSS"],"items_purchased_type":["Card"],"build_version":"2020-12-22","purchased_purges":2,"victory":false,"max_hp_per_floor":[75,75,75,75,75,75,75,75,75,75,80,80,80,80,80,80,80],"card_choices":[{"not_picked":["Flesh_Made_Foul","Bone_Spikes"],"picked":"Blood_for_Blood","floor":1},{"not_picked":["Bone_Spikes","Finger_Of_Death","Bone_Shift"],"picked":"SKIP","floor":2},{"not_picked":["Consume_Illness","Negative_Energy_Mist"],"picked":"Bone_Armor","floor":3},{"not_picked":["Negative_Energy_Shield","Consume_Illness"],"picked":"Bone_Bullets","floor":3},{"not_picked":["Vampiric_Strike","Blood_for_Blood"],"picked":"Hellfire","floor":4},{"not_picked":["Negative_Energy_Mist","Finger_Of_Death","Death_Coil"],"picked":"SKIP","floor":7},{"not_picked":["Bone_Armor","Requiem"],"picked":"Blood_Whip","floor":8},{"not_picked":["Negative_Energy_Shield","Finger_Of_Death"],"picked":"Shade_Step","floor":11},{"not_picked":["Negative_Energy_Burst","Bone_Spikes","Negative_Energy_Shield"],"picked":"SKIP","floor":12}],"player_experience":2351846,"relics_obtained":[{"floor":3,"key":"Bag of Preparation"},{"floor":8,"key":"Bird Faced Urn"},{"floor":9,"key":"Bag of Marbles"}],"event_choices":[{"cards_removed":["Strike_W"],"damage_healed":0,"gold_gain":0,"player_choice":"Card Removal","damage_taken":7,"max_hp_gain":0,"max_hp_loss":0,"event_name":"Golden Wing","floor":13,"gold_loss":0}],"is_beta":false,"boss_relics":[],"items_purged_floors":[5,14],"is_endless":false,"potions_floor_spawned":[1,2,8,11],"killed_by":"The Guardian","ascension_level":0}}