{"host":"a5lz0e76zb3fcwkm","time":1614261939,"event":{"mods":["AchievementEnabler","BaseMod","Colored Map","Colored Powertips","Minty Spire (QoL Compilation)","StSLib","SuperFastMode"],"gold_per_floor":[112,112,112,37,47,80,80,91,91,125,125,157,9,24,24,98,98,112,122,142,154,154,154,171,201,246,246,246,264,42,92,92,169,169,179,179,179,179],"floor_reached":37,"language":"KOR","playtime":1378,"items_purged":["Defend_G","Strike_G","Shame"],"score":864,"play_id":"739a29b2-a6f3-45ad-8b64-bd736840823d","local_time":"20210225230539","is_ascension_mode":true,"campfire_choices":[{"data":"Blade Dance","floor":7.0,"key":"SMITH"},{"data":"Cloak And Dagger","floor":11.0,"key":"SMITH"},{"floor":15.0,"key":"REST"},{"floor":23.0,"key":"REST"},{"floor":28.0,"key":"REST"},{"floor":32.0,"key":"RECALL"}],"circlet_count":0,"master_deck":["AscendersBane","Strike_G","Defend_G","Defend_G","Defend_G","Survivor","Neutralize","Dagger Spray","Blade Dance+1","Cloak And Dagger+1","Crippling Poison+1","Envenom+1","Blur+1","After Image","PiercingWail","Infinite Blades","Cloak And Dagger+1","Corpse Explosion","Adrenaline","Acrobatics"],"relics":["Ring of the Snake","NeowsBlessing","Torii","Gremlin Horn","Matryoshka","The Courier","Cursed Key","MealTicket","War Paint","Centennial Puzzle","Empty Cage"],"acts_visited":["Exordium","TheCity","TheBeyond"],"potions_floor_usage":[37],"damage_taken":[{"damage":0.0,"enemies":"Cultist","floor":1.0,"turns":1.0},{"damage":0.0,"enemies":"Jaw Worm","floor":5.0,"turns":1.0},{"damage":0.0,"enemies":"Lagavulin","floor":6.0,"turns":1.0},{"damage":0.0,"enemies":"Small Slimes","floor":8.0,"turns":2.0},{"damage":3.0,"enemies":"3 Sentries","floor":10.0,"turns":8.0},{"damage":48.0,"enemies":"Lagavulin","floor":12.0,"turns":11.0},{"damage":0.0,"enemies":"Red Slaver","floor":14.0,"turns":3.0},{"damage":10.0,"enemies":"The Guardian","floor":16.0,"turns":13.0},{"damage":14.0,"enemies":"Chosen","floor":18.0,"turns":5.0},{"damage":2.0,"enemies":"Spheric Guardian","floor":19.0,"turns":6.0},{"damage":0.0,"enemies":"Centurion and Healer","floor":20.0,"turns":7.0},{"damage":14.0,"enemies":"Snake Plant","floor":21.0,"turns":6.0},{"damage":12.0,"enemies":"Shelled Parasite and Fungi","floor":24.0,"turns":9.0},{"damage":3.0,"enemies":"Gremlin Leader","floor":25.0,"turns":9.0},{"damage":1.0,"enemies":"Centurion and Healer","floor":29.0,"turns":7.0},{"damage":42.0,"enemies":"Collector","floor":33.0,"turns":9.0},{"damage":3.0,"enemies":"3 Shapes","floor":35.0,"turns":5.0},{"damage":55,"enemies":"2 Orb Walkers","floor":37,"turns":3}],"seed_played":"908986654783504336","potions_obtained":[{"floor":5.0,"key":"Fire Potion"},{"floor":10.0,"key":"SneckoOil"},{"floor":12.0,"key":"Fire Potion"},{"floor":16.0,"key":"Poison Potion"},{"floor":18.0,"key":"DuplicationPotion"},{"floor":20.0,"key":"FearPotion"},{"floor":24.0,"key":"SkillPotion"},{"floor":33.0,"key":"Fire Potion"}],"is_trial":false,"path_per_floor":["M","T","?","$","M","E","R","M","T","E","R","E","$","M","R","B",null,"M","M","M","M","?","R","M","E","T","?","R","M","$","?","R","B",null,"M","?","?"],"character_chosen":"THE_SILENT","items_purchased":["Blur","Corpse Explosion"],"campfire_rested":3,"item_purchase_floors":[13,30],"current_hp_per_floor":[59,59,52,52,52,52,52,52,52,49,49,1,1,1,20,10,52,38,36,36,22,22,41,29,26,26,26,45,44,59,59,59,17,54,51,51,0,0],"gold":179,"neow_bonus":"THREE_ENEMY_KILL","is_daily":false,"chose_seed":false,"campfire_upgraded":2,"win_rate":0.0,"timestamp":1614261939,"path_taken":["M","?","?","?","?","E","R","M","T","E","R","E","$","M","R","BOSS","M","M","M","M","?","R","?","E","T","?","R","M","$","?","R","BOSS","M","?","?"],"items_purchased_type":["Card","Card"],"build_version":"2020-12-22","purchased_purges":3,"victory":false,"max_hp_per_floor":[66,66,66,66,66,66,66,66,66,66,66,66,66,66,66,66,66,66,66,66,66,66,66,66,66,66,66,66,66,66,66,66,66,66,66,66,66,66],"card_choices":[{"not_picked":["Slice","Dodge and Roll"],"picked":"Dagger Spray","floor":1.0},{"not_picked":["Acrobatics","Outmaneuver"],"picked":"Blade Dance","floor":5.0},{"not_picked":["Leg Sweep","Glass Knife","Dodge and Roll"],"picked":"SKIP","floor":6.0},{"not_picked":["Bane","Outmaneuver"],"picked":"Cloak And Dagger","floor":8.0},{"not_picked":["Poisoned Stab","Wraith Form v2"],"picked":"Crippling Poison","floor":10.0},{"not_picked":["Backflip","Concentrate"],"picked":"Envenom","floor":12.0},{"not_picked":["Prepared","Flying Knee","Riddle With Holes"],"picked":"SKIP","floor":14.0},{"not_picked":["Night Terror","Malaise"],"picked":"After Image","floor":16.0},{"not_picked":["Bane","Dagger Throw","Deflect"],"picked":"SKIP","floor":18.0},{"not_picked":["Backstab","Noxious Fumes+1"],"picked":"PiercingWail","floor":19.0},{"not_picked":["Slice","Heel Hook","Deadly Poison"],"picked":"SKIP","floor":20.0},{"not_picked":["Bane","Dagger Throw","Sucker Punch"],"picked":"SKIP","floor":21.0},{"not_picked":["Backflip","Slice"],"picked":"Infinite Blades","floor":24.0},{"not_picked":["Dagger Spray","Sucker Punch","Backstab"],"picked":"SKIP","floor":25.0},{"not_picked":["Heel Hook","Noxious Fumes"],"picked":"Cloak And Dagger+1","floor":29.0},{"not_picked":["Glass Knife","Malaise"],"picked":"Adrenaline","floor":33.0},{"not_picked":["Prepared","Dodge and Roll"],"picked":"Acrobatics","floor":35.0}],"player_experience":1920331,"relics_obtained":[{"floor":6.0,"key":"Torii"},{"floor":9.0,"key":"Gremlin Horn"},{"floor":10.0,"key":"Matryoshka"},{"floor":12.0,"key":"The Courier"},{"floor":25.0,"key":"MealTicket"},{"floor":26.0,"key":"War Paint"},{"floor":26.0,"key":"Centennial Puzzle"}],"event_choices":[{"cards_removed":["Strike_G"],"damage_healed":0.0,"max_hp_gain":0.0,"max_hp_loss":0.0,"gold_gain":0.0,"event_name":"Golden Wing","player_choice":"Card Removal","floor":3.0,"gold_loss":0.0,"damage_taken":7.0},{"damage_healed":0.0,"max_hp_gain":0.0,"max_hp_loss":0.0,"gold_gain":0.0,"event_name":"Accursed Blacksmith","player_choice":"Forge","floor":22.0,"gold_loss":0.0,"damage_taken":0.0,"cards_upgraded":["Envenom"]},{"damage_healed":0.0,"max_hp_gain":0.0,"max_hp_loss":0.0,"gold_gain":0.0,"event_name":"Ghosts","player_choice":"Ignored","floor":27.0,"gold_loss":0.0,"damage_taken":0.0},{"damage_healed":0.0,"max_hp_gain":0.0,"max_hp_loss":0.0,"gold_gain":50.0,"event_name":"Nest","player_choice":"Stole From Cult","floor":31.0,"gold_loss":0.0,"damage_taken":0.0},{"cards_removed":["Strike_G"],"damage_healed":0.0,"max_hp_gain":0.0,"max_hp_loss":0.0,"gold_gain":0.0,"event_name":"Falling","player_choice":"Removed Attack","floor":36.0,"gold_loss":0.0,"damage_taken":0.0},{"damage_healed":0,"gold_gain":0,"player_choice":"Fight","damage_taken":0,"max_hp_gain":0,"max_hp_loss":0,"event_name":"Mysterious Sphere","floor":37,"gold_loss":0}],"is_beta":false,"boss_relics":[{"not_picked":["Philosopher\u0027s Stone","Pandora\u0027s Box"],"picked":"Cursed Key"},{"not_picked":["HoveringKite","Runic Dome"],"picked":"Empty Cage"}],"items_purged_floors":[4,13,30],"is_endless":false,"potions_floor_spawned":[5,10,12,16,18,20,24,33],"killed_by":"2 Orb Walkers","ascension_level":20}}