{"host":"6ggzka4dag2kvku2","time":1614223805,"event":{"mods":["AchievementEnabler","BaseMod","DeckTracker","Minty Spire (QoL Compilation)","Permanent Neow","Quick Restart","SuperFastMode"],"gold_per_floor":[113,131,148,165,176,176,176,206,206,206,225,225,150,176,176,274,274,284,89,4,14,14,14,42,42,42,70,82,82,115,115,115,218,268,281,299,299,310,54,71,84,84,138,155,180,180,194,221,221,221,221,221,44,44,44],"floor_reached":54,"language":"KOR","playtime":2804,"items_purged":["Strike_B","Streamline"],"score":1120,"play_id":"a6189c99-c5f5-4339-914d-dd478b6affe1","local_time":"20210225123005","is_ascension_mode":true,"campfire_choices":[{"data":"Dualcast","floor":6,"key":"SMITH"},{"data":"White Noise","floor":10,"key":"SMITH"},{"data":"Coolheaded","floor":15,"key":"SMITH"},{"data":"Mayhem","floor":23,"key":"SMITH"},{"data":"Machine Learning","floor":25,"key":"SMITH"},{"floor":29,"key":"RECALL"},{"data":"Capacitor","floor":32,"key":"SMITH"},{"data":"Amplify","floor":46,"key":"SMITH"},{"data":"Machine Learning","floor":49,"key":"SMITH"},{"floor":52,"key":"DIG"}],"circlet_count":0,"master_deck":["Zap","Dualcast+1","Electrodynamics+1","Sweeping Beam","Conserve Battery","Ball Lightning","Coolheaded+1","White Noise+1","Hologram","Cold Snap","Machine Learning+1","Reinforced Body","Sunder+1","Force Field","Machine Learning+1","Capacitor+1","Mayhem+1","Ghostly","Ghostly","Ghostly","Ghostly","Ghostly","Double Energy+1","Recycle+1","Consume+1","Static Discharge+1","Defragment+1","Streamline","Echo Form+1","Defragment+1","Echo Form+1","Amplify+1","Secret Technique","Loop+1","Mayhem+1"],"relics":["Cracked Core","Ancient Tea Set","Bottled Lightning","Shovel","Mercury Hourglass","Pandora\u0027s Box","Mummified Hand","Frozen Egg 2","Pantograph","Strawberry","Tiny Chest","Tiny House","Letter Opener","Bottled Flame","Shuriken"],"acts_visited":["Exordium","TheCity","TheBeyond","TheEnding"],"potions_floor_usage":[8,14,33,36,38,50],"damage_taken":[{"damage":1,"enemies":"Cultist","floor":1,"turns":3},{"damage":8,"enemies":"Small Slimes","floor":2,"turns":2},{"damage":7,"enemies":"Jaw Worm","floor":3,"turns":3},{"damage":0,"enemies":"Large Slime","floor":4,"turns":4},{"damage":6,"enemies":"Looter","floor":5,"turns":3},{"damage":0,"enemies":"3 Sentries","floor":8,"turns":2},{"damage":0,"enemies":"2 Fungi Beasts","floor":11,"turns":1},{"damage":9,"enemies":"Lagavulin","floor":14,"turns":7},{"damage":0,"enemies":"Slime Boss","floor":16,"turns":4},{"damage":12,"enemies":"3 Byrds","floor":18,"turns":2},{"damage":19,"enemies":"2 Thieves","floor":21,"turns":3},{"damage":0,"enemies":"Gremlin Leader","floor":24,"turns":6},{"damage":0,"enemies":"Book of Stabbing","floor":27,"turns":5},{"damage":0,"enemies":"Snake Plant","floor":28,"turns":4},{"damage":3,"enemies":"Gremlin Leader","floor":30,"turns":5},{"damage":2,"enemies":"Champ","floor":33,"turns":7},{"damage":0,"enemies":"3 Darklings","floor":35,"turns":3},{"damage":1,"enemies":"Orb Walker","floor":36,"turns":4},{"damage":4,"enemies":"Jaw Worm Horde","floor":38,"turns":3},{"damage":0,"enemies":"Maw","floor":40,"turns":5},{"damage":0,"enemies":"3 Darklings","floor":41,"turns":4},{"damage":1,"enemies":"Transient","floor":44,"turns":5},{"damage":0,"enemies":"Reptomancer","floor":45,"turns":4},{"damage":0,"enemies":"Sphere and 2 Shapes","floor":47,"turns":4},{"damage":1,"enemies":"Giant Head","floor":48,"turns":6},{"damage":18,"enemies":"Donu and Deca","floor":50,"turns":8},{"damage":77,"enemies":"Shield and Spear","floor":54,"turns":3}],"seed_played":"-3127040171942544283","potions_obtained":[{"floor":3,"key":"FocusPotion"},{"floor":11,"key":"SkillPotion"},{"floor":14,"key":"Fire Potion"},{"floor":16,"key":"DistilledChaos"},{"floor":18,"key":"Block Potion"},{"floor":34,"key":"SneckoOil"},{"floor":36,"key":"Dexterity Potion"},{"floor":41,"key":"ColorlessPotion"},{"floor":48,"key":"FocusPotion"}],"is_trial":false,"path_per_floor":["M","M","M","M","M","R","?","E","T","R","M","?","$","E","R","B",null,"M","$","?","M","?","R","E","R","T","E","M","R","E","?","R","B",null,"M","M","?","M","$","M","M","?","T","M","E","R","M","E","R","B",null,"R","$","E"],"character_chosen":"DEFECT","items_purchased":["Mayhem","Echo Form+1","Mayhem+1"],"campfire_rested":0,"item_purchase_floors":[19,39,53],"current_hp_per_floor":[74,66,59,59,53,53,53,53,53,53,53,35,35,26,26,26,75,63,63,63,44,37,37,37,37,37,44,44,44,41,41,41,42,49,49,48,48,44,44,44,44,44,44,43,43,43,43,42,42,31,49,49,49,0,0],"gold":44,"neow_bonus":"ONE_RANDOM_RARE_CARD","is_daily":false,"chose_seed":false,"campfire_upgraded":8,"win_rate":0.0,"timestamp":1614223805,"path_taken":["M","M","M","M","?","R","?","E","T","R","M","?","$","E","R","BOSS","M","$","?","M","?","R","E","R","T","E","M","R","E","?","R","BOSS","M","M","?","M","$","M","M","?","T","M","E","R","M","E","R","BOSS","R","$","E"],"items_purchased_type":["Card","Card","Card"],"build_version":"2020-12-22","purchased_purges":2,"victory":false,"max_hp_per_floor":[75,75,75,75,75,75,75,75,75,75,75,75,75,75,75,75,75,75,75,75,75,37,37,37,37,37,44,44,44,44,44,44,44,49,49,49,49,49,49,49,49,49,49,49,49,49,49,49,49,49,49,49,49,49,49],"card_choices":[{"not_picked":["Redo","Stack"],"picked":"Streamline","floor":1},{"not_picked":["Undo","Rebound"],"picked":"Sweeping Beam","floor":2},{"not_picked":["Coolheaded","Barrage"],"picked":"Conserve Battery","floor":3},{"not_picked":["Beam Cell","Stack"],"picked":"Ball Lightning","floor":4},{"not_picked":["Hello World","Redo"],"picked":"Coolheaded","floor":5},{"not_picked":["Cold Snap","Fission"],"picked":"White Noise","floor":8},{"not_picked":["Compile Driver","Stack"],"picked":"Hologram","floor":11},{"not_picked":["Sweeping Beam","Genetic Algorithm"],"picked":"Cold Snap","floor":14},{"not_picked":["Biased Cognition","Hyperbeam"],"picked":"Machine Learning","floor":16},{"not_picked":["Steam","Gash","Rebound"],"picked":"SKIP","floor":18},{"not_picked":["Capacitor","Sweeping Beam","Gash+1"],"picked":"SKIP","floor":21},{"not_picked":["Go for the Eyes+1","Streamline"],"picked":"Double Energy+1","floor":24},{"not_picked":["Double Energy","Sunder"],"picked":"Recycle+1","floor":27},{"not_picked":["Cold Snap","Conserve Battery"],"picked":"Consume+1","floor":28},{"not_picked":["Sweeping Beam","Barrage"],"picked":"Static Discharge+1","floor":30},{"not_picked":["Reboot","Biased Cognition+1"],"picked":"Echo Form+1","floor":33},{"not_picked":["Conserve Battery","Beam Cell"],"picked":"Defragment+1","floor":34},{"not_picked":["Leap+1","Conserve Battery+1","Streamline"],"picked":"SKIP","floor":35},{"not_picked":["Go for the Eyes+1","Streamline+1","Steam"],"picked":"SKIP","floor":36},{"not_picked":["Tempest","Cold Snap","Auto Shields"],"picked":"SKIP","floor":38},{"not_picked":["Double Energy","Gash+1","Stack+1"],"picked":"SKIP","floor":40},{"not_picked":["Chaos+1","Compile Driver+1"],"picked":"Amplify","floor":41},{"not_picked":["Madness","Blind"],"picked":"Secret Technique","floor":42},{"not_picked":["Compile Driver","Tempest","Rebound"],"picked":"SKIP","floor":44},{"not_picked":["Redo","Streamline+1","Go for the Eyes+1"],"picked":"SKIP","floor":45},{"not_picked":["Steam+1","Gash","Conserve Battery"],"picked":"SKIP","floor":47},{"not_picked":["Electrodynamics+1","Gash+1"],"picked":"Loop+1","floor":48}],"player_experience":154984,"relics_obtained":[{"floor":8,"key":"Ancient Tea Set"},{"floor":9,"key":"Bottled Lightning"},{"floor":14,"key":"Mercury Hourglass"},{"floor":24,"key":"Frozen Egg 2"},{"floor":26,"key":"Pantograph"},{"floor":27,"key":"Strawberry"},{"floor":30,"key":"Tiny Chest"},{"floor":45,"key":"Letter Opener"},{"floor":48,"key":"Bottled Flame"},{"floor":52,"key":"Shuriken"}],"event_choices":[{"damage_healed":0,"gold_gain":0,"player_choice":"Grow","damage_taken":0,"max_hp_gain":0,"max_hp_loss":0,"event_name":"Living Wall","floor":7,"gold_loss":0,"cards_upgraded":["Electrodynamics"]},{"damage_healed":0,"gold_gain":0,"player_choice":"Success","damage_taken":18,"relics_obtained":["Shovel"],"max_hp_gain":0,"max_hp_loss":0,"event_name":"Scrap Ooze","floor":12,"gold_loss":0},{"damage_healed":0,"gold_gain":0,"player_choice":"Obtained Relic","damage_taken":0,"relics_obtained":["Mummified Hand"],"max_hp_gain":0,"max_hp_loss":0,"event_name":"Addict","floor":20,"gold_loss":85},{"damage_healed":0,"gold_gain":0,"player_choice":"Became a Ghost","damage_taken":0,"max_hp_gain":0,"max_hp_loss":38,"event_name":"Ghosts","floor":22,"gold_loss":0,"cards_obtained":["Ghostly","Ghostly","Ghostly","Ghostly","Ghostly"]},{"damage_healed":0,"gold_gain":0,"cards_transformed":["Scrape","Blizzard"],"player_choice":"Became Test Subject","damage_taken":0,"max_hp_gain":0,"max_hp_loss":0,"event_name":"Drug Dealer","floor":31,"gold_loss":0,"cards_obtained":["Defragment","Streamline"]},{"damage_healed":0,"gold_gain":0,"player_choice":"Ignored","damage_taken":0,"max_hp_gain":0,"max_hp_loss":0,"event_name":"Tomb of Lord Red Mask","floor":37,"gold_loss":0},{"damage_healed":0,"gold_gain":0,"player_choice":"Memory 1","damage_taken":0,"max_hp_gain":0,"max_hp_loss":0,"event_name":"SensoryStone","floor":42,"gold_loss":0}],"is_beta":false,"boss_relics":[{"not_picked":["Sozu","Runic Pyramid"],"picked":"Pandora\u0027s Box"},{"not_picked":["SlaversCollar","Fusion Hammer"],"picked":"Tiny House"}],"items_purged_floors":[13,39],"is_endless":false,"potions_floor_spawned":[3,11,14,16,18,21,24,28,36,41,44,48],"killed_by":"Shield and Spear","ascension_level":4}}