{"host":"c20l7aft63881q3y","time":1614253112,"event":{"mods":["Act Like it!","BaseMod","Colored Powertips","Downfall","Gensokyo","Hallownest","LagranYue(拉格朗・月)","Marisa（F雨　魔理沙）","Minty Spire (QoL Compilation)","Remilia（蕾米莉亚）","Replay The Spire","StSLib","The Animator","The Bug Knight","The Servant 0.9.4","Waifu the Spire","WarShipGirlsR/战舰少女R mod","Youmu（魂魄妖梦）"],"gold_per_floor":[112,128,1,19,31,31,31],"floor_reached":6,"language":"ZHS","playtime":1036,"items_purged":[],"score":38,"play_id":"856393f0-2107-4d4d-9105-b8a615638517","local_time":"20210225193832","is_ascension_mode":false,"campfire_choices":[],"circlet_count":0,"master_deck":["rmod:strick","rmod:strick","rmod:strick","rmod:strick","rmod:defend","rmod:defend","rmod:defend","rmod:defend","rmod:basicallowance","rmod:maingunfire","rmod:steelsupply","rmod:diamondstrike","rmod:chargemoney","rmod:intelligenceanalysis","rmod:luckystar","rmod:generalist"],"relics":["rmod:firstchargereward","LagranYue:RandomDrawCardRelic"],"acts_visited":["Exordium"],"potions_floor_usage":[],"damage_taken":[{"damage":7,"enemies":"2 Louse","floor":1,"turns":2},{"damage":11,"enemies":"Jaw Worm","floor":2,"turns":2},{"damage":0,"enemies":"Small Slimes","floor":4,"turns":3},{"damage":10,"enemies":"Exordium Wildlife","floor":5,"turns":3},{"damage":54,"enemies":"Gremlin Nob","floor":6,"turns":5}],"seed_played":"-5750457149176936733","potions_obtained":[{"floor":4,"key":"SpeedPotion"}],"is_trial":false,"path_per_floor":["M","M","$","M","M","E"],"character_chosen":"PRAEFECT","items_purchased":["rmod:chargemoney","rmod:intelligenceanalysis"],"campfire_rested":0,"item_purchase_floors":[3,3],"current_hp_per_floor":[75,64,64,64,54,0,0],"gold":31,"neow_bonus":"TEN_PERCENT_HP_BONUS","is_daily":false,"chose_seed":false,"campfire_upgraded":0,"win_rate":0.0,"timestamp":1614253112,"path_taken":["M","M","$","M","M","E"],"items_purchased_type":["Card","Card"],"build_version":"2020-12-22","purchased_purges":0,"victory":false,"max_hp_per_floor":[82,82,82,82,82,82,82],"card_choices":[{"not_picked":["rmod:tearstotiara","rmod:fuelsupply"],"picked":"rmod:steelsupply","floor":1},{"not_picked":["rmod:goodsister","rmod:supportescort"],"picked":"rmod:diamondstrike","floor":2},{"not_picked":["rmod:smokecover","rmod:intelligenceanalysis"],"picked":"rmod:luckystar","floor":4},{"not_picked":["rmod:supportescort","rmod:diamondstrike"],"picked":"rmod:generalist","floor":5}],"player_experience":9889,"relics_obtained":[],"event_choices":[],"is_beta":false,"boss_relics":[],"items_purged_floors":[],"is_endless":false,"potions_floor_spawned":[4],"killed_by":"Gremlin Nob","ascension_level":0}}