{"host":"rsokn1b2nrspb1iw","time":1614238854,"event":{"mods":["BaseMod","Better Altar","Better Match","Better Note","Better Sensory Stone","Better Skull","Better Third Choice","Better Vampires","BetterRewards","Block Reminder","Colored Map","Colored Powertips","Curses Come First","Custom Start","GifTheSpireLib","Hermit","Minty Spire (QoL Compilation)","Quick Restart","Rare Cards Sparkle","Relic Stats","Spire Birthday Party","StSLib","Unceasing Turn Reminder"],"gold_per_floor":[109,124,144,144,161,191,191,222,248,248,248,248,265,276,276,374,374,388,401,326,336,336,351,351,351,351,367,378,378,412,425,425,523,523,533,533,545,564,582,615,633,507,577,587,619,639,654,671,671,671],"floor_reached":51,"language":"ENG","playtime":655,"items_purged":["After Image"],"score":1207,"play_id":"257ee61d-8da2-4e1b-bca8-837176322bbb","local_time":"20210225004054","is_ascension_mode":false,"campfire_choices":[{"floor":15,"key":"REST"},{"floor":24,"key":"REST"},{"floor":32,"key":"REST"},{"floor":49,"key":"REST"}],"circlet_count":0,"master_deck":["Grand Finale+1"],"relics":["Ring of the Snake","Unceasing Top","Gremlin Horn","Omamori","Bag of Preparation","The Courier","Bronze Scales","Black Star","Boot","Bag of Marbles","Lee\u0027s Waffle","Question Card","Pen Nib","Blue Candle"],"acts_visited":["Exordium","TheCity","TheBeyond"],"potions_floor_usage":[41],"damage_taken":[{"damage":0,"enemies":"2 Louse","floor":1,"turns":1},{"damage":0,"enemies":"Jaw Worm","floor":2,"turns":1},{"damage":0,"enemies":"Cultist","floor":3,"turns":1},{"damage":0,"enemies":"Gremlin Gang","floor":5,"turns":1},{"damage":0,"enemies":"3 Sentries","floor":6,"turns":1},{"damage":0,"enemies":"3 Louse","floor":7,"turns":1},{"damage":0,"enemies":"Gremlin Nob","floor":8,"turns":1},{"damage":0,"enemies":"Large Slime","floor":13,"turns":1},{"damage":0,"enemies":"Exordium Thugs","floor":14,"turns":1},{"damage":0,"enemies":"Hexaghost","floor":16,"turns":1},{"damage":0,"enemies":"Chosen","floor":18,"turns":1},{"damage":0,"enemies":"2 Thieves","floor":19,"turns":1},{"damage":0,"enemies":"Snake Plant","floor":21,"turns":1},{"damage":0,"enemies":"Centurion and Healer","floor":22,"turns":1},{"damage":0,"enemies":"Sentry and Sphere","floor":23,"turns":1},{"damage":0,"enemies":"Shelled Parasite and Fungi","floor":25,"turns":1},{"damage":0,"enemies":"Centurion and Healer","floor":27,"turns":1},{"damage":0,"enemies":"Snake Plant","floor":28,"turns":1},{"damage":0,"enemies":"Sentry and Sphere","floor":29,"turns":1},{"damage":0,"enemies":"Gremlin Leader","floor":30,"turns":1},{"damage":0,"enemies":"Shelled Parasite and Fungi","floor":31,"turns":1},{"damage":0,"enemies":"Automaton","floor":33,"turns":1},{"damage":0,"enemies":"3 Darklings","floor":35,"turns":1},{"damage":0,"enemies":"Orb Walker","floor":37,"turns":1},{"damage":0,"enemies":"Spire Growth","floor":38,"turns":1},{"damage":6,"enemies":"4 Shapes","floor":39,"turns":1},{"damage":0,"enemies":"Reptomancer","floor":40,"turns":1},{"damage":0,"enemies":"Jaw Worm Horde","floor":41,"turns":1},{"damage":0,"enemies":"Sphere and 2 Shapes","floor":44,"turns":1},{"damage":0,"enemies":"Giant Head","floor":45,"turns":1},{"damage":0,"enemies":"Spire Growth","floor":46,"turns":1},{"damage":0,"enemies":"Transient","floor":47,"turns":1},{"damage":0,"enemies":"Jaw Worm Horde","floor":48,"turns":1},{"damage":0,"enemies":"Donu and Deca","floor":50,"turns":1}],"seed_played":"-7309419897923564302","potions_obtained":[{"floor":8,"key":"Regen Potion"},{"floor":38,"key":"FairyPotion"},{"floor":41,"key":"Fruit Juice"}],"is_trial":true,"path_per_floor":["M","M","M","$","M","E","M","E","T","?","?","?","M","M","R","B",null,"M","M","$","M","M","M","R","M","T","M","M","M","E","M","R","B",null,"M","?","M","M","M","E","M","$","T","M","E","M","M","M","R","B",null],"character_chosen":"THE_SILENT","items_purchased":["Lee\u0027s Waffle"],"campfire_rested":4,"item_purchase_floors":[42],"current_hp_per_floor":[70,70,70,70,70,70,70,70,70,70,70,70,70,70,70,70,70,70,70,70,70,70,70,70,70,70,70,70,70,70,70,70,70,70,70,70,70,70,64,64,69,82,82,82,82,82,82,82,82,82],"gold":671,"neow_bonus":"","is_daily":false,"chose_seed":false,"campfire_upgraded":0,"win_rate":0.0,"timestamp":1614238854,"path_taken":["M","M","M","$","M","E","M","E","T","?","?","?","M","M","R","BOSS","M","M","$","M","M","M","R","M","T","M","M","M","E","M","R","BOSS","M","?","M","M","M","E","M","$","T","M","E","?","M","M","R","BOSS"],"items_purchased_type":["Relic"],"build_version":"2020-12-22","purchased_purges":1,"victory":true,"max_hp_per_floor":[70,70,70,70,70,70,70,70,70,70,70,70,70,70,70,70,70,70,70,70,70,70,70,70,70,70,70,70,70,70,70,70,70,70,70,70,70,70,70,70,75,82,82,82,82,82,82,82,82,82],"relic_stats":{"Lee\u0027s Waffle":13,"Gremlin Horn":[6,8],"counters":[34,34],"Blue Candle":[0],"Pen Nib":[1],"Bag of Preparation":[0],"Boot":[0],"Question Card":5,"Bronze Scales":[0],"Black Star":2,"obtain_stats":[{"Lee\u0027s Waffle":42,"Gremlin Horn":6,"Blue Candle":45,"The Courier":26,"Pen Nib":45,"Omamori":8,"Bag of Preparation":9,"Boot":40,"Question Card":43,"Bronze Scales":30,"Black Star":34,"Bag of Marbles":40,"Unceasing Top":0,"Ring of the Snake":0},{"Lee\u0027s Waffle":28,"Gremlin Horn":5,"Blue Candle":30,"The Courier":16,"Pen Nib":30,"Omamori":7,"Bag of Preparation":7,"Boot":27,"Question Card":28,"Bronze Scales":20,"Black Star":22,"Bag of Marbles":27,"Unceasing Top":0,"Ring of the Snake":0},{"Lee\u0027s Waffle":28,"Gremlin Horn":5,"Blue Candle":30,"The Courier":16,"Pen Nib":30,"Omamori":7,"Bag of Preparation":7,"Boot":27,"Question Card":28,"Bronze Scales":20,"Black Star":22,"Bag of Marbles":27,"Unceasing Top":0,"Ring of the Snake":0}],"Unceasing Top":[39],"Ring of the Snake":[0]},"card_choices":[{"not_picked":["Acrobatics","Bouncing Flask","Setup"],"picked":"SKIP","floor":1},{"not_picked":["Bouncing Flask","Bane","Deadly Poison"],"picked":"SKIP","floor":2},{"not_picked":["Dagger Spray","Dagger Throw","Setup"],"picked":"SKIP","floor":3},{"not_picked":["Bane","Quick Slash","Sucker Punch"],"picked":"SKIP","floor":5},{"not_picked":["Adrenaline","Outmaneuver","Deadly Poison"],"picked":"SKIP","floor":6},{"not_picked":["Deadly Poison","Calculated Gamble","Quick Slash"],"picked":"SKIP","floor":7},{"not_picked":["Caltrops","Flying Knee","Backflip"],"picked":"SKIP","floor":8},{"not_picked":["Underhanded Strike","Dagger Spray","Masterful Stab"],"picked":"SKIP","floor":13},{"not_picked":["Dagger Throw","PiercingWail","Underhanded Strike"],"picked":"SKIP","floor":14},{"not_picked":["Backflip","Dagger Spray","Distraction"],"picked":"SKIP","floor":18},{"not_picked":["Flying Knee+1","Quick Slash","Caltrops"],"picked":"SKIP","floor":19},{"not_picked":["Poisoned Stab+1","Dodge and Roll","Prepared"],"picked":"SKIP","floor":21},{"not_picked":["Flying Knee","Cloak And Dagger","Concentrate+1"],"picked":"SKIP","floor":22},{"not_picked":["Backstab","Finisher","Concentrate"],"picked":"SKIP","floor":23},{"not_picked":["Blade Dance","Acrobatics","Phantasmal Killer"],"picked":"SKIP","floor":25},{"not_picked":["Poisoned Stab","Slice","Backflip"],"picked":"SKIP","floor":27},{"not_picked":["Poisoned Stab","Blade Dance","Well Laid Plans"],"picked":"SKIP","floor":28},{"not_picked":["Blur+1","Setup","Bouncing Flask+1"],"picked":"SKIP","floor":29},{"not_picked":["Infinite Blades+1","Flechettes","Flying Knee+1"],"picked":"SKIP","floor":30},{"not_picked":["Endless Agony","Quick Slash","Slice+1"],"picked":"SKIP","floor":31},{"not_picked":["Dagger Spray+1","Expertise+1","Flying Knee+1"],"picked":"SKIP","floor":35},{"not_picked":["Backflip","Reflex","PiercingWail"],"picked":"SKIP","floor":37},{"not_picked":["Deflect","Wraith Form v2","Backflip+1"],"picked":"SKIP","floor":38},{"not_picked":["PiercingWail","Heel Hook","Underhanded Strike"],"picked":"SKIP","floor":39},{"not_picked":["Dodge and Roll+1","Deadly Poison+1","PiercingWail+1"],"picked":"SKIP","floor":40},{"not_picked":["Noxious Fumes+1","Dagger Throw","Dagger Spray+1"],"picked":"SKIP","floor":41},{"not_picked":["Blur","Deflect","Dagger Spray+1","Deadly Poison"],"picked":"SKIP","floor":44},{"not_picked":["Concentrate","Heel Hook","Caltrops","Bane+1"],"picked":"SKIP","floor":45},{"not_picked":["Deflect","Outmaneuver+1","Dagger Throw+1","Calculated Gamble+1"],"picked":"SKIP","floor":46},{"not_picked":["PiercingWail+1","Accuracy+1","Bane","Finisher+1"],"picked":"SKIP","floor":47},{"not_picked":["Tactician+1","Bullet Time","Underhanded Strike","Finisher"],"picked":"SKIP","floor":48}],"player_experience":199570,"relics_obtained":[{"floor":6,"key":"Gremlin Horn"},{"floor":8,"key":"Omamori"},{"floor":9,"key":"Bag of Preparation"},{"floor":26,"key":"The Courier"},{"floor":30,"key":"Bronze Scales"},{"floor":40,"key":"Boot"},{"floor":40,"key":"Bag of Marbles"},{"floor":43,"key":"Question Card"},{"floor":45,"key":"Pen Nib"},{"floor":45,"key":"Blue Candle"}],"event_choices":[{"damage_healed":0,"gold_gain":0,"player_choice":"LEAVE","damage_taken":0,"max_hp_gain":0,"max_hp_loss":0,"event_name":"betterThird:BetterScrap","floor":10,"gold_loss":0,"cards_obtained":["Auto Shields"]},{"damage_healed":0,"gold_gain":0,"player_choice":"Grow","damage_taken":0,"max_hp_gain":0,"max_hp_loss":0,"event_name":"Living Wall","floor":11,"gold_loss":0,"cards_upgraded":["Grand Finale"]},{"damage_healed":0,"gold_gain":1,"player_choice":"1","damage_taken":0,"max_hp_gain":0,"max_hp_loss":0,"event_name":"betterStone:BetterStone","floor":12,"gold_loss":0},{"damage_healed":0,"gold_gain":0,"player_choice":"Ignored","damage_taken":0,"max_hp_gain":0,"max_hp_loss":0,"event_name":"betterNote:BetterNote","floor":36,"gold_loss":0,"cards_obtained":["Static Discharge"]}],"is_beta":false,"boss_relics":[{"not_picked":["Snecko Eye","Astrolabe","Ectoplasm"]},{"not_picked":["Fusion Hammer","Philosopher\u0027s Stone"],"picked":"Black Star"}],"items_purged_floors":[20],"is_endless":false,"potions_floor_spawned":[3,6,8,13,14,18,21,27,33,35,38,41,47,48],"ascension_level":0}}