{"host":"kaame4qwxxqnygv7","time":1614242066,"event":{"mods":["AchievementEnabler","BaseMod","Better Match","Better Skull","Better Third Choice","BetterRewards","Block Reminder","Bossed Relics","DeckTracker","Energized Spire","GungeonMod","Minty Spire (QoL Compilation)","Quick Restart","Red Circlet Mod","StSLib","SuperFastMode","The Blue Laboratory"],"gold_per_floor":[112,92,103,116,84,116,132,132,187,217,234,11,39,16,28,113,125,151,193,205,234,263,275,306,41,41,41,59,77,87,103,121,121,121,200,200,215,9,9,34,49,49,82,82,109,122,122,44,72,86,86,86,86,86,13,44,44],"floor_reached":58,"language":"KOR","playtime":1864,"items_purged":["Strike_G"],"score":1944,"play_id":"d4bf9f9d-7d05-4d01-aec6-cfceef47d2e9","local_time":"20210225173426","is_ascension_mode":true,"campfire_choices":[{"data":"Apotheosis","floor":15.0,"key":"SMITH"},{"data":"Adrenaline","floor":23.0,"key":"SMITH"},{"floor":27.0,"key":"RECALL"},{"data":"Neutralize","floor":33.0,"key":"SMITH"},{"data":"1","floor":42.0,"key":"LIFT"},{"data":"2","floor":44.0,"key":"LIFT"},{"data":"3","floor":51,"key":"LIFT"},{"data":"Blur","floor":54,"key":"SMITH"}],"circlet_count":0,"master_deck":["AscendersBane","Strike_G","Strike_G","Defend_G","Defend_G","Defend_G","Defend_G","Survivor","Neutralize+1","Apotheosis+1","Poisoned Stab","Calculated Gamble","Corpse Explosion","Glass Knife","Cloak And Dagger","Glass Knife+1","Adrenaline+1","Bane","Adrenaline+1","Bane","Poisoned Stab+1","Adrenaline+1","Blur+1"],"relics":["Ring of the Snake","DemoMod:SuperHotWatch","Membership Card","PreservedInsect","Unceasing Top","Ancient Tea Set","Oddly Smooth Stone","Omamori","MawBank","energizedSpire:OgreHead","Red Mask","DemoMod:BlueGuonStone","Juzu Bracelet","DollysMirror","DemoMod:RatBoots","DemoMod:ResourcefulSack","DemoMod:PartiallyEatenCheese","Empty Cage","Busted Crown","Toy Ornithopter","Bottled Lightning","Girya","Letter Opener","ClockworkSouvenir","Bag of Marbles","Nunchaku","DemoMod:Bottle"],"acts_visited":["Exordium","TheCity","DemoMod:Maze","TheBeyond","TheEnding"],"potions_floor_usage":[],"damage_taken":[{"damage":9.0,"enemies":"2 Louse","floor":1.0,"turns":4.0},{"damage":0.0,"enemies":"Cultist","floor":3.0,"turns":3.0},{"damage":4.0,"enemies":"Small Slimes","floor":4.0,"turns":5.0},{"damage":0.0,"enemies":"3 Sentries","floor":6.0,"turns":3.0},{"damage":0.0,"enemies":"2 Fungi Beasts","floor":7.0,"turns":3.0},{"damage":0.0,"enemies":"Gremlin Nob","floor":10.0,"turns":6.0},{"damage":0.0,"enemies":"3 Louse","floor":11.0,"turns":4.0},{"damage":3.0,"enemies":"3 Sentries","floor":13.0,"turns":4.0},{"damage":0.0,"enemies":"Slime Boss","floor":16.0,"turns":10.0},{"damage":0.0,"enemies":"Shell Parasite","floor":18.0,"turns":8.0},{"damage":0.0,"enemies":"Masked Bandits","floor":19.0,"turns":3.0},{"damage":0.0,"enemies":"Chosen","floor":21.0,"turns":5.0},{"damage":6.0,"enemies":"Centurion and Healer","floor":22.0,"turns":4.0},{"damage":0.0,"enemies":"Shelled Parasite and Fungi","floor":24.0,"turns":6.0},{"damage":0.0,"enemies":"DemoMod:2_Veteran_bullet_kins_and_red_shotgun_kin","floor":28.0,"turns":3.0},{"damage":0.0,"enemies":"DemoMod:4_Bullet_Kins","floor":29.0,"turns":1.0},{"damage":1.0,"enemies":"DemoMod:Veteran_shot_gun_kin_and_blue_shotgun_kin_with_gunsinger","floor":30.0,"turns":2.0},{"damage":1.0,"enemies":"DemoMod:Veteran_shot_gun_kin_and_blue_shotgun_kin","floor":31.0,"turns":3.0},{"damage":3.0,"enemies":"DemoMod:Red_and_blue_shotgun_kin_with_gunsinger","floor":32.0,"turns":4.0},{"damage":33.0,"enemies":"DemoMod:ResourcefulRat","floor":34.0,"turns":13.0},{"damage":17.0,"enemies":"DemoMod:ResourcefulRat","floor":35.0,"turns":13.0},{"damage":0.0,"enemies":"Orb Walker","floor":37.0,"turns":6.0},{"damage":0.0,"enemies":"Mind Bloom Boss Battle","floor":40.0,"turns":8.0},{"damage":0.0,"enemies":"3 Darklings","floor":41.0,"turns":2.0},{"damage":0.0,"enemies":"Nemesis","floor":43.0,"turns":6.0},{"damage":0.0,"enemies":"Writhing Mass","floor":46.0,"turns":3.0},{"damage":0.0,"enemies":"Giant Head","floor":49.0,"turns":7.0},{"damage":0,"enemies":"Jaw Worm Horde","floor":50,"turns":2},{"damage":0,"enemies":"Time Eater","floor":52,"turns":16},{"damage":0,"enemies":"Shield and Spear","floor":56,"turns":2},{"damage":17,"enemies":"The Heart","floor":57,"turns":8}],"seed_played":"-3450711330525930421","potions_obtained":[{"floor":1.0,"key":"Explosive Potion"},{"floor":2.0,"key":"blueLaboratory:FruitPreserves"},{"floor":6.0,"key":"blueLaboratory:AbyssPotion"},{"floor":13.0,"key":"Explosive Potion"},{"floor":19.0,"key":"FairyPotion"},{"floor":32.0,"key":"blueLaboratory:BottleOfRum"},{"floor":43.0,"key":"Regen Potion"},{"floor":56,"key":"blueLaboratory:BubblePotion"}],"is_trial":false,"path_per_floor":["M","?","M","M","?","E","M","?","T","E","M","$","E","?","R","B",null,"M","?","?","M","M","R","M","$","T","R","M","M","M","M","M","R","B","B",null,"M","$","?","?","M","R","E","R","T","M","?","$","E","M","R","B",null,"R","$","E","B",null],"character_chosen":"THE_SILENT","items_purchased":["Apotheosis","Membership Card","PreservedInsect","DemoMod:GnawedKey","Glass Knife","DemoMod:BlueGuonStone","Juzu Bracelet","DollysMirror","Toy Ornithopter","Bottled Lightning","ClockworkSouvenir","Nunchaku"],"campfire_rested":0,"item_purchase_floors":[0,0,0,12,12,25,25,25,38,38,48,55],"current_hp_per_floor":[22,22,22,18,18,18,18,18,18,18,18,18,35,52,52,52,66,66,66,66,66,60,60,60,60,68,68,68,68,67,66,63,63,30,13,56,56,56,56,56,56,56,56,56,56,56,56,56,56,56,56,56,67,67,67,67,50],"gold":44,"neow_bonus":"","is_daily":false,"chose_seed":false,"campfire_upgraded":4,"win_rate":0.0,"timestamp":1614242066,"path_taken":["M","?","?","M","?","E","M","?","T","E","M","$","E","?","R","BOSS","M","?","?","?","M","R","M","$","T","R","M","M","M","M","M","R","BOSS","BOSS","M","$","?","?","M","R","E","R","T","M","?","?","E","M","R","BOSS","R","$","E","BOSS"],"items_purchased_type":["Card","Relic","Relic","Relic","Card","Relic","Relic","Relic","Relic","Relic","Relic","Relic"],"build_version":"2020-12-22","purchased_purges":1,"victory":true,"max_hp_per_floor":[70,70,70,70,70,70,70,70,70,70,70,70,70,70,70,70,70,70,70,70,70,70,70,70,70,70,70,70,70,70,70,70,70,70,70,70,70,70,70,70,70,70,70,70,70,70,70,70,70,70,70,70,70,70,70,70,70],"card_choices":[{"not_picked":["Setup","Bouncing Flask"],"picked":"Poisoned Stab","floor":1.0},{"not_picked":["Deadly Poison","Dash"],"picked":"Calculated Gamble","floor":3.0},{"not_picked":["Flying Knee","Blade Dance"],"picked":"Corpse Explosion","floor":4.0},{"not_picked":["PiercingWail","Acrobatics"],"picked":"Glass Knife","floor":6.0},{"not_picked":["Blade Dance","Choke","Heel Hook"],"picked":"SKIP","floor":7.0},{"not_picked":["Prepared","Eviscerate"],"picked":"Cloak And Dagger","floor":10.0},{"not_picked":["Flying Knee","Endless Agony","Deadly Poison"],"picked":"SKIP","floor":11.0},{"not_picked":["Caltrops","Outmaneuver","Underhanded Strike"],"picked":"SKIP","floor":13.0},{"not_picked":["Burst","Corpse Explosion"],"picked":"Adrenaline","floor":16.0},{"not_picked":["All Out Attack","Dagger Spray","Underhanded Strike"],"picked":"SKIP","floor":18.0},{"not_picked":["PiercingWail","Slice","Deflect"],"picked":"SKIP","floor":21.0},{"not_picked":["Bane","Cloak And Dagger","Endless Agony"],"picked":"SKIP","floor":22.0},{"not_picked":["Cloak And Dagger","Endless Agony"],"picked":"Bane","floor":22.0},{"not_picked":["Accuracy","Caltrops+1","A Thousand Cuts"],"picked":"SKIP","floor":24.0},{"not_picked":["Deadly Poison","Flying Knee+1"],"picked":"Bane","floor":28.0},{"not_picked":["Choke","Acrobatics","Infinite Blades"],"picked":"SKIP","floor":29.0},{"not_picked":["Footwork+1","Catalyst","Deadly Poison+1"],"picked":"SKIP","floor":30.0},{"not_picked":["Acrobatics+1","Outmaneuver+1","Doppelganger"],"picked":"SKIP","floor":31.0},{"not_picked":["Dodge and Roll","PiercingWail"],"picked":"Poisoned Stab+1","floor":32.0},{"not_picked":["Backstab"],"picked":"SKIP","floor":37.0},{"not_picked":["Cloak And Dagger+1"],"picked":"SKIP","floor":41.0},{"not_picked":["Dodge and Roll"],"picked":"SKIP","floor":43.0},{"not_picked":["Backflip"],"picked":"SKIP","floor":46.0},{"not_picked":["Heel Hook"],"picked":"SKIP","floor":49.0},{"not_picked":[],"picked":"Blur","floor":50},{"not_picked":["Footwork"],"picked":"SKIP","floor":56}],"player_experience":337097,"relics_obtained":[{"floor":6.0,"key":"Ancient Tea Set"},{"floor":9.0,"key":"Oddly Smooth Stone"},{"floor":10.0,"key":"Omamori"},{"floor":13.0,"key":"MawBank"},{"floor":19.0,"key":"Red Mask"},{"floor":36.0,"key":"DemoMod:RatBoots"},{"floor":36.0,"key":"DemoMod:ResourcefulSack"},{"floor":36.0,"key":"DemoMod:PartiallyEatenCheese"},{"floor":36.0,"key":"Empty Cage"},{"floor":36.0,"key":"Busted Crown"},{"floor":40.0,"key":"Girya"},{"floor":43.0,"key":"Letter Opener"},{"floor":49.0,"key":"Bag of Marbles"},{"floor":56,"key":"DemoMod:Bottle"}],"event_choices":[{"damage_healed":0.0,"max_hp_gain":0.0,"max_hp_loss":0.0,"gold_gain":0.0,"event_name":"The Woman in Blue","player_choice":"Bought 1 Potion","floor":2.0,"gold_loss":0.0,"damage_taken":0.0},{"damage_healed":0.0,"max_hp_gain":0.0,"max_hp_loss":0.0,"gold_gain":0.0,"event_name":"betterThird:BetterGoop","player_choice":"Left","floor":5.0,"gold_loss":32.0,"damage_taken":0.0},{"damage_healed":0.0,"max_hp_gain":0.0,"max_hp_loss":0.0,"gold_gain":0.0,"event_name":"betterThird:BetterSerpent","player_choice":"Ignored","floor":8.0,"gold_loss":0.0,"damage_taken":132.0},{"damage_healed":17.0,"max_hp_gain":0.0,"max_hp_loss":0.0,"gold_gain":0.0,"event_name":"The Cleric","player_choice":"Healed","floor":14.0,"gold_loss":35.0,"damage_taken":0.0},{"damage_healed":0.0,"max_hp_gain":0.0,"max_hp_loss":0.0,"gold_gain":0.0,"event_name":"Masked Bandits","player_choice":"Fought Bandits","floor":19.0,"gold_loss":0.0,"damage_taken":0.0},{"cards_removed":["Defend_G"],"damage_healed":0.0,"max_hp_gain":0.0,"max_hp_loss":0.0,"gold_gain":0.0,"event_name":"Bonfire Elementals","player_choice":"Offered Basic","floor":20.0,"gold_loss":0.0,"damage_taken":0.0},{"damage_healed":0.0,"max_hp_gain":0.0,"max_hp_loss":0.0,"gold_gain":0.0,"event_name":"Accursed Blacksmith","player_choice":"Forge","floor":39.0,"gold_loss":0.0,"damage_taken":0.0,"cards_upgraded":["Glass Knife"]},{"damage_healed":0.0,"max_hp_gain":0.0,"max_hp_loss":0.0,"gold_gain":0.0,"event_name":"MindBloom","player_choice":"Fight","floor":40.0,"gold_loss":0.0,"damage_taken":0.0},{"damage_healed":0.0,"max_hp_gain":0.0,"max_hp_loss":0.0,"gold_gain":0.0,"event_name":"Duplicator","player_choice":"Copied","floor":47.0,"gold_loss":0.0,"damage_taken":0.0,"cards_obtained":["Adrenaline"]}],"is_beta":false,"boss_relics":[{"not_picked":["Philosopher\u0027s Stone","energizedSpire:SpiderWeb"],"picked":"energizedSpire:OgreHead"},{"not_picked":[]}],"items_purged_floors":[12],"is_endless":false,"potions_floor_spawned":[1,6,7,11,13,18,19,21,29,32,41,43,46,50,56],"ascension_level":13}}