{"host":"4xh8v5undae39mue","time":1614291196,"event":{"mods":["AchievementEnabler","BaseMod","Minty Spire (QoL Compilation)"],"gold_per_floor":[119,129,146,146,158,158,158,158,207,238,256,268,69,80,80,183,183,194,293,39,56,56,56,89,89,171,171,197,197,222,233,233,233,233],"floor_reached":33,"language":"ENG","playtime":1911,"items_purged":["Defend_P"],"score":391,"play_id":"070c7c2e-c289-46a3-8e8f-8c4213a08dcf","local_time":"20210225171316","is_ascension_mode":true,"campfire_choices":[{"data":"Eruption","floor":6,"key":"SMITH"},{"floor":8,"key":"REST"},{"floor":15,"key":"REST"},{"data":"Nirvana","floor":23,"key":"SMITH"},{"data":"Vault","floor":25,"key":"SMITH"},{"data":"Study","floor":27,"key":"SMITH"},{"floor":32,"key":"REST"}],"circlet_count":0,"master_deck":["Strike_P","Strike_P","Strike_P","Strike_P","Defend_P","Defend_P","Defend_P","Eruption+1","Vigilance","MasterReality+1","Sanctity","EmptyBody","FearNoEvil","Nirvana+1","FlurryOfBlows","CutThroughFate","ThirdEye","BattleHymn","Wireheading","Vault+1","ThirdEye","Wallop","Study+1","Establishment"],"relics":["HolyWater","Lantern","Art of War","Pen Nib","Membership Card","Centennial Puzzle","Potion Belt","Kunai","Boot","Singing Bowl"],"acts_visited":["Exordium","TheCity"],"potions_floor_usage":[10,10,12,24,24,24],"damage_taken":[{"damage":3,"enemies":"Jaw Worm","floor":1,"turns":5},{"damage":2,"enemies":"2 Louse","floor":2,"turns":4},{"damage":5,"enemies":"Small Slimes","floor":3,"turns":8},{"damage":3,"enemies":"Blue Slaver","floor":5,"turns":3},{"damage":12,"enemies":"Lagavulin","floor":10,"turns":6},{"damage":2,"enemies":"3 Louse","floor":11,"turns":3},{"damage":4,"enemies":"Exordium Wildlife","floor":12,"turns":4},{"damage":9,"enemies":"Exordium Thugs","floor":14,"turns":5},{"damage":0,"enemies":"Slime Boss","floor":16,"turns":5},{"damage":0,"enemies":"Chosen","floor":18,"turns":4},{"damage":4,"enemies":"3 Byrds","floor":21,"turns":4},{"damage":16,"enemies":"Slavers","floor":24,"turns":3},{"damage":8,"enemies":"Book of Stabbing","floor":28,"turns":6},{"damage":30,"enemies":"Slavers","floor":30,"turns":6},{"damage":0,"enemies":"3 Cultists","floor":31,"turns":6},{"damage":38,"enemies":"Champ","floor":33,"turns":7}],"seed_played":"-6821911966053268977","potions_obtained":[{"floor":1,"key":"BlessingOfTheForge"},{"floor":5,"key":"SpeedPotion"},{"floor":10,"key":"AttackPotion"},{"floor":11,"key":"SmokeBomb"},{"floor":16,"key":"Swift Potion"},{"floor":21,"key":"Dexterity Potion"},{"floor":30,"key":"Explosive Potion"}],"is_trial":false,"path_per_floor":["M","M","M","?","M","R","?","R","T","E","M","M","$","M","R","B",null,"M","?","$","M","?","R","E","R","T","R","E","?","E","M","R","B"],"character_chosen":"WATCHER","items_purchased":["ThirdEye","BattleHymn","Membership Card","Centennial Puzzle","ThirdEye","Energy Potion"],"campfire_rested":3,"item_purchase_floors":[13,13,20,20,20,20],"current_hp_per_floor":[48,46,41,41,38,38,20,41,41,29,27,23,23,14,35,35,72,72,72,72,68,68,68,52,52,52,52,44,31,1,3,26,0,0],"gold":233,"neow_bonus":"THREE_RARE_CARDS","is_daily":false,"chose_seed":false,"campfire_upgraded":4,"win_rate":0.0,"timestamp":1614291196,"path_taken":["M","M","M","?","M","R","?","R","T","E","M","M","?","M","R","BOSS","M","?","$","M","?","R","E","R","T","R","E","?","E","M","R","BOSS"],"items_purchased_type":["Card","Card","Relic","Relic","Card","Potion"],"build_version":"2020-12-22","purchased_purges":1,"victory":false,"max_hp_per_floor":[72,72,72,72,72,72,72,72,72,72,72,72,72,72,72,72,72,72,72,72,72,72,72,72,72,72,72,72,77,77,79,79,79,79],"card_choices":[{"not_picked":["Judgement","DeusExMachina"],"picked":"MasterReality","floor":0},{"not_picked":["WindmillStrike","BowlingBash"],"picked":"Sanctity","floor":1},{"not_picked":["PathToVictory","Crescendo"],"picked":"EmptyBody","floor":2},{"not_picked":["EmptyFist","FollowUp"],"picked":"FearNoEvil","floor":3},{"not_picked":["SignatureMove","MentalFortress"],"picked":"Nirvana","floor":5},{"not_picked":["Evaluate","LikeWater"],"picked":"FlurryOfBlows","floor":10},{"not_picked":["BowlingBash","Crescendo","SashWhip"],"picked":"SKIP","floor":11},{"not_picked":["FollowUp","BowlingBash"],"picked":"CutThroughFate","floor":12},{"not_picked":["Meditate","Tantrum"],"picked":"Wireheading","floor":14},{"not_picked":["Devotion","MasterReality"],"picked":"Vault","floor":16},{"not_picked":["TalkToTheHand","Crescendo","Pray+1"],"picked":"SKIP","floor":18},{"not_picked":["Vengeance","EmptyBody+1"],"picked":"Wallop","floor":21},{"not_picked":["FlurryOfBlows+1","EmptyMind"],"picked":"Study","floor":24},{"not_picked":["Fasting2","EmptyFist","Evaluate"],"picked":"SKIP","floor":28},{"not_picked":["ClearTheMind","SpiritShield"],"picked":"Establishment","floor":30},{"not_picked":["Study","Fasting2","Tantrum"],"picked":"Singing Bowl","floor":31}],"player_experience":261216,"relics_obtained":[{"floor":9,"key":"Art of War"},{"floor":10,"key":"Pen Nib"},{"floor":24,"key":"Potion Belt"},{"floor":26,"key":"Kunai"},{"floor":28,"key":"Boot"},{"floor":30,"key":"Singing Bowl"}],"event_choices":[{"damage_healed":0,"gold_gain":0,"player_choice":"Grow","damage_taken":0,"max_hp_gain":0,"max_hp_loss":0,"event_name":"Living Wall","floor":4,"gold_loss":0,"cards_upgraded":["MasterReality"]},{"damage_healed":0,"gold_gain":0,"player_choice":"Success","damage_taken":18,"relics_obtained":["Lantern"],"max_hp_gain":0,"max_hp_loss":0,"event_name":"Scrap Ooze","floor":7,"gold_loss":0},{"damage_healed":0,"gold_gain":99,"player_choice":"Stole From Cult","damage_taken":0,"max_hp_gain":0,"max_hp_loss":0,"event_name":"Nest","floor":19,"gold_loss":0},{"damage_healed":0,"gold_gain":0,"player_choice":"Ignored","damage_taken":0,"max_hp_gain":0,"max_hp_loss":0,"event_name":"Ghosts","floor":22,"gold_loss":0},{"damage_healed":0,"gold_gain":0,"player_choice":"Shed Blood","damage_taken":18,"max_hp_gain":5,"max_hp_loss":0,"event_name":"Forgotten Altar","floor":29,"gold_loss":0}],"is_beta":false,"boss_relics":[{"not_picked":["Empty Cage","Tiny House"],"picked":"HolyWater"}],"items_purged_floors":[13],"is_endless":false,"potions_floor_spawned":[1,5,10,11,16,21,30],"killed_by":"Champ","ascension_level":2}}