{"host":"9upmmxurwkb1bpyr","time":1614269749,"event":{"mods":["2.2 Compatiblity","AchievementEnabler","BaseMod","Beaked The Cultist","Colored Powertips","Custom Start","Downfall","Gremlin Mod","Hermit","Highlight Path","Infinite Spire","Jorbs\u0027s Wanderer Trilogy","Minty Spire (QoL Compilation)","Quick Restart","Replay The Spire","StSLib","Td1madao Mod","The Alterego","The Bug Knight","The Hierophant","The Judge","The Servant 0.9.4","Yuri Mod"],"gold_per_floor":[178,197,211,211,211,240,288,55,55,85,85,185,24,38,53,158,258,258,270,283,303,313,313,313,333,433,433,433,708,722,741,753,852,852,652,702,719,732,732,751,751,764,664,691,704,717,717,736,746,746,746,780,646,646,646,646,646,646],"floor_reached":56,"language":"ENG","playtime":4334,"items_purged":["downfall:Malfunctioning"],"score":981,"play_id":"aa2b77ab-75b6-4c41-b18d-96064bf8edd0","local_time":"20210225111549","is_ascension_mode":true,"campfire_choices":[{"floor":27.0,"key":"RECALL"},{"data":"champ:UltimateStance","floor":35.0,"key":"SMITH"},{"data":"champ:CheapShot","floor":43.0,"key":"SMITH"},{"floor":54.0,"key":"DIG"}],"circlet_count":0,"master_deck":["champ:Strike","champ:Strike","champ:Strike","champ:Strike+1","champ:Defend+1","champ:Execute","champ:Taunt+1","champ:FaceSlap","champ:BringItOn+1","champ:Circumvent","champ:BladeFlurry","champ:ShieldWall","champ:Circumvent","champ:EnGarde","champ:ShieldThrow+1","champ:StanceDance","champ:TripleStrike","downfall:Haunted","downfall:Haunted","ReplayTheSpireMod:Compounding Headache","champ:CheapShot+1","Sickly","Voices","champ:CrookedStrike","champ:Duel","champ:Improvising+1","champ:StanceDance","champ:RageSigil+1","infinitespire:Starlight","ReplayTheSpireMod:Doomed","Hallucinations","WordoMod:FoggyMind","Replay:Fractal Strike","Regret","champ:StrikeOfGenius","champ:UltimateStance+1","champ:DefensiveShout+1","champ:StanceDance","champ:SteelEdge","stsjorbsmod:Withering","champ:StanceDance","Parasite","champ:StanceDance+1","Apotheosis+1"],"relics":["Replay:M_SmolderingBlood","Anchor","Replay:Mystery Machine","champ:BerserkersGuideToSlaughter","downfall:ShatteredFragment","Replay:Multitool","infinitespire:Cubic Diamond","Du-Vu Doll","Membership Card","Replay:Grab Bag","Cursed Key","Replay:Wanted Poster","Replay:Drink Me","TheAbacus","champ:BlackKnightHelmet","Matryoshka","Ring of Chaos","downfall:HeartBlessingRed","downfall:HeartBlessingGreen","Calipers","ReplayFunnel","downfall:HeartBlessingBlue","Blue Doll","infinitespire:FocusingShard","HollowMod:JonisBlessing","Replay:Bottled Flurry"],"acts_visited":["Exordium","TheCity","TheBeyond","TheEnding"],"potions_floor_usage":[56,56],"damage_taken":[{"damage":10.0,"enemies":"Small Slimes","floor":2.0,"turns":5.0},{"damage":10.0,"enemies":"2 Louse","floor":3.0,"turns":2.0},{"damage":24.0,"enemies":"Lagavulin","floor":6.0,"turns":9.0},{"damage":10.0,"enemies":"downfall:FleeingMerchant","floor":8.0,"turns":4.0},{"damage":17.0,"enemies":"Gremlin Nob","floor":10.0,"turns":4.0},{"damage":16.0,"enemies":"downfall:FleeingMerchant","floor":13.0,"turns":5.0},{"damage":0.0,"enemies":"Jaw Worm","floor":14.0,"turns":2.0},{"damage":0.0,"enemies":"2 Fungi Beasts","floor":15.0,"turns":2.0},{"damage":20.0,"enemies":"SI_SHIV_ARCHETYPE","floor":16.0,"turns":6.0},{"damage":10.0,"enemies":"downfall:LooterAlt2","floor":19.0,"turns":3.0},{"damage":5.0,"enemies":"Spheric Guardian","floor":20.0,"turns":2.0},{"damage":9.0,"enemies":"Shelled Parasite and Fungi","floor":21.0,"turns":3.0},{"damage":0.0,"enemies":"Snake Plant","floor":22.0,"turns":2.0},{"damage":3.0,"enemies":"Centurion and Healer","floor":25.0,"turns":4.0},{"damage":17.0,"enemies":"Centurion and Healer","floor":26.0,"turns":5.0},{"damage":5.0,"enemies":"Cultist and Chosen","floor":30.0,"turns":3.0},{"damage":0.0,"enemies":"Snecko","floor":31.0,"turns":2.0},{"damage":6.0,"enemies":"3 Cultists","floor":32.0,"turns":3.0},{"damage":50.0,"enemies":"IC_MUSHROOM_ARCHETYPE","floor":33.0,"turns":5.0},{"damage":10.0,"enemies":"IC_MUSHROOM_ARCHETYPE","floor":36.0,"turns":4.0},{"damage":5.0,"enemies":"3 Shapes","floor":37.0,"turns":3.0},{"damage":0.0,"enemies":"Orb Walker","floor":38.0,"turns":1.0},{"damage":0.0,"enemies":"4 Shapes","floor":40.0,"turns":5.0},{"damage":16.0,"enemies":"Maw","floor":42.0,"turns":4.0},{"damage":26.0,"enemies":"Reptomancer","floor":44.0,"turns":4.0},{"damage":4.0,"enemies":"Spire Growth","floor":45.0,"turns":2.0},{"damage":10.0,"enemies":"Writhing Mass","floor":46.0,"turns":3.0},{"damage":5.0,"enemies":"Jaw Worm Horde","floor":48.0,"turns":3.0},{"damage":14.0,"enemies":"Transient","floor":49.0,"turns":5.0},{"damage":32.0,"enemies":"DF_ARCHETYPE_ORBS","floor":50.0,"turns":4.0},{"damage":15.0,"enemies":"downfall:CharBossMerchant","floor":52.0,"turns":6.0},{"damage":60.0,"enemies":"downfall:NeowBoss","floor":55.0,"turns":10.0},{"damage":26,"enemies":"downfall:NeowBossFinal","floor":56,"turns":4}],"seed_played":"290728484880103404","potions_obtained":[{"floor":6.0,"key":"Dexterity Potion"},{"floor":14.0,"key":"SkillPotion"},{"floor":15.0,"key":"Doom Potion"},{"floor":19.0,"key":"Elixir"},{"floor":21.0,"key":"Swift Potion"}],"is_trial":false,"path_per_floor":["R","M","M","?","?","E","T","$","?","E","?","?","$","M","M","B",null,"R","M","M","M","M","AVR","T","M","?","R","?","?","M","M","M","B",null,"R","?","M","M","?","M","T","M","R","E","M","M","R","M","M","B",null,"E","$","R","B","B"],"character_chosen":"THE_CHAMP","items_purchased":["champ:BerserkersGuideToSlaughter","Membership Card","Apotheosis+1","HollowMod:JonisBlessing"],"campfire_rested":0,"item_purchase_floors":[8,13,53,53],"current_hp_per_floor":[90,90,90,90,90,71,71,71,44,27,27,32,26,36,36,21,72,72,62,67,58,58,58,58,65,65,65,65,65,72,72,66,42,72,72,67,67,67,67,72,72,66,76,50,56,61,82,82,82,80,82,82,82,82,22,0,0,0],"gold":646,"neow_bonus":"UPGRADE_CARD","is_daily":false,"chose_seed":false,"campfire_upgraded":2,"win_rate":0.0,"timestamp":1614269749,"path_taken":["R","M","M","?","?","E","T","$","?","E","?","?","$","?","M","BOSS","R","M","M","M","M","AVR","T","M","?","R","?","?","?","M","M","BOSS","R","?","M","M","?","?","T","M","R","E","M","M","R","M","M","BOSS","E","$","R","BOSS","BOSS"],"items_purchased_type":["Relic","Relic","Card","Relic"],"build_version":"2020-12-22","purchased_purges":1,"victory":false,"max_hp_per_floor":[90,90,90,90,90,90,90,90,90,90,90,95,95,95,95,95,72,72,72,72,72,72,72,72,72,72,72,72,72,72,72,72,72,72,72,72,72,72,72,72,72,72,82,82,82,82,82,82,82,82,82,82,82,82,82,82,82,82],"card_choices":[{"not_picked":["champ:Shatter","champ:BerserkersShout"],"picked":"champ:FaceSlap","floor":2.0},{"not_picked":["champ:DefensiveStyle","champ:EnGarde"],"picked":"champ:BringItOn","floor":3.0},{"not_picked":["champ:BladeFlurry","champ:RapidStrikes"],"picked":"champ:ShieldThrow","floor":6.0},{"not_picked":["champ:DefensiveShout","champ:CalledShot"],"picked":"champ:StanceDance","floor":8.0},{"not_picked":["champ:TornadoPunch","champ:AdrenalArmor"],"picked":"champ:TripleStrike","floor":10.0},{"not_picked":["champ:StanceDance","champ:RecklessLeap","champ:IronFortress"],"picked":"SKIP","floor":13.0},{"not_picked":["champ:Backstep","champ:Haymaker"],"picked":"champ:CrookedStrike","floor":14.0},{"not_picked":["champ:Circumvent","champ:Backstep"],"picked":"champ:Duel","floor":15.0},{"not_picked":["Ragnarok","champ:Devastate"],"picked":"champ:Improvising","floor":16.0},{"not_picked":["champ:BerserkersShout","champ:StanceDance","champ:Shatter"],"picked":"SKIP","floor":19.0},{"not_picked":["champ:PerfectedStrike+1","champ:HeavySlash"],"picked":"champ:StanceDance","floor":20.0},{"not_picked":["champ:FlashCut","champ:SkillfulDodge+1","champ:FanOfKnives+1"],"picked":"SKIP","floor":21.0},{"not_picked":["champ:BerserkersShout","champ:Circumvent"],"picked":"champ:RageSigil+1","floor":22.0},{"not_picked":["champ:DefensiveShout","champ:FaceSlap","champ:FlashCut"],"picked":"SKIP","floor":25.0},{"not_picked":["infinitespire:UltimateForm","ReplayTheSpireMod:Echoes of Time"],"picked":"Replay:Fractal Strike","floor":28.0},{"not_picked":["champ:Backstep","champ:PreciseThrust"],"picked":"champ:StrikeOfGenius","floor":30.0},{"not_picked":["champ:CrookedStrike","champ:DefensiveShout","champ:SkillfulDodge+1"],"picked":"SKIP","floor":31.0},{"not_picked":["champ:CrookedStrike","champ:ShieldSigil","champ:Haymaker+1"],"picked":"SKIP","floor":32.0},{"not_picked":["champ:SwordThrow","champ:DancingMaster"],"picked":"champ:UltimateStance","floor":33.0},{"not_picked":["champ:TornadoPunch+1","champ:StanceDance"],"picked":"champ:DefensiveShout+1","floor":37.0},{"not_picked":["champ:FalseCounter","champ:RecklessLeap+1"],"picked":"champ:StanceDance","floor":38.0},{"not_picked":["champ:HeartStrike","champ:BringItOn+1","champ:Backstep+1"],"picked":"SKIP","floor":40.0},{"not_picked":["champ:ShieldSigil+1","champ:FanOfKnives+1","champ:DefensiveShout"],"picked":"SKIP","floor":42.0},{"not_picked":["champ:SkillfulDodge","champ:ShieldWall","champ:Improvising"],"picked":"SKIP","floor":44.0},{"not_picked":["champ:PerfectedStrike","champ:RapidStrikes+1"],"picked":"champ:StanceDance","floor":45.0},{"not_picked":["champ:PerfectedStrike","champ:FanOfKnives+1","champ:BladeFlurry+1"],"picked":"SKIP","floor":46.0},{"not_picked":["champ:PerfectedStrike+1","champ:Endure"],"picked":"champ:StanceDance+1","floor":48.0},{"not_picked":["champ:FancyFootwork","champ:FlashCut+1","champ:DefensiveShout+1"],"picked":"SKIP","floor":49.0},{"not_picked":["champ:CrookedStrike+1","champ:EndlessRage+1","champ:EnGarde"],"picked":"SKIP","floor":52.0}],"player_experience":948345,"relics_obtained":[{"floor":6.0,"key":"Anchor"},{"floor":7.0,"key":"Replay:Mystery Machine"},{"floor":10.0,"key":"Replay:Multitool"},{"floor":24.0,"key":"infinitespire:Bottled Soul"},{"floor":26.0,"key":"champ:BlackKnightHelmet"},{"floor":26.0,"key":"Matryoshka"},{"floor":36.0,"key":"Calipers"},{"floor":41.0,"key":"ReplayFunnel"},{"floor":44.0,"key":"Blue Doll"},{"floor":52.0,"key":"infinitespire:FocusingShard"},{"floor":54.0,"key":"Replay:Bottled Flurry"}],"event_choices":[],"is_beta":false,"boss_relics":[{"not_picked":["Honey Jar","infinitespire:Cupcake"],"picked":"Replay:Grab Bag"},{"not_picked":["Philosopher\u0027s Stone","Fusion Hammer"],"picked":"Cursed Key"},{"not_picked":["Runic Dome","Velvet Choker"],"picked":"Replay:Wanted Poster"},{"not_picked":["SlaversCollar","ReplayTheSpireMod:SealedPack"],"picked":"Replay:Drink Me"},{"not_picked":["Kintsugi","SacredBark"],"picked":"Ring of Chaos"}],"items_purged_floors":[8],"is_endless":false,"potions_floor_spawned":[6,14,15,19,21,22,33,38,42,45,46,49,52],"killed_by":"downfall:NeowBossFinal","ascension_level":1}}