{"host":"kzw87w9fb0mudblt","time":1614273636,"event":{"mods":["BaseMod","Colored Map","Minty Spire (QoL Compilation)","Replay The Spire","StSLib","SuperFastMode"],"gold_per_floor":[118,129,17,17,36,65,78,78,78,78,97,126,226,240,240,335,335,352,362,461,461,475,475,486,486,513,541,541,552,62,74,74,74,74],"floor_reached":33,"language":"ENG","playtime":3182,"items_purged":["Strike_R","Strike_R"],"score":279,"play_id":"a4539aa6-5d4f-434e-9b2f-ea160b11f1bb","local_time":"20210225182036","is_ascension_mode":false,"campfire_choices":[{"data":"Limit Break","floor":8.0,"key":"SMITH"},{"data":"Abandon","floor":10.0,"key":"SMITH"},{"floor":15.0,"key":"REST"},{"data":"Whirlwind","floor":23,"key":"SMITH"},{"data":"Double Tap","floor":25,"key":"SMITH"},{"floor":28,"key":"REST"},{"floor":32,"key":"REST"}],"circlet_count":0,"master_deck":["Strike_R","Strike_R","Defend_R+1","Defend_R+1","Defend_R+1","Defend_R+1","Bash","Abandon+1","Run Through+1","Replay:Undeath\u0027s Touch","Limit Break+1","Power Through+1","Hemokinesis+1","Double Tap+1","Warcry+1","Whirlwind+1","Run Through+1","Flex+1","Violence"],"relics":["Burning Blood","NeowsBlessing","Replay:Bottled Eggs","Snack Pack","Iron Hammer","Ooze Armor","Ancient Tea Set","Ginger","War Paint"],"acts_visited":["Exordium","TheCity"],"potions_floor_usage":[24,24,33],"damage_taken":[{"damage":0.0,"enemies":"2 Louse","floor":1.0,"turns":1.0},{"damage":0.0,"enemies":"Cultist","floor":2.0,"turns":1.0},{"damage":0.0,"enemies":"Jaw Worm","floor":5.0,"turns":1.0},{"damage":7.0,"enemies":"Replay:BlueRogue","floor":6.0,"turns":6.0},{"damage":8.0,"enemies":"Red Slaver","floor":7.0,"turns":3.0},{"damage":0.0,"enemies":"Lots of Slimes","floor":11.0,"turns":2.0},{"damage":50.0,"enemies":"3 Sentries","floor":12.0,"turns":15.0},{"damage":4.0,"enemies":"Looter","floor":14.0,"turns":2.0},{"damage":44.0,"enemies":"Fading Forest","floor":16.0,"turns":11.0},{"damage":4.0,"enemies":"Chosen","floor":18.0,"turns":4.0},{"damage":6.0,"enemies":"Shell Parasite","floor":19.0,"turns":5.0},{"damage":5.0,"enemies":"Snecko","floor":22.0,"turns":4.0},{"damage":12,"enemies":"Centurion and Healer","floor":24,"turns":3},{"damage":56,"enemies":"Book of Stabbing","floor":27,"turns":7},{"damage":14,"enemies":"Sentry and Sphere","floor":29,"turns":3},{"damage":8,"enemies":"Snake Plant","floor":31,"turns":3},{"damage":81,"enemies":"Champ","floor":33,"turns":9}],"seed_played":"-2988213831821582044","potions_obtained":[{"floor":1.0,"key":"Toxic Potion"},{"floor":5.0,"key":"FearPotion"},{"floor":12.0,"key":"Adrenaline Potion"},{"floor":16.0,"key":"Swift Potion"},{"floor":19.0,"key":"Dexterity Potion"},{"floor":22,"key":"SpeedPotion"},{"floor":29,"key":"ElixirPotion"}],"is_trial":false,"path_per_floor":["M","M","$","?","M","E","M","R","T","R","M","E","?","M","R","B",null,"M","M","?","?","M","R","M","R","T","E","R","M","$","M","R","B"],"character_chosen":"IRONCLAD","items_purchased":["Run Through+1","Flex","Violence","War Paint"],"campfire_rested":3,"item_purchase_floors":[3,30,30,30],"current_hp_per_floor":[80,80,80,80,80,79,77,77,77,77,80,38,38,42,66,36,80,80,80,80,80,80,80,76,76,76,30,54,48,48,48,72,0,0],"gold":74,"neow_bonus":"THREE_ENEMY_KILL","is_daily":false,"chose_seed":false,"campfire_upgraded":4,"win_rate":0.0,"timestamp":1614273636,"path_taken":["M","M","$","?","M","E","M","R","T","R","M","E","?","M","R","BOSS","M","?","?","?","M","R","M","R","T","E","R","M","$","M","R","BOSS"],"items_purchased_type":["Card","Card","Card","Relic"],"build_version":"2020-12-22","purchased_purges":2,"victory":false,"max_hp_per_floor":[80,80,80,80,80,80,80,80,80,80,80,80,80,80,80,80,80,80,80,80,80,80,80,80,80,80,80,80,80,80,80,80,80,80],"card_choices":[{"not_picked":["Twin Strike","Searing Blow"],"picked":"Abandon","floor":1.0},{"not_picked":["Heavy Blade","True Grit","Run Through"],"picked":"SKIP","floor":2.0},{"not_picked":["Heavy Blade","True Grit","Run Through"],"picked":"SKIP","floor":2.0},{"not_picked":["Combust","Clothesline"],"picked":"Replay:Undeath\u0027s Touch","floor":5.0},{"not_picked":["Abandon","Life Link","Body Slam"],"picked":"SKIP","floor":6.0},{"not_picked":["Abandon","Life Link","Body Slam"],"picked":"SKIP","floor":6.0},{"not_picked":["Abandon","Life Link","Body Slam"],"picked":"SKIP","floor":6.0},{"not_picked":["Twin Strike","True Grit"],"picked":"Limit Break","floor":7.0},{"not_picked":["Armaments","Clash"],"picked":"Power Through","floor":11.0},{"not_picked":["Dropkick","Perfected Strike"],"picked":"Hemokinesis","floor":12.0},{"not_picked":["Warcry","Cleave","Eclipse"],"picked":"SKIP","floor":14.0},{"not_picked":["Barricade","Corruption"],"picked":"Double Tap","floor":16.0},{"not_picked":["Flame Barrier","Metallicize","Sword Boomerang"],"picked":"SKIP","floor":18.0},{"not_picked":["Disarm","Armaments"],"picked":"Warcry+1","floor":19.0},{"not_picked":["Blood for Blood","Life Link"],"picked":"Whirlwind","floor":22},{"not_picked":["Thunderclap","True Grit","Shrug It Off"],"picked":"SKIP","floor":24},{"not_picked":["Shrug It Off","Iron Wave+1","Eclipse"],"picked":"SKIP","floor":27},{"not_picked":["True Grit","Headbutt+1"],"picked":"Run Through+1","floor":29},{"not_picked":["Replay:Undeath\u0027s Touch","Burning Pact","Sword Boomerang"],"picked":"SKIP","floor":31}],"player_experience":16131,"relics_obtained":[{"floor":6.0,"key":"Replay:Bottled Eggs"},{"floor":9.0,"key":"Snack Pack"},{"floor":12.0,"key":"Iron Hammer"},{"floor":26,"key":"Ancient Tea Set"},{"floor":27,"key":"Ginger"}],"event_choices":[{"damage_healed":0.0,"max_hp_gain":0.0,"max_hp_loss":0.0,"gold_gain":100.0,"event_name":"Golden Shrine","player_choice":"Pray","floor":13.0,"gold_loss":0.0,"damage_taken":0.0},{"damage_healed":0.0,"max_hp_gain":0.0,"max_hp_loss":0.0,"gold_gain":99.0,"event_name":"Nest","player_choice":"Stole From Cult","floor":20.0,"gold_loss":0.0,"damage_taken":0.0},{"damage_healed":0.0,"max_hp_gain":0.0,"max_hp_loss":0.0,"gold_gain":0.0,"event_name":"Upgrade Shrine","player_choice":"Upgraded","floor":21.0,"gold_loss":0.0,"damage_taken":0.0,"cards_upgraded":["Hemokinesis"]}],"is_beta":false,"boss_relics":[{"not_picked":["Runic Dome","Astrolabe"],"picked":"Ooze Armor"}],"items_purged_floors":[3,30],"is_endless":false,"potions_floor_spawned":[1,5,12,16,19,22,29],"killed_by":"Champ","ascension_level":0}}