{"host":"rkc66x5lvwcew90n","time":1614289308,"event":{"mods":["BaseMod","Hermit","Minty Spire (QoL Compilation)","StSLib","SuperFastMode"],"gold_per_floor":[115,134,134,134,209,239,239,252,252,272,272,272,122,133,133,233,233,244,261,32,46,59,59,59],"floor_reached":23,"language":"ENG","playtime":1275,"items_purged":["Strike_P"],"score":193,"play_id":"7aa3b550-c9a4-44b3-918f-eba3c7361d04","local_time":"20210225134148","is_ascension_mode":false,"campfire_choices":[{"data":"Eruption","floor":7,"key":"SMITH"},{"floor":15,"key":"REST"}],"circlet_count":0,"master_deck":["Strike_P","Strike_P","Strike_P","Defend_P","Defend_P","Defend_P","Defend_P","Eruption+1","Vigilance","Consecrate","FollowUp","Tantrum","Tantrum","Halt+1","JustLucky","Crescendo","EmptyBody","Devotion","Halt+1","FearNoEvil","Brilliance","ClearTheMind","SandsOfTime","FollowUp","JustLucky+1"],"relics":["PureWater","Pantograph","Kunai","Singing Bowl","SacredBark"],"acts_visited":["Exordium","TheCity"],"potions_floor_usage":[19,23],"damage_taken":[{"damage":0,"enemies":"2 Louse","floor":1,"turns":3},{"damage":2,"enemies":"Small Slimes","floor":2,"turns":2},{"damage":25,"enemies":"Gremlin Nob","floor":6,"turns":4},{"damage":0,"enemies":"Cultist","floor":8,"turns":3},{"damage":2,"enemies":"Gremlin Gang","floor":10,"turns":3},{"damage":14,"enemies":"Looter","floor":14,"turns":2},{"damage":61,"enemies":"Hexaghost","floor":16,"turns":8},{"damage":25,"enemies":"Shell Parasite","floor":18,"turns":5},{"damage":0,"enemies":"Chosen","floor":19,"turns":4},{"damage":9,"enemies":"Centurion and Healer","floor":21,"turns":5},{"damage":18,"enemies":"Shelled Parasite and Fungi","floor":22,"turns":5},{"damage":56,"enemies":"Book of Stabbing","floor":23,"turns":6}],"seed_played":"-6714990211936290479","potions_obtained":[{"floor":2,"key":"CultistPotion"},{"floor":10,"key":"Strength Potion"},{"floor":16,"key":"SteroidPotion"},{"floor":21,"key":"Regen Potion"},{"floor":22,"key":"CultistPotion"}],"is_trial":false,"path_per_floor":["M","M","?","?","?","E","R","M","T","M","T","?","$","M","R","B",null,"M","M","$","M","M","E"],"character_chosen":"WATCHER","items_purchased":["JustLucky","Crescendo","Brilliance","ClearTheMind","SandsOfTime"],"campfire_rested":1,"item_purchase_floors":[13,13,20,20,20],"current_hp_per_floor":[79,77,77,77,66,41,41,41,41,39,39,39,39,25,48,12,79,54,54,54,45,27,16,16],"gold":59,"neow_bonus":"TEN_PERCENT_HP_BONUS","is_daily":false,"chose_seed":false,"campfire_upgraded":1,"win_rate":0.0,"timestamp":1614289308,"path_taken":["M","M","?","?","?","E","R","M","T","M","?","?","$","?","R","BOSS","M","?","$","M","?","E"],"items_purchased_type":["Card","Card","Card","Card","Card"],"build_version":"2020-12-22","purchased_purges":1,"victory":false,"max_hp_per_floor":[79,79,79,79,79,79,79,79,79,79,79,79,79,79,79,79,79,79,79,79,79,79,79,79],"card_choices":[{"not_picked":["Protect","Fasting2"],"picked":"Consecrate","floor":1},{"not_picked":["ThirdEye","Protect"],"picked":"FollowUp","floor":2},{"not_picked":["FearNoEvil","FlurryOfBlows"],"picked":"Tantrum","floor":6},{"not_picked":["Prostrate","ReachHeaven"],"picked":"Tantrum","floor":8},{"not_picked":["Vault","Nirvana"],"picked":"Halt","floor":10},{"not_picked":["Protect","Prostrate"],"picked":"EmptyBody","floor":14},{"not_picked":["Omniscience","Scrawl"],"picked":"Devotion","floor":16},{"not_picked":["TalkToTheHand","JustLucky"],"picked":"Halt+1","floor":18},{"not_picked":["TalkToTheHand+1","WindmillStrike"],"picked":"FearNoEvil","floor":19},{"not_picked":["TalkToTheHand","EmptyBody"],"picked":"FollowUp","floor":21},{"not_picked":["TalkToTheHand","Vengeance"],"picked":"JustLucky+1","floor":22}],"player_experience":262291,"relics_obtained":[{"floor":6,"key":"Pantograph"},{"floor":9,"key":"Kunai"},{"floor":11,"key":"Singing Bowl"}],"event_choices":[{"damage_healed":0,"gold_gain":0,"player_choice":"Leave","damage_taken":0,"max_hp_gain":0,"max_hp_loss":0,"event_name":"The Cleric","floor":3,"gold_loss":0},{"damage_healed":0,"gold_gain":0,"player_choice":"Ignored","damage_taken":0,"max_hp_gain":0,"max_hp_loss":0,"event_name":"Liars Game","floor":4,"gold_loss":0},{"damage_healed":0,"gold_gain":75,"player_choice":"Gather Gold","damage_taken":11,"max_hp_gain":0,"max_hp_loss":0,"event_name":"World of Goop","floor":5,"gold_loss":0},{"damage_healed":0,"gold_gain":0,"player_choice":"Forge","damage_taken":0,"max_hp_gain":0,"max_hp_loss":0,"event_name":"Accursed Blacksmith","floor":12,"gold_loss":0,"cards_upgraded":["Halt"]}],"is_beta":false,"boss_relics":[{"not_picked":["Pandora\u0027s Box","Ectoplasm"],"picked":"SacredBark"}],"items_purged_floors":[13],"is_endless":false,"potions_floor_spawned":[2,10,16,21,22],"killed_by":"Book of Stabbing","ascension_level":0}}