{"host":"wy4vwr4x0uqk666t","time":1614264022,"event":{"mods":["Aspiration","BaseMod","BetterRewards","Colored Map","Colored Powertips","Curses Come First","Defuse TimeMaze Blight","Downfall","Hubris","Infinite Spire","Lobotomy","Minty Spire (QoL Compilation)","Quick Restart","Replay The Spire","StSLib"],"gold_per_floor":[118,118,133,133,148,148,158,175,175,204,214,233,233,264,264,230,230,246,246,212,212,230,265,265,273,351,197,197,197,197,197],"floor_reached":30,"language":"ENG","playtime":2280,"items_purged":["Parasite"],"score":495,"play_id":"4dba4edd-a725-4f03-9723-f0a3b1afb2fd","local_time":"20210225154022","is_ascension_mode":true,"campfire_choices":[{"data":"Whirlwind","floor":6,"key":"SMITH"},{"data":"Demon Form","floor":15,"key":"SMITH"},{"data":"Reprogram","floor":29,"key":"SMITH"}],"circlet_count":0,"master_deck":["Strike_R","Strike_R","Strike_R","Strike_R","Defend_R","Defend_R","Defend_R","Defend_R","Bash","CherryBlossoms","Thunderclap+1","Whirlwind+1","WallGazer","Iron Wave","CrumblingArmor","Cleave","OSAHOGD","Armaments","UniverseFragment","True Grit","MeatLantern","Flame Barrier","Demon Form+1","Freischutz","WhitesApple","Shrug It Off","Parasite","BeautyBeast","Demon Form","CurseOfTheBell","BlueStar","infinitespire:OneForAll","ReplayTheSpireMod:??????????????????????+1","Parasite","Warcry+1","Flame Barrier","Reaper+1","Parasite","Feel No Pain+1","Parasite","Whirlwind","Reprogram+1"],"relics":["Burning Blood","CogitoBucket","Pantograph","Juzu Bracelet","ResearcherNote","MealTicket","Calling Bell","ReplayTheSpireMod:Lightbulb","Golden Egg","hubris:Spice","Prayer Wheel","TreeSap","Nunchaku","infinitespire:ShieldingShard"],"acts_visited":["Exordium","TheCity"],"potions_floor_usage":[11,20],"damage_taken":[{"damage":6,"enemies":"Cultist","floor":1,"turns":3},{"damage":12,"enemies":"Jaw Worm","floor":3,"turns":2},{"damage":2,"enemies":"2 Louse","floor":5,"turns":2},{"damage":12,"enemies":"Gremlin Gang","floor":7,"turns":2},{"damage":2,"enemies":"Large Slime","floor":8,"turns":4},{"damage":39,"enemies":"Lagavulin","floor":10,"turns":6},{"damage":16,"enemies":"3 Louse","floor":11,"turns":2},{"damage":7,"enemies":"Blue Slaver","floor":12,"turns":5},{"damage":24,"enemies":"3 Sentries","floor":14,"turns":6},{"damage":22,"enemies":"Fading Forest","floor":16,"turns":11},{"damage":2,"enemies":"Shell Parasite","floor":18,"turns":5},{"damage":16,"enemies":"2 Thieves","floor":20,"turns":5},{"damage":2,"enemies":"Snecko","floor":22,"turns":4},{"damage":16,"enemies":"Slavers","floor":23,"turns":5},{"damage":12,"enemies":"Gremlin Leader","floor":25,"turns":5},{"damage":4,"enemies":"Book of Stabbing","floor":27,"turns":4},{"damage":59,"enemies":"Cultist and Chosen","floor":30,"turns":4}],"seed_played":"146045868810135118","potions_obtained":[{"floor":1,"key":"SpeedPotion"},{"floor":5,"key":"Strength Potion"},{"floor":8,"key":"hexamod:SoulburnPotion"},{"floor":12,"key":"Block Potion"},{"floor":20,"key":"Explosive Potion"}],"is_trial":false,"path_per_floor":["M","?","M","?","M","R","M","M","T","E","M","M","?","E","R","B",null,"M","AVR","M","?","M","E","?","E","T","E","?","R","M"],"character_chosen":"IRONCLAD","items_purchased":[],"campfire_rested":0,"item_purchase_floors":[],"current_hp_per_floor":[80,80,74,74,78,78,72,76,76,43,33,32,56,38,38,55,88,88,85,75,75,79,69,53,80,80,82,82,82,59,59],"gold":197,"neow_bonus":"","is_daily":false,"chose_seed":false,"campfire_upgraded":3,"win_rate":0.0,"timestamp":1614264022,"path_taken":["M","?","M","?","M","R","M","M","T","E","M","M","?","E","R","BOSS","M","AVR","M","?","M","E","?","E","T","E","?","R","M"],"items_purchased_type":[],"build_version":"2020-12-22","purchased_purges":1,"victory":false,"max_hp_per_floor":[80,80,80,80,80,80,80,80,80,80,80,80,80,80,80,80,88,88,85,85,85,85,85,90,98,90,90,90,90,90,90],"card_choices":[{"not_picked":["RedShoes","PunishingBird"],"picked":"CherryBlossoms","floor":1},{"not_picked":["Clash","Defy Death"],"picked":"Thunderclap","floor":1},{"not_picked":["Rampage","Cleave"],"picked":"Whirlwind","floor":3},{"not_picked":["Scorched","HappyTeddy"],"picked":"WallGazer","floor":3},{"not_picked":["OldLady","SpiderBud"],"picked":"CrumblingArmor","floor":5},{"not_picked":["Shrug It Off","Burning Pact"],"picked":"Cleave","floor":5},{"not_picked":["Freischutz","DespairKnight"],"picked":"OSAHOGD","floor":7},{"not_picked":["ReplayTheSpireMod:Strike From Hell","Warcry"],"picked":"Armaments","floor":7},{"not_picked":["Wellcheers","MHz"],"picked":"UniverseFragment","floor":8},{"not_picked":["Run Through","Uppercut"],"picked":"True Grit","floor":8},{"not_picked":["HeroicMonk","ShyLook","Murderer"],"picked":"Singing Bowl","floor":10},{"not_picked":["Fire Breathing","Wild Strike","Run Through"],"picked":"SKIP","floor":10},{"not_picked":["Bloodbath","Murderer"],"picked":"MeatLantern","floor":11},{"not_picked":["ReplayTheSpireMod:Limb From Limb","Iron Wave"],"picked":"Flame Barrier","floor":11},{"not_picked":["Reckless Charge","Thunderclap"],"picked":"Demon Form","floor":12},{"not_picked":["FairyFestival","SingingMachine"],"picked":"Freischutz","floor":12},{"not_picked":["QueenOfHatred","Bloodbath"],"picked":"WhitesApple","floor":14},{"not_picked":["Flex","Dropkick"],"picked":"Shrug It Off","floor":14},{"not_picked":["ShyLook","Murderer"],"picked":"BeautyBeast","floor":16},{"not_picked":["Impervious","Replay:Many Hands"],"picked":"Demon Form","floor":16},{"not_picked":["Rudolta","ShyLook"],"picked":"BlueStar","floor":18},{"not_picked":["Headbutt","Iron Wave+1"],"picked":"infinitespire:OneForAll","floor":18},{"not_picked":["Clash","Headbutt"],"picked":"Warcry+1","floor":20},{"not_picked":["ReplayTheSpireMod:LeadingStrike","Sword Boomerang","Flex+1"],"picked":"SKIP","floor":20},{"not_picked":["Iron Wave","Havoc+1"],"picked":"Flame Barrier","floor":22},{"not_picked":["Clash","Battle Trance+1"],"picked":"Reaper","floor":22},{"not_picked":["Warcry","Pommel Strike"],"picked":"Feel No Pain+1","floor":23},{"not_picked":["Fire Breathing","Rage","Sentinel"],"picked":"SKIP","floor":25},{"not_picked":["Clothesline","Infernal Blade"],"picked":"Whirlwind","floor":27}],"player_experience":3755347,"relics_obtained":[{"floor":9,"key":"Pantograph"},{"floor":10,"key":"Juzu Bracelet"},{"floor":14,"key":"MealTicket"},{"floor":17,"key":"ReplayTheSpireMod:Lightbulb"},{"floor":17,"key":"Golden Egg"},{"floor":17,"key":"hubris:Spice"},{"floor":23,"key":"Nunchaku"},{"floor":25,"key":"hubris:Spice"},{"floor":26,"key":"hubris:Spice"},{"floor":27,"key":"infinitespire:ShieldingShard"}],"event_choices":[{"damage_healed":0,"gold_gain":0,"cards_transformed":["Strike_R"],"player_choice":"Transformed","damage_taken":0,"max_hp_gain":0,"max_hp_loss":0,"event_name":"Transmorgrifier","floor":4,"gold_loss":0,"cards_obtained":["Iron Wave"]},{"damage_healed":0,"gold_gain":0,"player_choice":"Forge","damage_taken":0,"max_hp_gain":0,"max_hp_loss":0,"event_name":"Accursed Blacksmith","floor":21,"gold_loss":0,"cards_upgraded":["ReplayTheSpireMod:??????????????????????"]},{"damage_healed":0,"gold_gain":0,"player_choice":"Shed Blood","damage_taken":21,"max_hp_gain":5,"max_hp_loss":0,"event_name":"Forgotten Altar","floor":24,"gold_loss":0},{"damage_healed":0,"gold_gain":0,"player_choice":"Read","damage_taken":0,"max_hp_gain":0,"max_hp_loss":0,"event_name":"The Library","floor":28,"gold_loss":0,"cards_obtained":["Reprogram"]}],"is_beta":false,"boss_relics":[{"not_picked":["Fusion Hammer","bronze:MakeshiftBattery"],"picked":"Calling Bell"}],"items_purged_floors":[19],"is_endless":false,"potions_floor_spawned":[1,5,8,12,16,20,23,25,27],"killed_by":"Cultist and Chosen","ascension_level":3}}