{"host":"y2nx07t75db4hs5p","time":1614221333,"event":{"mods":["Act Like it!","BaseMod","Gensokyo","Lobotomy","LobotomyExtend","Minty Spire (QoL Compilation)","StSLib"],"gold_per_floor":[120,120,135,153,164,191,191,191,215,215,230,230,249,249,249,345,345,355,373,0,12,12,38,38,38,38,38,38,51,51,65,65,167,167,180,190,203,203,216,216,231,231,231,71,84,84,102,27,27,27,27],"floor_reached":52,"language":"ZHS","playtime":2572,"items_purged":["Regret"],"score":801,"play_id":"44a109ae-6256-450d-b54a-b407874f019f","local_time":"20210225104853","is_ascension_mode":false,"campfire_choices":[{"data":"Mimicry","floor":15.0,"key":"SMITH"}],"circlet_count":0,"master_deck":["BigBird","SpecialBullet","SpecialBullet","SpecialBullet","SpecialBullet","SpecialBullet","SpecialBullet","SecurityCode","DisciplinaryCode","CentralCode","BlackSwan_ego+1","PunishingBird","Mimicry+1","WelfareCode","Variant","Adoration+1","NothingThere","WristCuter+1","GreenStem+1","Diffraction+1","FieryBird","BodiesMountain","TrainingCode","Moonlight+1"],"relics":["CogitoBucket","Dead Branch","LetterFromLob","RedMistMask","Boot","HellTrain","HonorFeather","Gaze_r","Lamp_r","Cursed Key","PreservedInsect","Moonlight_r","Coffee Dripper","Molten Egg 2","Chemical X"],"acts_visited":["Gensokyo:Gensokyo","Gensokyo:Gensokyoer","Gensokyo:Gensokyoest"],"potions_floor_usage":[],"damage_taken":[{"damage":7.0,"enemies":"Gensokyo:Gryphon","floor":1.0,"turns":3.0},{"damage":0.0,"enemies":"Gensokyo:Python","floor":3.0,"turns":2.0},{"damage":3.0,"enemies":"Gensokyo:2_Kodama","floor":4.0,"turns":2.0},{"damage":7.0,"enemies":"Gensokyo:2_Rabbits","floor":5.0,"turns":3.0},{"damage":19.0,"enemies":"Gensokyo:Aya","floor":6.0,"turns":3.0},{"damage":29.0,"enemies":"Gensokyo:LivingMonolith","floor":11.0,"turns":9.0},{"damage":19.0,"enemies":"Gensokyo:Gryphon_and_Rabbit","floor":13.0,"turns":4.0},{"damage":220.0,"enemies":"Gensokyo:2_Rabbits","floor":14.0,"turns":5.0},{"damage":49.0,"enemies":"Gensokyo:2_Rabbits","floor":14.0,"turns":5.0},{"damage":11.0,"enemies":"Gensokyo:Kokoro","floor":16.0,"turns":5.0},{"damage":5.0,"enemies":"Gensokyo:Chomper","floor":18.0,"turns":2.0},{"damage":15.0,"enemies":"Gensokyo:AngelMirror","floor":19.0,"turns":2.0},{"damage":86.0,"enemies":"Gensokyo:Slime_Group","floor":21.0,"turns":8.0},{"damage":18.0,"enemies":"Gensokyo:Reisen","floor":23.0,"turns":4.0},{"damage":4,"enemies":"Gensokyo:Wraith","floor":29,"turns":3},{"damage":3,"enemies":"Gensokyo:Chomper_and_Gloop","floor":31,"turns":5},{"damage":18,"enemies":"Gensokyo:Kaguya","floor":33,"turns":13},{"damage":48,"enemies":"Gensokyo:3_Boulders","floor":35,"turns":11},{"damage":5,"enemies":"Gensokyo:3_Bats","floor":36,"turns":3},{"damage":8,"enemies":"Gensokyo:Dusk_and_Dawn","floor":37,"turns":2},{"damage":5,"enemies":"Gensokyo:Rafflesia","floor":39,"turns":4},{"damage":5,"enemies":"Gensokyo:SeedOfUnknown","floor":41,"turns":2},{"damage":10,"enemies":"Gensokyo:Dusk_and_Dawn","floor":45,"turns":2},{"damage":5,"enemies":"Gensokyo:Rafflesia","floor":47,"turns":2},{"damage":10,"enemies":"Gensokyo:Scarlet_Devils","floor":50,"turns":6}],"seed_played":"5806906262791964584","potions_obtained":[{"floor":3.0,"key":"SpeedPotion"},{"floor":5.0,"key":"BlessingOfTheForge"},{"floor":13.0,"key":"ColorlessPotion"},{"floor":21.0,"key":"CultistPotion"}],"is_trial":false,"path_per_floor":["M","?","M","M","M","E","?","R","T","R","M","R","M","M","R","B",null,"M","M","?","M","?","E","R","?","T","$","R","M","R","M","R","B",null,"M","M","M","?","M","R","M","R","T","COS","M","R","M","$","R","B",null,null],"character_chosen":"Angela","items_purchased":[],"campfire_rested":0,"item_purchase_floors":[],"current_hp_per_floor":[63,63,63,63,63,58,58,58,58,58,43,43,40,63,63,63,63,63,63,63,24,24,63,63,27,27,27,63,63,63,63,63,63,63,63,63,63,63,63,63,63,63,63,63,63,63,63,63,63,63,63],"gold":27,"neow_bonus":"ONE_RARE_RELIC","is_daily":false,"chose_seed":false,"campfire_upgraded":1,"win_rate":0.0,"timestamp":1614221333,"path_taken":["M","?","?","M","M","E","?","R","T","R","M","R","M","?","R","BOSS","M","M","?","M","?","E","R","?","T","$","R","M","R","?","R","BOSS","M","M","M","?","?","R","M","R","T","COS","M","R","M","$","R","BOSS"],"items_purchased_type":[],"build_version":"2020-12-22","purchased_purges":1,"victory":true,"max_hp_per_floor":[63,63,63,63,63,63,63,63,63,63,63,63,63,63,63,63,63,63,63,63,63,63,63,63,63,63,63,63,63,63,63,63,63,63,63,63,63,63,63,63,63,63,63,63,63,63,63,63,63,63,63],"card_choices":[{"not_picked":["Penitence","CUTE"],"picked":"SKIP","floor":1.0},{"not_picked":["Hornet"],"picked":"BlackSwan_ego","floor":3.0},{"not_picked":["Regret_ego","Beak"],"picked":"SKIP","floor":4.0},{"not_picked":["Bloodbath","SpiderBud"],"picked":"PunishingBird","floor":5.0},{"not_picked":["Loneliness","Wingbeat"],"picked":"SKIP","floor":5.0},{"not_picked":["SpiderBud","MHz"],"picked":"BigBird","floor":6.0},{"not_picked":["Gaze"],"picked":"Mimicry","floor":6.0},{"not_picked":["FrostShard","CherryBlossom"],"picked":"SKIP","floor":11.0},{"not_picked":["Mimicry","Laetitia_ego"],"picked":"SKIP","floor":13.0},{"not_picked":["CrumblingArmor","MHz"],"picked":"Variant","floor":16.0},{"not_picked":["DaCapo"],"picked":"Adoration","floor":16.0},{"not_picked":["GreedKing","Wellcheers"],"picked":"NothingThere","floor":18.0},{"not_picked":["Galaxy+1"],"picked":"WristCuter","floor":18.0},{"not_picked":["LifeForTheDareDevil","GrinderMk4"],"picked":"SKIP","floor":19.0},{"not_picked":["FrostShard","Regret_ego+1"],"picked":"SKIP","floor":21.0},{"not_picked":["Noise+1"],"picked":"GreenStem","floor":23.0},{"not_picked":["Harmony","Heaven+1"],"picked":"SKIP","floor":29},{"not_picked":["RapturousDream"],"picked":"Diffraction+1","floor":31},{"not_picked":["Ecstasy","WristCuter"],"picked":"SKIP","floor":35},{"not_picked":["ShyLook","BigBadWolf"],"picked":"FieryBird","floor":36},{"not_picked":["CUTE+1","LifeForTheDareDevil+1"],"picked":"SKIP","floor":36},{"not_picked":["Porccubus","SpiderBud"],"picked":"BodiesMountain","floor":37},{"not_picked":["Noise","Soda"],"picked":"SKIP","floor":37},{"not_picked":["Noise","Soda"],"picked":"SKIP","floor":37},{"not_picked":["Soda+1","SolemnVow"],"picked":"SKIP","floor":39},{"not_picked":["Soda+1","SolemnVow"],"picked":"SKIP","floor":39},{"not_picked":["Loneliness+1","FourthMatchFlame"],"picked":"SKIP","floor":41},{"not_picked":["GoldRush+1","RapturousDream"],"picked":"SKIP","floor":45},{"not_picked":["RapturousDream+1"],"picked":"Moonlight+1","floor":47}],"player_experience":330122,"relics_obtained":[{"floor":1.0,"key":"LetterFromLob"},{"floor":4.0,"key":"RedMistMask"},{"floor":6.0,"key":"Boot"},{"floor":23.0,"key":"PreservedInsect"},{"floor":43,"key":"Molten Egg 2"}],"event_choices":[],"is_beta":false,"boss_relics":[{"not_picked":["Black Star","Calling Bell"],"picked":"Cursed Key"},{"not_picked":["Snecko Eye","SacredBark"],"picked":"Coffee Dripper"}],"items_purged_floors":[48],"is_endless":false,"potions_floor_spawned":[3,5,6,13,14,21,35,37,39],"ascension_level":0}}