{"host":"pu1pmxeu7vyxsds8","time":1614214370,"event":{"mods":["Act Like it!","BaseMod","Block Reminder","Minty Spire (QoL Compilation)","Permanent Neow","Quick Restart","Relic Stats"],"gold_per_floor":[117,130,36,36,51,51,79,89,116,116,145,161,195,207,207,310,310,329,329,244,70,81,109,185,185,185],"floor_reached":25,"language":"SPA","playtime":3279,"items_purged":["Strike_B"],"score":253,"play_id":"83464b12-9ea3-4677-bae6-ed6a3c856955","local_time":"20210224215250","is_ascension_mode":true,"campfire_choices":[{"data":"Loop","floor":6.0,"key":"SMITH"},{"data":"Loop","floor":10.0,"key":"SMITH"},{"floor":15.0,"key":"REST"}],"circlet_count":0,"master_deck":["Strike_B","Strike_B","Strike_B","Defend_B","Defend_B","Defend_B","Defend_B","Zap","Dualcast","Coolheaded","Loop+1","Rebound","Loop+1","Beam Cell","Cold Snap","Cold Snap","Consume","Glacier","Chill","Steam","Go for the Eyes","Rainbow","Storm","Go for the Eyes","Enlightenment","Reprogram","Amplify"],"relics":["Cracked Core","Juzu Bracelet","Omamori","Bag of Marbles","Lizard Tail","Inserter","The Courier","HornCleat","Sundial"],"acts_visited":["Exordium","TheCity"],"potions_floor_usage":[],"damage_taken":[{"damage":0.0,"enemies":"Small Slimes","floor":1.0,"turns":3.0},{"damage":0.0,"enemies":"2 Louse","floor":2.0,"turns":4.0},{"damage":3.0,"enemies":"Jaw Worm","floor":5.0,"turns":4.0},{"damage":12.0,"enemies":"3 Sentries","floor":7.0,"turns":8.0},{"damage":13.0,"enemies":"Lots of Slimes","floor":8.0,"turns":6.0},{"damage":19.0,"enemies":"Lagavulin","floor":11.0,"turns":6.0},{"damage":7.0,"enemies":"Large Slime","floor":12.0,"turns":6.0},{"damage":14.0,"enemies":"3 Sentries","floor":13.0,"turns":11.0},{"damage":0.0,"enemies":"2 Fungi Beasts","floor":14.0,"turns":2.0},{"damage":11.0,"enemies":"Hexaghost","floor":16.0,"turns":13.0},{"damage":2,"enemies":"Shell Parasite","floor":18,"turns":5},{"damage":8,"enemies":"Spheric Guardian","floor":22,"turns":4},{"damage":63,"enemies":"Book of Stabbing","floor":23,"turns":7},{"damage":49,"enemies":"Slavers","floor":25,"turns":3}],"seed_played":"5463078528626859124","potions_obtained":[{"floor":1.0,"key":"SteroidPotion"},{"floor":5.0,"key":"Ancient Potion"},{"floor":11.0,"key":"SteroidPotion"}],"is_trial":false,"path_per_floor":["M","M","$","?","M","R","E","M","T","R","E","M","E","M","R","B",null,"M","?","?","$","M","E","T","E"],"character_chosen":"DEFECT","items_purchased":["Loop","Beam Cell","Go for the Eyes","Enlightenment"],"campfire_rested":1,"item_purchase_floors":[3,3,21,21],"current_hp_per_floor":[75,75,75,75,72,72,60,47,47,47,28,21,7,7,29,18,75,73,73,73,73,65,2,2,0,0],"gold":185,"neow_bonus":"THREE_CARDS","is_daily":false,"chose_seed":false,"campfire_upgraded":2,"win_rate":0.0,"timestamp":1614214370,"path_taken":["M","M","$","?","M","R","E","M","T","R","E","M","E","M","R","BOSS","M","?","?","$","M","E","?","E"],"items_purchased_type":["Card","Card","Card","Card"],"build_version":"2020-12-22","purchased_purges":1,"victory":false,"max_hp_per_floor":[75,75,75,75,75,75,75,75,75,75,75,75,75,75,75,75,75,75,75,75,75,75,75,75,75,75],"relic_stats":{"Lizard Tail":37,"Inserter":[9],"counters":[14,80],"Sundial":[0],"Juzu Bracelet":0,"obtain_stats":[{"Lizard Tail":13,"Inserter":17,"HornCleat":23,"Sundial":24,"The Courier":20,"Juzu Bracelet":7,"Omamori":9,"Bag of Marbles":11,"Cracked Core":0},{"Lizard Tail":8,"Inserter":10,"HornCleat":13,"Sundial":13,"The Courier":11,"Juzu Bracelet":4,"Omamori":5,"Bag of Marbles":6,"Cracked Core":0},{"Lizard Tail":46,"Inserter":61,"HornCleat":77,"Sundial":77,"The Courier":66,"Juzu Bracelet":18,"Omamori":23,"Bag of Marbles":29,"Cracked Core":0}]},"card_choices":[{"not_picked":["Sweeping Beam","Streamline"],"picked":"Coolheaded","floor":0.0},{"not_picked":["Reinforced Body","Stack"],"picked":"Loop","floor":1.0},{"not_picked":["Streamline","Fusion"],"picked":"Rebound","floor":2.0},{"not_picked":["Conserve Battery","Ball Lightning"],"picked":"Cold Snap","floor":5.0},{"not_picked":["Turbo","Sunder"],"picked":"Cold Snap","floor":7.0},{"not_picked":["Stack","Multi-Cast"],"picked":"Consume","floor":8.0},{"not_picked":["Cold Snap","Sweeping Beam"],"picked":"Glacier","floor":11.0},{"not_picked":["Stack","Auto Shields"],"picked":"Chill","floor":12.0},{"not_picked":["Turbo","Rip and Tear"],"picked":"Steam","floor":13.0},{"not_picked":["Barrage","Beam Cell"],"picked":"Go for the Eyes","floor":14.0},{"not_picked":["Thunder Strike","Echo Form"],"picked":"Rainbow","floor":16.0},{"not_picked":["Cold Snap","Ball Lightning"],"picked":"Storm","floor":18},{"not_picked":["Coolheaded","FTL+1"],"picked":"Reprogram","floor":22},{"not_picked":["Barrage","Doom and Gloom"],"picked":"Amplify","floor":23}],"player_experience":85683,"relics_obtained":[{"floor":7.0,"key":"Juzu Bracelet"},{"floor":9.0,"key":"Omamori"},{"floor":11.0,"key":"Bag of Marbles"},{"floor":13.0,"key":"Lizard Tail"},{"floor":23,"key":"HornCleat"},{"floor":24,"key":"Sundial"}],"event_choices":[{"damage_healed":0.0,"max_hp_gain":0.0,"max_hp_loss":0.0,"gold_gain":0.0,"event_name":"The Cleric","player_choice":"Leave","floor":4.0,"gold_loss":0.0,"damage_taken":0.0},{"damage_healed":0,"gold_gain":0,"player_choice":"Ignored","damage_taken":0,"max_hp_gain":0,"max_hp_loss":0,"event_name":"Ghosts","floor":19,"gold_loss":0},{"damage_healed":0,"gold_gain":0,"player_choice":"Obtained Relic","damage_taken":0,"relics_obtained":["The Courier"],"max_hp_gain":0,"max_hp_loss":0,"event_name":"Addict","floor":20,"gold_loss":85}],"is_beta":false,"boss_relics":[{"not_picked":["Empty Cage","Velvet Choker"],"picked":"Inserter"}],"items_purged_floors":[21],"is_endless":false,"potions_floor_spawned":[1,5,11,12,22],"killed_by":"Slavers","ascension_level":1}}