{"host":"0z0c1uh6fu54dbig","time":1614259667,"event":{"mods":["BaseMod","Colored Map","Hermit","Marisa????????","Minty Spire (QoL Compilation)","StSLib","The Cursed","The Servant 0.9.4"],"gold_per_floor":[11,25,37,54,8,8,38,38,38,38,48,108,126,136,136,232,232,250,266,285,296,308,308,308],"floor_reached":23,"language":"ENG","playtime":1621,"items_purged":[],"score":199,"play_id":"be6a4609-4a01-4665-9f27-240b133c851a","local_time":"20210226002747","is_ascension_mode":false,"campfire_choices":[{"data":"hermit:CursedWeapon","floor":6,"key":"SMITH"},{"data":"hermit:HighCaliber","floor":8,"key":"SMITH"},{"data":"hermit:Snapshot","floor":10,"key":"SMITH"},{"floor":15,"key":"REST"}],"circlet_count":0,"master_deck":["hermit:Strike_Hermit","hermit:Strike_Hermit","hermit:Strike_Hermit","hermit:Defend_Hermit","hermit:Defend_Hermit","hermit:Defend_Hermit","hermit:Snapshot+1","hermit:Covet","hermit:CursedWeapon+1","hermit:HighCaliber+1","hermit:FlashPowder","hermit:Snipe","hermit:Dive","hermit:FromBeyond","hermit:Brawl","hermit:HighCaliber","hermit:Quickdraw","hermit:HeroicBravado","hermit:FromBeyond","hermit:Deadeye+1","hermit:HoleUp+1","hermit:FullyLoaded","hermit:ItchyTrigger+1","hermit:EyeOfTheStorm+1"],"relics":["hermit:Momento","Boot","Pear","Pocketwatch","Sozu"],"acts_visited":["Exordium","TheCity"],"potions_floor_usage":[7,7,14,16],"damage_taken":[{"damage":6,"enemies":"Cultist","floor":1,"turns":3},{"damage":2,"enemies":"Small Slimes","floor":2,"turns":3},{"damage":2,"enemies":"2 Louse","floor":3,"turns":3},{"damage":5,"enemies":"Red Slaver","floor":4,"turns":4},{"damage":11,"enemies":"3 Sentries","floor":7,"turns":8},{"damage":2,"enemies":"3 Louse","floor":11,"turns":2},{"damage":16,"enemies":"Lagavulin Event","floor":12,"turns":5},{"damage":8,"enemies":"Lots of Slimes","floor":13,"turns":3},{"damage":5,"enemies":"Gremlin Gang","floor":14,"turns":4},{"damage":27,"enemies":"The Guardian","floor":16,"turns":10},{"damage":2,"enemies":"Shell Parasite","floor":18,"turns":3},{"damage":25,"enemies":"3 Byrds","floor":19,"turns":4},{"damage":22,"enemies":"Shelled Parasite and Fungi","floor":20,"turns":3},{"damage":8,"enemies":"Cultist and Chosen","floor":21,"turns":4},{"damage":15,"enemies":"3 Cultists","floor":22,"turns":6},{"damage":18,"enemies":"Slavers","floor":23,"turns":1}],"seed_played":"231412797411901886","potions_obtained":[{"floor":1,"key":"Weak Potion"},{"floor":3,"key":"DistilledChaos"},{"floor":4,"key":"SteroidPotion"},{"floor":13,"key":"EssenceOfSteel"}],"is_trial":false,"path_per_floor":["M","M","M","M","$","R","E","R","T","R","M","?","M","M","R","B",null,"M","M","M","M","M","E"],"character_chosen":"HERMIT","items_purchased":["hermit:Dive"],"campfire_rested":1,"item_purchase_floors":[5],"current_hp_per_floor":[69,67,65,60,60,60,49,49,59,59,57,41,33,28,53,26,85,83,58,36,28,13,0,0],"gold":308,"neow_bonus":"REMOVE_TWO","is_daily":false,"chose_seed":false,"campfire_upgraded":3,"win_rate":0.0,"timestamp":1614259667,"path_taken":["M","M","M","M","$","R","E","R","T","R","M","?","M","M","R","BOSS","M","M","M","M","M","E"],"items_purchased_type":["Card"],"build_version":"2020-12-22","purchased_purges":0,"victory":false,"max_hp_per_floor":[75,75,75,75,75,75,75,75,85,85,85,85,85,85,85,85,85,85,85,85,85,85,85,85],"card_choices":[{"not_picked":["hermit:FlashPowder","hermit:Deadeye"],"picked":"hermit:CursedWeapon","floor":1},{"not_picked":["hermit:Spite","hermit:LuckOfTheDraw"],"picked":"hermit:HighCaliber","floor":2},{"not_picked":["hermit:Brawl","hermit:BigShot"],"picked":"hermit:FlashPowder","floor":3},{"not_picked":["hermit:Dive","hermit:Manifest"],"picked":"hermit:Snipe","floor":4},{"not_picked":["hermit:Maintenance","hermit:LowProfile"],"picked":"hermit:FromBeyond","floor":7},{"not_picked":["hermit:Misfire","hermit:Virtue"],"picked":"hermit:Brawl","floor":11},{"not_picked":["hermit:ItchyTrigger","hermit:Virtue"],"picked":"hermit:HighCaliber","floor":12},{"not_picked":["hermit:Feint","hermit:Headshot"],"picked":"hermit:Quickdraw","floor":13},{"not_picked":["hermit:FullyLoaded","hermit:TakeCover"],"picked":"hermit:HeroicBravado","floor":14},{"not_picked":["hermit:Adapt","hermit:EternalForm"],"picked":"hermit:FromBeyond","floor":16},{"not_picked":["hermit:Combo","hermit:TrackingShot"],"picked":"hermit:Deadeye+1","floor":18},{"not_picked":["hermit:Horror","hermit:Malice"],"picked":"hermit:HoleUp+1","floor":19},{"not_picked":["hermit:PistolWhip","hermit:Grudge"],"picked":"hermit:FullyLoaded","floor":20},{"not_picked":["hermit:WideOpen","hermit:Glare"],"picked":"hermit:ItchyTrigger+1","floor":21},{"not_picked":["hermit:HoleUp","hermit:Ricochet"],"picked":"hermit:EyeOfTheStorm+1","floor":22}],"player_experience":221450,"relics_obtained":[{"floor":7,"key":"Boot"},{"floor":9,"key":"Pear"}],"event_choices":[{"damage_healed":0,"gold_gain":0,"player_choice":"Searched \u00273\u0027 times","damage_taken":0,"relics_obtained":["Pocketwatch"],"max_hp_gain":0,"max_hp_loss":0,"event_name":"Dead Adventurer","floor":12,"gold_loss":0}],"is_beta":false,"boss_relics":[{"not_picked":["Coffee Dripper","hermit:ClaspedLocket"],"picked":"Sozu"}],"items_purged_floors":[],"is_endless":false,"potions_floor_spawned":[1,3,4,13,18,22],"killed_by":"Slavers","ascension_level":0}}