{"host":"8t5dkgm85abdp22d","time":1614255779,"event":{"mods":["100% Spire Juice","ATMod(阿瑾Mod)","Act Like it!","BaseMod","Colored Powertips","Conspire","Gensokyo","Hallownest","Library of Ruina","Marisa（F雨　魔理沙）","Minty Spire (QoL Compilation)","MostiFishMod","Remilia（蕾米莉亚）","RumiaBox-露米娅的神秘盒子","StSLib","The Bug Knight","UnlockEverythingMod","Waifu the Spire","WarShipGirlsR/战舰少女R mod","Wide Potions","Yakumo Yukari mod"],"gold_per_floor":[11,11,25,38,55,55,87,99,99,113,129,162,162,215,215,320,320,331,346,378,391,402,429,429,455,481,115,115,132,160,120,120,219,219,230,242,252,268,268,283,311,311,311,345,360,408,408,423,423,423,423,423,323,356,356],"floor_reached":56,"language":"ZHS","playtime":2234,"items_purged":["LightAttack","LightAttack+1"],"score":1938,"play_id":"fe9803cb-e5f0-43f8-a7ee-c102be349a0f","local_time":"20210225202259","is_ascension_mode":false,"campfire_choices":[{"data":"FrontalAssault","floor":6,"key":"SMITH"},{"data":"WillOfThePrescript","floor":15,"key":"SMITH"},{"data":"Unlock1","floor":24,"key":"SMITH"},{"data":"TieShanKao","floor":32,"key":"SMITH"},{"data":"CleanUp","floor":42,"key":"SMITH"},{"floor":49,"key":"RECALL"},{"data":"MostiFishMod:Galeforce","floor":52,"key":"SMITH"}],"circlet_count":0,"master_deck":["Dodge+1","LightDefense+1","LightAttack+1","LightDefense+1","LightDefense+1","LightDefense+1","ChargeAndCover+1","FocusedStrikes+1","AT_ShadowStep+1","RepressedFlesh+1","FrontalAssault+1","WillOfThePrescript+1","TrashDisposal+1","SharpNails+1","MirageStorm+1","TieShanKao+1","BiAn+1","Unlock1+1","Multislash+1","FlamingDragonFist+1","Faith+1","BoundaryOfDeath+1","AT_EmpoweredMortalDraw+1","CleanUp+1","Finesse","Flash of Steel","MostiFishMod:Galeforce+1","TendonChords+1","SunsetBlade+1"],"relics":["PageOfLibrarian","AT_ATBox","DaveBox","DianPoetry","RhineCircuit","SynthV:TestCard","Bottled Flame","SynthV:C4","Toy Ornithopter","AT_TrinityForce","conspire:DeflatedDodgeball","Pen Nib","Red Mask","AT_RedTearstoneRing","Potion Belt","PageOfMercenary","AT_MortalBlade","Gremlin Horn","PageOfLumberjack","AT_BellowingDragoncrestRing","CatCart","ScarletDevilRocket"],"acts_visited":["Exordium","TheCity","TheBeyond","TheEnding"],"potions_floor_usage":[55,55],"damage_taken":[{"damage":4,"enemies":"Jaw Worm","floor":1,"turns":2},{"damage":0,"enemies":"Small Slimes","floor":3,"turns":1},{"damage":0,"enemies":"Cultist","floor":4,"turns":1},{"damage":8,"enemies":"Looter","floor":5,"turns":2},{"damage":0,"enemies":"Gremlin Nob","floor":7,"turns":2},{"damage":5,"enemies":"Gremlin Gang","floor":8,"turns":3},{"damage":0,"enemies":"Exordium Thugs","floor":10,"turns":3},{"damage":2,"enemies":"Blue Slaver","floor":11,"turns":2},{"damage":0,"enemies":"Lagavulin","floor":12,"turns":2},{"damage":0,"enemies":"Hexaghost","floor":16,"turns":5},{"damage":0,"enemies":"Spheric Guardian","floor":18,"turns":1},{"damage":0,"enemies":"conspire:HollyBat","floor":19,"turns":4},{"damage":0,"enemies":"conspire:MimicChest","floor":20,"turns":2},{"damage":0,"enemies":"3 Cultists","floor":21,"turns":1},{"damage":0,"enemies":"Snake Plant","floor":22,"turns":1},{"damage":0,"enemies":"Slavers","floor":23,"turns":3},{"damage":0,"enemies":"Masked Bandits","floor":25,"turns":1},{"damage":0,"enemies":"Centurion and Healer","floor":29,"turns":2},{"damage":0,"enemies":"HollowMod:Nosk","floor":30,"turns":2},{"damage":3,"enemies":"Automaton","floor":33,"turns":6},{"damage":0,"enemies":"3 Darklings","floor":35,"turns":2},{"damage":0,"enemies":"Orb Walker","floor":36,"turns":1},{"damage":0,"enemies":"Maw","floor":37,"turns":2},{"damage":0,"enemies":"Jaw Worm Horde","floor":38,"turns":1},{"damage":0,"enemies":"Jaw Worm Horde","floor":39,"turns":7},{"damage":0,"enemies":"3 Darklings","floor":40,"turns":2},{"damage":0,"enemies":"Reptomancer","floor":41,"turns":2},{"damage":0,"enemies":"Giant Head","floor":44,"turns":3},{"damage":0,"enemies":"Spire Growth","floor":45,"turns":1},{"damage":20,"enemies":"Orin","floor":46,"turns":3},{"damage":0,"enemies":"Jaw Worm Horde","floor":48,"turns":2},{"damage":0,"enemies":"Awakened One","floor":50,"turns":3},{"damage":0,"enemies":"Shield and Spear","floor":54,"turns":2},{"damage":58,"enemies":"The Heart","floor":55,"turns":4}],"seed_played":"7699738161847860257","potions_obtained":[{"floor":4,"key":"Fire Potion"},{"floor":5,"key":"FearPotion"},{"floor":19,"key":"Swift Potion"},{"floor":20,"key":"PowerPotion"},{"floor":31,"key":"Fire Potion"},{"floor":31,"key":"EssenceOfSteel"},{"floor":31,"key":"SteroidPotion"}],"is_trial":false,"path_per_floor":["M","?","M","M","M","R","E","M","T","M","M","E","?","T","R","B",null,"M","M","?","M","M","E","R","?","T","$","?","M","E","?","R","B",null,"M","M","M","M","?","M","E","R","T","E","M","?","?","M","R","B",null,"R","$","E","B",null],"character_chosen":"Librarian","items_purchased":["Potion Belt","FlamingDragonFist"],"campfire_rested":0,"item_purchase_floors":[27,27],"current_hp_per_floor":[56,56,56,56,48,48,48,43,43,43,41,41,46,46,46,63,84,84,84,84,84,84,84,84,84,84,84,84,84,84,84,84,84,84,84,84,84,84,84,84,84,84,84,84,84,64,54,61,61,65,84,84,84,84,34],"gold":356,"neow_bonus":"ONE_RARE_RELIC","is_daily":false,"chose_seed":false,"campfire_upgraded":6,"win_rate":0.0,"timestamp":1614255779,"path_taken":["M","?","M","M","M","R","E","M","T","M","M","E","?","?","R","BOSS","M","M","?","M","M","E","R","?","T","$","?","?","E","?","R","BOSS","M","M","?","M","?","M","E","R","T","E","M","?","?","M","R","BOSS","R","$","E","BOSS"],"items_purchased_type":["Relic","Card"],"build_version":"2020-12-22","purchased_purges":2,"victory":true,"max_hp_per_floor":[63,63,63,71,71,71,71,71,71,79,79,79,84,84,84,84,84,84,84,84,84,84,84,84,84,84,84,84,84,84,84,84,84,84,84,84,84,84,84,84,84,84,84,84,84,84,84,84,84,84,84,84,84,91,91],"card_choices":[{"not_picked":["InkOver","HighKick","BladeWhirl","ProselytesBlade","TendonChords","Slice_lor","MultiBlock","IllEndYou"],"picked":"RepressedFlesh","floor":1},{"not_picked":["ChargeUp","Wallop_lor","AutomatedMovement","YouOnlyLiveOnce","MultiBlock","UncannyStrike","Faith","StrikeDown","Pound","DarkCloud"],"picked":"FrontalAssault","floor":3},{"not_picked":["SearingSword","EmotionalTurbulence","MultiBlock","BackAttack","MultiHit","Marionette","HandleRequest","FrontalAssault","InnerArdor","Outburst","GuidanceOfTheGears"],"picked":"SKIP","floor":4},{"not_picked":["UnavoidableGaze","FlashingStrike","Outburst","LossOfSenses","NightInTheBackstreets","StrikeDown","EndlessBattle","InhaleSmoke","Pound","SuppressingShot","PinpointShot"],"picked":"SKIP","floor":5},{"not_picked":["HandleRequest","BladeWhirl","WrathOfTorment","QuickAttack","BackstreetsDash","TendonChords","FocusFire","PinpointShot","Standoff","FleetEdge","Preparation"],"picked":"SKIP","floor":7},{"not_picked":["SilentMist","PinpointShot","SweepTheBackstreets","QuickAttack","RushDown","EnergyStrike","FleetFootsteps","ShrineToMusic","HiddenBlade","NightInTheBackstreets"],"picked":"WillOfThePrescript","floor":8},{"not_picked":["Parry","SturdyDefense","FleetEdge","FieryDragonSlash","DesperateStruggle","SnakesPrey","SmokingPipe","BindingArms","Leap_lor","Clone","DarkCloud"],"picked":"SKIP","floor":10},{"not_picked":["ViolentFlame","WildCard","Rewind","AsThePrescriptOrders","HiddenBlade","WrathOfTorment","Quickness","UnavoidableGaze","GaleKick","Thrust"],"picked":"TrashDisposal","floor":11},{"not_picked":["ChargeUp","TrimTheIngredients","EnergyStrike","Diversion","FrontalAssault","SomberProcuration","SinglePointStab","FieryWaltz","WillOfThePrescript","VioletBlade"],"picked":"SharpNails","floor":12},{"not_picked":["LeRegole","TieShanKao","UnforgettableMelody","Suppress"],"picked":"MirageStorm","floor":16},{"not_picked":["Reload+1","Pound","StructuralAnalysis","FleetFootsteps","LawAndOrder","DesperateStruggle","DarkCloud","StrongStrike+1","QuickSuppression","SinglePointStab"],"picked":"TieShanKao","floor":18},{"not_picked":["ICanCookAnything+1","SturdyDefense","FleetEdge","FeatherShield","QuickAttack","SkyClearingCut","HighKick","StartinOutLightly","GreatSerpentsImpact","SuppressingShot"],"picked":"BiAn","floor":19},{"not_picked":["Laceration","AbsorbImpact","PreemptiveStrike","BiAn","DimensionalRift+1","SteelKnuckles","SmokingPipe","SinglePointStab","Thrust","ExtremeEdge","Outburst"],"picked":"SKIP","floor":21},{"not_picked":["ExtremeEdge","SerpentSwordTechnique","EnergyStrike","BackstreetsDash","EndlessBattle","DarkCloud","MirageStorm","EnergyShield","FleetFootsteps","SpearedSweep","Diversion"],"picked":"SKIP","floor":22},{"not_picked":["WaitUp+1","StayCalm","PreemptiveStrike","Cruelty","EnergyStrike","TieShanKao","SuppressingShot+1","MultiBlock","GuidanceOfTheGears","SpearedSweep+1"],"picked":"Unlock1","floor":23},{"not_picked":["YoureTooSlow","Slice_lor","Zzzzzap","Thirst","LoosenUp","RapidGashes","Overpower","BackAttack","SetFire","BattleCommand"],"picked":"Multislash+1","floor":25},{"not_picked":["EndlessBattle","Reload","UncannyStrike+1","ViolentFlame","GreatSerpentsImpact","UpbeatPerformance","BlowItUp","BiteOff+1","Rewind","StructuralAnalysis"],"picked":"Faith","floor":29},{"not_picked":["ClassAndRespect","ExtractFuel","EnergyCycle","CumulusWall","EnergyBeam","AsThePrescriptOrders","InkOver","WildCard","UnavoidableGaze","QuickAttack","SharpSwipe"],"picked":"SKIP","floor":30},{"not_picked":["Eradication","FleshFillet","RepressedFlesh","Tttonst"],"picked":"BoundaryOfDeath","floor":33},{"not_picked":["NightInTheBackstreets+1","SuppressingShot+1","ShrineToMusic+1","SerpentSwordTechnique","Thrust+1","TimeForALittleTest","ProselytesBlade+1","DeepDrag+1","GreatSerpentsImpact","FeatherShield+1","AGoldenOpportunity"],"picked":"SKIP","floor":35},{"not_picked":["TendonChords","HiddenBlade","PreemptiveStrike","SpearedSweep","QuickSuppression","GreatSerpentsImpact+1","EndlessBattle+1","BizarreAttack","PinpointShot+1","ProselytesBlade","SinglePointStab"],"picked":"SKIP","floor":36},{"not_picked":["HiddenBlade+1","SpearedSweep","ViolentFlame","RushDown","SuppressingShot","FeatherShield+1","HandlingWork+1","Pound","PinpointShot","SturdyDefense+1","DefenseOrder+1"],"picked":"SKIP","floor":37},{"not_picked":["DeepDrag+1","SharpNails","YoureTooSlow+1","HandleRequest+1","Outburst+1","DriedUp","SharpSwipe","StrikeDown","DarkCloud+1","HighSpeedStabbing","ProselytesBlade"],"picked":"SKIP","floor":38},{"not_picked":["FleetEdge","FleetFootsteps+1","Parry2","Eliminate+1","Multislash","GatherIntel","TheArtOfRapidSteps","Overpower+1","BayonetCombat+1","GrazeTheGrass+1","Execute_lor"],"picked":"SKIP","floor":40},{"not_picked":["MindPrepared+1","EnergyShield","Reload+1","SunsetBlade","Overpower","AsThePrescriptOrders+1","CumulusWall","Eliminate","GatherIntel+1","Castigation"],"picked":"CleanUp","floor":41},{"not_picked":["DevastatingThrash","LoosenUp","CutIn+1","Feast+1","TrimTheIngredients+1","ForTheFamily+1","BiAn+1","Creak+1","Thrust+1","BoundaryOfDeath","StrongStrike"],"picked":"SKIP","floor":44},{"not_picked":["Reload","FrontalAssault","ChopItOff","Rampage_lor+1","UpbeatPerformance","QuickSuppression","FleshFillet","AsThePrescriptOrders+1","SpearedSweep+1","GuardingStance","Quickness"],"picked":"SKIP","floor":45},{"not_picked":["Impatience","AT_BreakingExtremeWeapon","AT_LightSaberMaster","AT_FalsePromise","Forethought","Blind","MostiFishMod:SupremeArchaeology","Metamorphosis","MostiFishMod:ButterFly","Mayhem"],"picked":"Finesse","floor":47},{"not_picked":["Metamorphosis","MostiFishMod:Kaleido","Transmutation","Swift Strike","Enlightenment","PanicButton","MostiFishMod:KingOfFree","Dark Shackles","MostiFishMod:SupremeArchaeology","AT_PowerWithin"],"picked":"Flash of Steel","floor":47},{"not_picked":["AT_TearsDenial","HandOfGreed","Finesse","Deep Breath","Panacea","AT_FamilyPortrait","AT_CelerityRune","Transmutation","Bandage Up","MostiFishMod:SupremeArchaeology"],"picked":"MostiFishMod:Galeforce","floor":47},{"not_picked":["Faith+1","Multislash","ToOvercomeCrisis","SilentNight","YoureTooSlow+1","FaintMemories+1","Rewind","GuidanceOfTheGears","SuppressingShot","GatherIntel+1"],"picked":"TendonChords+1","floor":48},{"not_picked":["LossOfSenses","EnergyShield","Thrust+1","IllEndYou+1","GreatSerpentsImpact+1","ShockingBlow+1","SpearedSweep+1","Unlock1+1","QuickAttack","ElectricShock"],"picked":"SunsetBlade+1","floor":54}],"player_experience":128748,"relics_obtained":[{"floor":1,"key":"SynthV:TestCard"},{"floor":7,"key":"Bottled Flame"},{"floor":12,"key":"SynthV:C4"},{"floor":14,"key":"Toy Ornithopter"},{"floor":20,"key":"conspire:DeflatedDodgeball"},{"floor":23,"key":"Pen Nib"},{"floor":25,"key":"Red Mask"},{"floor":26,"key":"AT_RedTearstoneRing"},{"floor":30,"key":"PageOfMercenary"},{"floor":41,"key":"Gremlin Horn"},{"floor":43,"key":"PageOfLumberjack"},{"floor":44,"key":"AT_BellowingDragoncrestRing"},{"floor":46,"key":"CatCart"},{"floor":54,"key":"ScarletDevilRocket"}],"event_choices":[{"damage_healed":0,"gold_gain":0,"player_choice":"Grow","damage_taken":0,"max_hp_gain":0,"max_hp_loss":0,"event_name":"Living Wall","floor":2,"gold_loss":0,"cards_upgraded":["RepressedFlesh"]},{"damage_healed":0,"gold_gain":0,"player_choice":"Donut","damage_taken":0,"max_hp_gain":5,"max_hp_loss":0,"event_name":"Big Fish","floor":13,"gold_loss":0},{"damage_healed":0,"gold_gain":0,"player_choice":"Fought Bandits","damage_taken":0,"max_hp_gain":0,"max_hp_loss":0,"event_name":"Masked Bandits","floor":25,"gold_loss":0},{"damage_healed":0,"gold_gain":0,"player_choice":"Forge","damage_taken":0,"max_hp_gain":0,"max_hp_loss":0,"event_name":"Accursed Blacksmith","floor":28,"gold_loss":0,"cards_upgraded":["FlamingDragonFist"]},{"damage_healed":0,"gold_gain":0,"player_choice":"Bought 3 Potions","damage_taken":0,"max_hp_gain":0,"max_hp_loss":0,"event_name":"The Woman in Blue","floor":31,"gold_loss":0},{"damage_healed":0,"gold_gain":0,"player_choice":"Fight","damage_taken":0,"max_hp_gain":0,"max_hp_loss":0,"event_name":"OrinTheCat","floor":46,"gold_loss":0},{"damage_healed":0,"gold_gain":0,"player_choice":"Memory 3","damage_taken":10,"max_hp_gain":0,"max_hp_loss":0,"event_name":"SensoryStone","floor":47,"gold_loss":0}],"is_beta":false,"boss_relics":[{"not_picked":["Empty Cage","Tiny House"],"picked":"AT_TrinityForce"},{"not_picked":["Sozu","MoonlightInvasionPlan"],"picked":"AT_MortalBlade"}],"items_purged_floors":[27,53],"is_endless":false,"potions_floor_spawned":[4,5,10,11,12,19,20,23,25,33,38,41,45,46,48],"ascension_level":0}}