{"host":"iv5y6bhuaupt1dsk","time":1614241052,"event":{"mods":["BaseMod","Colored Powertips","Koishi","Minty Spire (QoL Compilation)","StSLib","The Cursed","The Druid","The Exalted","The Forsaken","The Hierophant","The Judge","The Servant 0.9.4"],"gold_per_floor":[10,30,30,49,49,49,79,79,134,149,149,149],"floor_reached":11,"language":"ENG","playtime":438,"items_purged":[],"score":99,"play_id":"aa7014dc-de2b-4971-a0fe-d1d20c0f9402","local_time":"20210225001732","is_ascension_mode":true,"campfire_choices":[{"data":"theForsaken:DivineGuidance","floor":6,"key":"SMITH"},{"data":"theForsaken:SacrificeSoul","floor":8,"key":"SMITH"}],"circlet_count":0,"master_deck":["theForsaken:TheForsaken_Strike","theForsaken:TheForsaken_Strike","theForsaken:TheForsaken_Strike","theForsaken:TheForsaken_Strike","theForsaken:TheForsaken_Defend","theForsaken:TheForsaken_Defend","theForsaken:TheForsaken_Defend","theForsaken:TheForsaken_Defend","theForsaken:Smite","theForsaken:Penitence","theForsaken:DivineGuidance+1","theForsaken:BattleHymn","theForsaken:SacrificeSoul+1"],"relics":["theForsaken:JudgementScales","Vajra","Toy Ornithopter"],"acts_visited":["Exordium"],"potions_floor_usage":[4,4],"damage_taken":[{"damage":9,"enemies":"2 Louse","floor":1,"turns":7},{"damage":24,"enemies":"Small Slimes","floor":2,"turns":7},{"damage":3,"enemies":"Cultist","floor":4,"turns":5},{"damage":2,"enemies":"Gremlin Nob","floor":7,"turns":6},{"damage":3,"enemies":"Blue Slaver","floor":10,"turns":6},{"damage":35,"enemies":"3 Sentries","floor":11,"turns":4}],"seed_played":"7047684256355463606","potions_obtained":[{"floor":1,"key":"Weak Potion"},{"floor":2,"key":"ColorlessPotion"}],"is_trial":false,"path_per_floor":["M","M","$","M","?","R","E","R","T","M","E"],"character_chosen":"THE_FORSAKEN","items_purchased":[],"campfire_rested":0,"item_purchase_floors":[],"current_hp_per_floor":[52,35,35,37,34,34,38,38,38,35,0,0],"gold":149,"neow_bonus":"THREE_RARE_CARDS","is_daily":false,"chose_seed":false,"campfire_upgraded":2,"win_rate":0.0,"timestamp":1614241052,"path_taken":["M","M","$","M","?","R","E","R","T","M","E"],"items_purchased_type":[],"build_version":"2020-12-22","purchased_purges":0,"victory":false,"max_hp_per_floor":[67,69,69,71,71,71,71,71,71,71,71,71],"card_choices":[{"not_picked":["theForsaken:FountainOfLife","theForsaken:Horror"],"picked":"theForsaken:DivineGuidance","floor":0},{"not_picked":["theForsaken:PreciseStrike","theForsaken:ShieldBash","theForsaken:FuryStrikes"],"picked":"SKIP","floor":1},{"not_picked":["theForsaken:Thunderbolt","theForsaken:ScorchingSunlight","theForsaken:LightRoll"],"picked":"SKIP","floor":2},{"not_picked":["theForsaken:PowerUp","theForsaken:HorrifyingStrike"],"picked":"theForsaken:BattleHymn","floor":4},{"not_picked":["theForsaken:PreciseStrike","theForsaken:FuryStrikes"],"picked":"theForsaken:SacrificeSoul","floor":7},{"not_picked":["theForsaken:PanicDive","theForsaken:NobleSacrifice","theForsaken:CorruptedWord"],"picked":"SKIP","floor":10}],"player_experience":1525360,"relics_obtained":[{"floor":7,"key":"Toy Ornithopter"}],"event_choices":[{"damage_healed":0,"gold_gain":0,"player_choice":"Success","damage_taken":3,"relics_obtained":["Vajra"],"max_hp_gain":0,"max_hp_loss":0,"event_name":"Scrap Ooze","floor":5,"gold_loss":0}],"is_beta":false,"boss_relics":[],"items_purged_floors":[],"is_endless":false,"potions_floor_spawned":[1,2],"killed_by":"3 Sentries","ascension_level":7}}