{"host":"t5vp0whyqzs05fb6","time":1614255719,"event":{"mods":["AchievementEnabler","BaseMod","Colored Map","Minty Spire (QoL Compilation)","Rare Cards Sparkle","SuperFastMode","everything is the same but u backflip on backflip"],"gold_per_floor":[119,194,205,205,19,63,82,82,82,82,105,118,149,162,162,293,293,306,10,10,28,51,51,51,72,72,92,113,137,2,21,21,21,21],"floor_reached":33,"language":"KOR","playtime":876,"items_purged":[],"score":286,"play_id":"0a520618-443e-4bed-a34f-0a3a90433814","local_time":"20210225212159","is_ascension_mode":false,"campfire_choices":[{"data":"Apotheosis","floor":15,"key":"SMITH"},{"data":"Clothesline","floor":23,"key":"SMITH"},{"data":"Shockwave","floor":32,"key":"SMITH"}],"circlet_count":0,"master_deck":["Defend_R","Defend_R","Defend_R","Defend_R","Bash","Clothesline+1","Apotheosis+1","Sword Boomerang","Shrug It Off","Disarm","Flex","Feed","Power Through+1","Bludgeon+1","Headbutt+1","Shockwave+1","Impervious","Dropkick"],"relics":["Burning Blood","NeowsBlessing","Golden Idol","Mercury Hourglass","Pear","Meat on the Bone","Astrolabe","Incense Burner","Shuriken","Orichalcum"],"acts_visited":["Exordium","TheCity"],"potions_floor_usage":[14,14,16,21,27,31,31,33,33,33,33],"damage_taken":[{"damage":0,"enemies":"Jaw Worm","floor":1,"turns":1},{"damage":0,"enemies":"Small Slimes","floor":3,"turns":1},{"damage":0,"enemies":"3 Sentries","floor":6,"turns":2},{"damage":0,"enemies":"2 Louse","floor":7,"turns":2},{"damage":2,"enemies":"Red Slaver","floor":11,"turns":3},{"damage":5,"enemies":"Large Slime","floor":12,"turns":5},{"damage":11,"enemies":"Lagavulin","floor":13,"turns":6},{"damage":4,"enemies":"Gremlin Gang","floor":14,"turns":4},{"damage":32,"enemies":"Slime Boss","floor":16,"turns":11},{"damage":6,"enemies":"Shell Parasite","floor":18,"turns":5},{"damage":10,"enemies":"Spheric Guardian","floor":21,"turns":3},{"damage":8,"enemies":"Snecko","floor":22,"turns":3},{"damage":10,"enemies":"Chosen and Byrds","floor":25,"turns":6},{"damage":31,"enemies":"3 Cultists","floor":27,"turns":5},{"damage":44,"enemies":"Sentry and Sphere","floor":28,"turns":7},{"damage":8,"enemies":"Cultist and Chosen","floor":31,"turns":7},{"damage":62,"enemies":"Collector","floor":33,"turns":13}],"seed_played":"-6107031078178467210","potions_obtained":[{"floor":1,"key":"Weak Potion"},{"floor":12,"key":"SpeedPotion"},{"floor":13,"key":"AttackPotion"},{"floor":16,"key":"Fire Potion"},{"floor":22,"key":"EntropicBrew"},{"floor":25,"key":"Swift Potion"},{"floor":27,"key":"EntropicBrew"},{"floor":31,"key":"BloodPotion"}],"is_trial":false,"path_per_floor":["M","?","M","?","$","E","M","?","T","?","M","M","E","M","R","B",null,"M","$","?","M","M","R","?","M","T","M","M","T","$","M","R","B"],"character_chosen":"IRONCLAD","items_purchased":["Apotheosis","Incense Burner","Impervious"],"campfire_rested":0,"item_purchase_floors":[5,19,30],"current_hp_per_floor":[80,69,75,55,55,61,67,60,70,70,74,75,70,72,72,58,90,90,90,90,86,84,84,84,84,84,59,33,33,33,61,61,0,0],"gold":21,"neow_bonus":"THREE_ENEMY_KILL","is_daily":false,"chose_seed":false,"campfire_upgraded":3,"win_rate":0.0,"timestamp":1614255719,"path_taken":["M","?","M","?","$","E","M","?","T","?","M","M","E","?","R","BOSS","M","$","?","M","M","R","?","?","T","M","M","?","?","M","R","BOSS"],"items_purchased_type":["Card","Relic","Card"],"build_version":"2020-12-22","purchased_purges":0,"victory":false,"max_hp_per_floor":[80,80,80,80,80,80,80,80,90,90,90,90,90,90,90,90,90,90,90,90,90,90,90,90,94,94,94,94,94,94,94,94,94,94],"card_choices":[{"not_picked":["Reckless Charge","Pommel Strike","Anger"],"picked":"SKIP","floor":1},{"not_picked":["Iron Wave","Shockwave"],"picked":"Clothesline","floor":3},{"not_picked":["Second Wind","Berserk"],"picked":"Sword Boomerang","floor":6},{"not_picked":["Uppercut","Iron Wave"],"picked":"Shrug It Off","floor":7},{"not_picked":["Pommel Strike","Power Through","Armaments"],"picked":"SKIP","floor":11},{"not_picked":["Clothesline","Spot Weakness"],"picked":"Disarm","floor":12},{"not_picked":["Thunderclap","Wild Strike","Power Through"],"picked":"SKIP","floor":13},{"not_picked":["Blood for Blood","Havoc"],"picked":"Flex","floor":14},{"not_picked":["Fiend Fire","Demon Form"],"picked":"Feed","floor":16},{"not_picked":["Dark Embrace","Iron Wave","Cleave"],"picked":"SKIP","floor":18},{"not_picked":["Clothesline","Fire Breathing","Sword Boomerang"],"picked":"SKIP","floor":21},{"not_picked":["Heavy Blade","Intimidate","Dual Wield"],"picked":"SKIP","floor":22},{"not_picked":["Twin Strike","Wild Strike","Sword Boomerang"],"picked":"SKIP","floor":25},{"not_picked":["Warcry+1","Clothesline"],"picked":"Shockwave","floor":27},{"not_picked":["Dropkick","Barricade","Sever Soul"],"picked":"SKIP","floor":28},{"not_picked":["Shockwave","Iron Wave+1"],"picked":"Dropkick","floor":31}],"player_experience":245031,"relics_obtained":[{"floor":6,"key":"Mercury Hourglass"},{"floor":9,"key":"Pear"},{"floor":13,"key":"Meat on the Bone"},{"floor":26,"key":"Shuriken"},{"floor":29,"key":"Orichalcum"}],"event_choices":[{"damage_healed":0,"gold_gain":75,"player_choice":"Gather Gold","damage_taken":11,"max_hp_gain":0,"max_hp_loss":0,"event_name":"World of Goop","floor":2,"gold_loss":0},{"damage_healed":0,"gold_gain":0,"player_choice":"Take Damage","damage_taken":20,"relics_obtained":["Golden Idol"],"max_hp_gain":0,"max_hp_loss":0,"event_name":"Golden Idol","floor":4,"gold_loss":0},{"cards_removed":["Strike_R"],"damage_healed":0,"gold_gain":0,"player_choice":"Card Removal","damage_taken":7,"max_hp_gain":0,"max_hp_loss":0,"event_name":"Golden Wing","floor":8,"gold_loss":0},{"damage_healed":0,"gold_gain":0,"player_choice":"Ignored","damage_taken":0,"max_hp_gain":0,"max_hp_loss":0,"event_name":"NoteForYourself","floor":10,"gold_loss":0},{"cards_removed":["Strike_R"],"damage_healed":0,"gold_gain":0,"player_choice":"Purged","damage_taken":0,"max_hp_gain":0,"max_hp_loss":0,"event_name":"Purifier","floor":24,"gold_loss":0}],"is_beta":false,"boss_relics":[{"not_picked":["Coffee Dripper","Black Blood"],"picked":"Astrolabe"}],"items_purged_floors":[],"is_endless":false,"potions_floor_spawned":[1,12,13,16,22,25,27,31],"killed_by":"Collector","ascension_level":0}}