{"host":"sup1rd0ujr5jgopq","time":1614215078,"event":{"mods":["BaseMod","Colored Map","Minty Spire (QoL Compilation)","StSLib"],"gold_per_floor":[112,112,124,199,216,216,316,348,348,360,371,371,385,395,395,493,493,513,438,87,101,101,135,135,135,180,209,228,238,238,255,255,351,351,366,366,379,80,80,80,107,121,148,148,176,136,136,163,163,163,163],"floor_reached":50,"playtime":3788,"items_purged":["Defend_P"],"score":645,"play_id":"db03d7d2-311a-49be-b01f-6f1b89deeaf2","local_time":"20210224200438","is_ascension_mode":false,"campfire_choices":[{"data":"LikeWater","floor":6.0,"key":"SMITH"},{"data":"Pray","floor":12.0,"key":"SMITH"},{"data":"Meditate","floor":15.0,"key":"SMITH"},{"data":"Scrawl","floor":25.0,"key":"SMITH"},{"data":"FlurryOfBlows","floor":30.0,"key":"SMITH"},{"floor":32.0,"key":"REST"},{"floor":40.0,"key":"RECALL"},{"floor":44.0,"key":"REST"},{"floor":47,"key":"REST"},{"data":"TalkToTheHand","floor":49,"key":"SMITH"}],"circlet_count":0,"master_deck":["Strike_P","Strike_P","Strike_P+1","Strike_P","Defend_P","Defend_P","Vigilance","InnerPeace","LikeWater+1","BowlingBash","Pray+1","FlurryOfBlows+1","FollowUp","Meditate+1","Scrawl+1","TalkToTheHand+1","Collect","Protect","Evaluate+1","Perseverance+1","ThirdEye+1","Worship+1","Scrawl+1","SashWhip+1","FlurryOfBlows+1","FlyingSleeves+1","Vengeance+1","LikeWater+1","Madness+1","Madness+1","FlurryOfBlows","CarveReality+1","Worship+1"],"relics":["PureWater","Kunai","Sozu","Chemical X","Vajra","Omamori","Toxic Egg 2","Astrolabe","Nunchaku","DollysMirror","Juzu Bracelet","Oddly Smooth Stone","Dream Catcher","Bronze Scales"],"acts_visited":["Exordium","TheCity","TheBeyond"],"potions_floor_usage":[],"damage_taken":[{"damage":0.0,"enemies":"2 Louse","floor":1.0,"turns":6.0},{"damage":0.0,"enemies":"Small Slimes","floor":3.0,"turns":3.0},{"damage":0.0,"enemies":"Cultist","floor":5.0,"turns":4.0},{"damage":15.0,"enemies":"Gremlin Nob","floor":8.0,"turns":4.0},{"damage":1.0,"enemies":"2 Fungi Beasts","floor":10.0,"turns":3.0},{"damage":1.0,"enemies":"Red Slaver","floor":11.0,"turns":4.0},{"damage":1.0,"enemies":"Large Slime","floor":13.0,"turns":9.0},{"damage":12.0,"enemies":"2 Fungi Beasts","floor":14.0,"turns":2.0},{"damage":17.0,"enemies":"Slime Boss","floor":16.0,"turns":7.0},{"damage":0.0,"enemies":"Spheric Guardian","floor":18.0,"turns":2.0},{"damage":1.0,"enemies":"3 Byrds","floor":21.0,"turns":5.0},{"damage":14.0,"enemies":"Gremlin Leader","floor":23.0,"turns":4.0},{"damage":1.0,"enemies":"Book of Stabbing","floor":27.0,"turns":6.0},{"damage":22.0,"enemies":"Snake Plant","floor":28.0,"turns":5.0},{"damage":14.0,"enemies":"Cultist and Chosen","floor":29.0,"turns":7.0},{"damage":9.0,"enemies":"3 Cultists","floor":31.0,"turns":5.0},{"damage":0.0,"enemies":"Automaton","floor":33.0,"turns":9.0},{"damage":0.0,"enemies":"3 Darklings","floor":35.0,"turns":6.0},{"damage":14.0,"enemies":"Orb Walker","floor":37.0,"turns":3.0},{"damage":14.0,"enemies":"Reptomancer","floor":41.0,"turns":8.0},{"damage":3.0,"enemies":"3 Darklings","floor":42.0,"turns":4.0},{"damage":52,"enemies":"Nemesis","floor":45,"turns":5},{"damage":0,"enemies":"Giant Head","floor":48,"turns":6},{"damage":35,"enemies":"Donu and Deca","floor":50,"turns":2}],"seed_played":"-1461054244877208587","potions_obtained":[{"floor":1.0,"key":"Fire Potion"},{"floor":8.0,"key":"LiquidMemories"},{"floor":10.0,"key":"Swift Potion"},{"floor":13.0,"key":"Dexterity Potion"}],"is_trial":false,"path_per_floor":["M","?","M","?","M","R","?","E","T","M","M","R","M","M","R","B",null,"M","?","$","M","$","E","?","R","T","E","M","M","R","M","R","B",null,"M","?","M","$","?","R","E","M","T","R","E","?","R","E","R","B"],"character_chosen":"WATCHER","items_purchased":["Chemical X","Collect","Protect","Nunchaku","DollysMirror"],"campfire_rested":3,"item_purchase_floors":[20,20,20,38,38],"current_hp_per_floor":[79,63,63,56,56,56,56,41,41,40,39,39,38,26,26,9,79,79,79,79,78,78,64,79,79,79,78,56,42,42,33,56,56,79,79,79,65,65,55,55,41,38,38,61,9,9,32,32,32,0,0],"gold":163,"neow_bonus":"TEN_PERCENT_HP_BONUS","is_daily":false,"chose_seed":false,"campfire_upgraded":6,"win_rate":0.0,"timestamp":1614215078,"path_taken":["M","?","M","?","?","R","?","E","T","M","?","R","M","M","R","BOSS","M","?","$","M","$","E","?","R","T","E","M","M","R","M","R","BOSS","M","?","M","$","?","R","E","M","T","R","E","?","R","E","R","BOSS"],"items_purchased_type":["Relic","Card","Card","Relic","Relic"],"build_version":"2020-12-13","purchased_purges":1,"victory":false,"max_hp_per_floor":[79,79,79,79,79,79,79,79,79,79,79,79,79,79,79,79,79,79,79,79,79,79,79,79,79,79,79,79,79,79,79,79,79,79,79,79,79,79,79,79,79,79,79,79,79,79,79,79,79,79,79],"card_choices":[{"not_picked":["ThirdEye","FollowUp"],"picked":"InnerPeace","floor":1.0},{"not_picked":["CutThroughFate","Halt"],"picked":"LikeWater","floor":3.0},{"not_picked":["Establishment","CrushJoints"],"picked":"BowlingBash","floor":5.0},{"not_picked":["WreathOfFlame","Consecrate"],"picked":"Halt","floor":8.0},{"not_picked":["FollowUp","EmptyFist"],"picked":"Pray","floor":10.0},{"not_picked":["CrushJoints","FollowUp"],"picked":"FlurryOfBlows","floor":11.0},{"not_picked":["Omniscience","BattleHymn"],"picked":"FollowUp","floor":13.0},{"not_picked":["SignatureMove","LikeWater"],"picked":"Meditate","floor":14.0},{"not_picked":["ConjureBlade","Judgement"],"picked":"Scrawl","floor":16.0},{"not_picked":["Nirvana+1","PathToVictory"],"picked":"TalkToTheHand","floor":18.0},{"not_picked":["BowlingBash","JustLucky"],"picked":"Evaluate+1","floor":21.0},{"not_picked":["JustLucky+1","Conclude"],"picked":"Perseverance+1","floor":23.0},{"not_picked":["Protect+1","Halt+1"],"picked":"Crescendo+1","floor":27.0},{"not_picked":["CutThroughFate+1","Consecrate"],"picked":"ThirdEye+1","floor":28.0},{"not_picked":["MasterReality","ReachHeaven"],"picked":"Worship+1","floor":29.0},{"not_picked":["Evaluate+1","Perseverance+1","Protect+1"],"picked":"SKIP","floor":31.0},{"not_picked":["Ragnarok","Omniscience+1"],"picked":"Scrawl+1","floor":33.0},{"not_picked":["BowlingBash","Crescendo+1","Weave"],"picked":"SKIP","floor":35.0},{"not_picked":["CutThroughFate+1","InnerPeace+1"],"picked":"Vengeance+1","floor":37.0},{"not_picked":["CrushJoints+1","FlyingSleeves+1","Evaluate+1"],"picked":"SKIP","floor":41.0},{"not_picked":["SignatureMove+1","FollowUp","Perseverance+1"],"picked":"SKIP","floor":42.0},{"not_picked":["BowlingBash","BattleHymn"],"picked":"FlurryOfBlows","floor":45},{"not_picked":["JustLucky","EmptyFist"],"picked":"CarveReality+1","floor":47},{"not_picked":["SashWhip","Judgement+1"],"picked":"Worship+1","floor":48}],"player_experience":44651,"relics_obtained":[{"floor":8.0,"key":"Kunai"},{"floor":23.0,"key":"Vajra"},{"floor":26.0,"key":"Omamori"},{"floor":27.0,"key":"Toxic Egg 2"},{"floor":41.0,"key":"Juzu Bracelet"},{"floor":43.0,"key":"Oddly Smooth Stone"},{"floor":45,"key":"Dream Catcher"},{"floor":48,"key":"Bronze Scales"}],"event_choices":[{"damage_healed":0.0,"max_hp_gain":0.0,"max_hp_loss":0.0,"gold_gain":0.0,"event_name":"Shining Light","player_choice":"Entered Light","floor":2.0,"gold_loss":0.0,"damage_taken":16.0,"cards_upgraded":["Strike_P","Eruption"]},{"damage_healed":0.0,"max_hp_gain":0.0,"max_hp_loss":0.0,"gold_gain":75.0,"event_name":"FaceTrader","player_choice":"Touch","floor":4.0,"gold_loss":0.0,"damage_taken":7.0},{"damage_healed":0.0,"max_hp_gain":0.0,"max_hp_loss":0.0,"gold_gain":100.0,"event_name":"Golden Shrine","player_choice":"Pray","floor":7.0,"gold_loss":0.0,"damage_taken":0.0},{"cards_removed":["Defend_P"],"damage_healed":0.0,"max_hp_gain":0.0,"max_hp_loss":0.0,"gold_gain":0.0,"event_name":"Beggar","player_choice":"Gave Gold","floor":19.0,"gold_loss":75.0,"damage_taken":0.0},{"damage_healed":15.0,"max_hp_gain":0.0,"max_hp_loss":0.0,"gold_gain":0.0,"event_name":"Wheel of Change","player_choice":"Full Heal","floor":24.0,"gold_loss":0.0,"damage_taken":0.0},{"damage_healed":0.0,"max_hp_gain":0.0,"max_hp_loss":0.0,"gold_gain":0.0,"event_name":"Wheel of Change","player_choice":"Cursed","floor":36.0,"gold_loss":0.0,"damage_taken":0.0,"cards_obtained":["Decay"]},{"damage_healed":0.0,"max_hp_gain":0.0,"max_hp_loss":0.0,"gold_gain":0.0,"event_name":"Winding Halls","player_choice":"Embrace Madness","floor":39.0,"gold_loss":0.0,"damage_taken":10.0,"cards_obtained":["Madness","Madness"]},{"damage_healed":0,"gold_gain":0,"player_choice":"Bought 3 Potions","damage_taken":0,"max_hp_gain":0,"max_hp_loss":0,"event_name":"The Woman in Blue","floor":46,"gold_loss":0}],"is_beta":false,"boss_relics":[{"not_picked":["Runic Dome","Snecko Eye"],"picked":"Sozu"},{"not_picked":["Coffee Dripper","Tiny House"],"picked":"Astrolabe"}],"items_purged_floors":[20],"is_endless":false,"potions_floor_spawned":[1,8,10,13,18,23,29,31,33,35,41,48],"killed_by":"Donu and Deca","ascension_level":0}}