{"host":"w4c9oc640fn2feul","time":1614252156,"event":{"mods":["AchievementEnabler","Act Like it!","Aspiration","BaseMod","BetterRewards","Conspire","Custom Start","Defuse TimeMaze Blight","Energized Spire","Gensokyo","GifTheSpireLib","Halation","Hubris","Infinite Spire","Marked Mod","Minty Spire (QoL Compilation)","Quarter Circle Forward PUNCH!","Reliquary","Replay The Spire","Shop Mod","StSLib","Stuff the Spire","The Animator","The Cursed","The Jungle"],"gold_per_floor":[112,112,124,11,22,22,57,57,137,137,137,154,166,180,180,275,275,265,265,277,277,277],"floor_reached":21,"language":"ENG","playtime":2961,"items_purged":["Strike_G"],"score":181,"play_id":"650102bd-157e-4b79-98c3-f3e099d4f8b2","local_time":"20210225122236","is_ascension_mode":false,"campfire_choices":[{"data":"Accuracy","floor":6,"key":"SMITH"},{"floor":10,"key":"REST"},{"floor":15,"key":"REST"}],"circlet_count":0,"master_deck":["Strike_G","Strike_G","Strike_G","Defend_G","Defend_G","Defend_G","Defend_G","Survivor","Neutralize","Poisoned Stab","conspire:DoublingDagger","Accuracy+1","Cloak And Dagger","Storm of Steel","Cloak And Dagger","conspire:PoisonWeapons","Envenom","infinitespire:Starlight","Bane"],"relics":["StuffTheSpire:OccultApparatus"],"acts_visited":["Exordium","TheCity"],"potions_floor_usage":[16],"damage_taken":[{"damage":0,"enemies":"2 Louse","floor":1,"turns":3},{"damage":2,"enemies":"Small Slimes","floor":3,"turns":4},{"damage":0,"enemies":"conspire:RoseBush","floor":5,"turns":3},{"damage":38,"enemies":"Lagavulin","floor":7,"turns":10},{"damage":13,"enemies":"Lots of Slimes","floor":12,"turns":5},{"damage":2,"enemies":"2 Fungi Beasts","floor":13,"turns":3},{"damage":9,"enemies":"Large Slime","floor":14,"turns":6},{"damage":36,"enemies":"Fading Forest","floor":16,"turns":11},{"damage":25,"enemies":"2 Thieves","floor":18,"turns":4},{"damage":10,"enemies":"Chosen","floor":20,"turns":5},{"damage":50,"enemies":"3 Cultists","floor":21,"turns":5}],"seed_played":"9143397179064027704","potions_obtained":[{"floor":12,"key":"Block Potion"},{"floor":14,"key":"Swift Potion"}],"is_trial":false,"path_per_floor":["M","?","M","$","M","R","E","?","T","R","?","M","M","M","R","B",null,"M","AVR","M","M"],"character_chosen":"THE_SILENT","items_purchased":["conspire:DoublingDagger","Accuracy"],"campfire_rested":2,"item_purchase_floors":[4,4],"current_hp_per_floor":[70,70,68,68,68,68,30,30,30,51,51,38,36,27,48,34,70,45,45,35,0,0],"gold":277,"neow_bonus":"REMOVE_CARD","is_daily":false,"chose_seed":false,"campfire_upgraded":1,"win_rate":0.0,"timestamp":1614252156,"path_taken":["M","?","M","$","M","R","E","?","T","R","?","M","M","M","R","BOSS","M","AVR","?","M"],"items_purchased_type":["Card","Card"],"build_version":"2020-12-22","purchased_purges":1,"victory":false,"max_hp_per_floor":[70,70,70,70,70,70,70,70,70,70,70,70,70,70,70,70,70,70,70,70,70,70],"card_choices":[{"not_picked":["hubris:SlightOfHand","Flying Knee","Riddle With Holes"],"picked":"SKIP","floor":1},{"not_picked":["Blade Dance","Dodge and Roll"],"picked":"Poisoned Stab","floor":3},{"not_picked":["Acrobatics","StuffTheSpire:Python"],"picked":"Cloak And Dagger","floor":5},{"not_picked":["Backflip","Acrobatics"],"picked":"Storm of Steel","floor":7},{"not_picked":["hubris:SlightOfHand","Sucker Punch"],"picked":"Cloak And Dagger","floor":12},{"not_picked":["Dagger Spray","Dodge and Roll"],"picked":"conspire:PoisonWeapons","floor":13},{"not_picked":["Poisoned Stab","Toxin Wave","Dagger Throw"],"picked":"SKIP","floor":14},{"not_picked":["Tools of the Trade","ReplayTheSpireMod:From All Sides"],"picked":"Envenom","floor":16},{"not_picked":["Catalyst","Heel Hook","Deflect"],"picked":"SKIP","floor":18},{"not_picked":["Finisher","PiercingWail"],"picked":"Bane","floor":20}],"player_experience":499850,"relics_obtained":[],"event_choices":[{"damage_healed":0,"gold_gain":0,"player_choice":"Fled","damage_taken":0,"max_hp_gain":0,"max_hp_loss":0,"event_name":"Scrap Ooze","floor":2,"gold_loss":0},{"cards_removed":["Strike_G"],"damage_healed":0,"gold_gain":0,"player_choice":"Offered Basic","damage_taken":0,"max_hp_gain":0,"max_hp_loss":0,"event_name":"Bonfire Elementals","floor":11,"gold_loss":0}],"is_beta":false,"boss_relics":[{"not_picked":["halation:LoveArrow","Replay:Fungal Core","hubris:GrandSneckoEye"]}],"items_purged_floors":[19],"is_endless":false,"potions_floor_spawned":[12,14],"killed_by":"3 Cultists","ascension_level":0}}