{"host":"prxrhpgaxnj4om9r","time":1614238990,"event":{"mods":["AchievementEnabler","BaseMod","Colored Map","DeckTracker","Minty Spire (QoL Compilation)"],"gold_per_floor":[110,120,120,120,120,150,150,182,182,195,23,33,33,49,49,145,145,161,180,193,205,58,58,58],"floor_reached":23,"language":"KOR","playtime":937,"items_purged":[],"score":308,"play_id":"970693ef-53d3-4f61-a647-688262e9e69e","local_time":"20210225164310","is_ascension_mode":true,"campfire_choices":[{"floor":7,"key":"REST"},{"data":"Rip and Tear","floor":13,"key":"SMITH"},{"data":"Stack","floor":15,"key":"SMITH"}],"circlet_count":0,"master_deck":["Strike_B","Strike_B","Strike_B","Strike_B","Defend_B","Defend_B+1","Defend_B","Zap","Dualcast","Skim","Cold Snap","Leap+1","Stack+1","Rip and Tear+1","Beam Cell","Sweeping Beam","Go for the Eyes","Consume","Hyperbeam","Turbo","White Noise","Conserve Battery"],"relics":["Cracked Core","NeowsBlessing","Mummified Hand","Symbiotic Virus","Darkstone Periapt","Omamori","OrangePellets","Velvet Choker","Anchor"],"acts_visited":["Exordium","TheCity"],"potions_floor_usage":[8,16,20,23],"damage_taken":[{"damage":0,"enemies":"Cultist","floor":1,"turns":1},{"damage":0,"enemies":"2 Louse","floor":2,"turns":1},{"damage":0,"enemies":"3 Sentries","floor":6,"turns":1},{"damage":7,"enemies":"Gremlin Nob","floor":8,"turns":4},{"damage":0,"enemies":"Jaw Worm","floor":10,"turns":3},{"damage":0,"enemies":"3 Louse","floor":12,"turns":3},{"damage":9,"enemies":"Exordium Wildlife","floor":14,"turns":2},{"damage":21,"enemies":"Slime Boss","floor":16,"turns":9},{"damage":10,"enemies":"2 Thieves","floor":18,"turns":3},{"damage":0,"enemies":"Chosen","floor":19,"turns":3},{"damage":10,"enemies":"Shelled Parasite and Fungi","floor":20,"turns":4},{"damage":5,"enemies":"Cultist and Chosen","floor":21,"turns":6},{"damage":44,"enemies":"Book of Stabbing","floor":23,"turns":4}],"seed_played":"6790958263907106034","potions_obtained":[{"floor":2,"key":"Fire Potion"},{"floor":6,"key":"SpeedPotion"},{"floor":14,"key":"DistilledChaos"},{"floor":19,"key":"BlessingOfTheForge"},{"floor":21,"key":"Explosive Potion"}],"is_trial":false,"path_per_floor":["M","M","?","?","?","E","R","E","T","M","$","M","R","M","R","B",null,"M","M","M","M","$","E"],"character_chosen":"DEFECT","items_purchased":["OrangePellets","Sweeping Beam","Anchor"],"campfire_rested":1,"item_purchase_floors":[11,11,22],"current_hp_per_floor":[68,68,56,56,41,41,63,56,56,56,56,56,56,47,47,26,63,53,53,43,38,38,0,0],"gold":58,"neow_bonus":"THREE_ENEMY_KILL","is_daily":false,"chose_seed":false,"campfire_upgraded":2,"win_rate":0.0,"timestamp":1614238990,"path_taken":["M","?","?","?","?","E","R","E","T","M","$","M","R","?","R","BOSS","M","M","?","M","$","E"],"items_purchased_type":["Relic","Card","Relic"],"build_version":"2020-12-22","purchased_purges":0,"victory":false,"max_hp_per_floor":[75,75,75,75,75,75,75,75,75,75,75,75,75,75,75,75,75,75,75,75,75,75,75,75],"card_choices":[{"not_picked":["Beam Cell","Reinforced Body"],"picked":"Skim","floor":1},{"not_picked":["Hologram","Recycle"],"picked":"Cold Snap","floor":2},{"not_picked":["Redo","Conserve Battery"],"picked":"Stack","floor":6},{"not_picked":["Chill","Steam"],"picked":"Rip and Tear","floor":8},{"not_picked":["Steam","Skim"],"picked":"Beam Cell","floor":10},{"not_picked":["Steam","Darkness"],"picked":"Go for the Eyes","floor":12},{"not_picked":["Darkness","Storm"],"picked":"Consume","floor":14},{"not_picked":["Creative AI","Biased Cognition"],"picked":"Hyperbeam","floor":16},{"not_picked":["Cold Snap","Redo"],"picked":"Turbo","floor":18},{"not_picked":["Gash","Coolheaded+1"],"picked":"White Noise","floor":19},{"not_picked":["Skim","Cold Snap"],"picked":"Conserve Battery","floor":20},{"not_picked":["Rebound","Conserve Battery","Lockon+1"],"picked":"SKIP","floor":21}],"player_experience":645251,"relics_obtained":[{"floor":6,"key":"Symbiotic Virus"},{"floor":8,"key":"Darkstone Periapt"},{"floor":9,"key":"Omamori"}],"event_choices":[{"damage_healed":0,"gold_gain":0,"player_choice":"Success","damage_taken":12,"relics_obtained":["Mummified Hand"],"max_hp_gain":0,"max_hp_loss":0,"event_name":"Scrap Ooze","floor":3,"gold_loss":0},{"damage_healed":0,"gold_gain":0,"cards_transformed":["Defend_B"],"player_choice":"Change","damage_taken":0,"max_hp_gain":0,"max_hp_loss":0,"event_name":"Living Wall","floor":4,"gold_loss":0,"cards_obtained":["Leap"]},{"damage_healed":0,"gold_gain":0,"player_choice":"Entered Light","damage_taken":15,"max_hp_gain":0,"max_hp_loss":0,"event_name":"Shining Light","floor":5,"gold_loss":0,"cards_upgraded":["Leap","Defend_B"]}],"is_beta":false,"boss_relics":[{"not_picked":["Ectoplasm","Runic Dome"],"picked":"Velvet Choker"}],"items_purged_floors":[],"is_endless":false,"potions_floor_spawned":[2,6,14,19,21],"killed_by":"Book of Stabbing","ascension_level":7}}