{"host":"ggy1mjjy92c62u6a","time":1614249359,"event":{"mods":["10 clothes from DAL","ATMod(阿瑾Mod)","Act Like it!","BaseMod","Colored Powertips","GifTheSpireLib","Infinite Spire","Library of Ruina","Library of Ruina Extra","Lobotomy","LobotomyExtend","Minty Spire (QoL Compilation)","Quick Restart","Relic Filter Mod","Relic Stats","Reliquary","Remilia（蕾米莉亚）","Replay The Spire","RumiaBox-露米娅的神秘盒子","Shop Mod","Spicy Shops","StSLib","SuperFastMode","Youmu（魂魄妖梦）","[功能]功能增强和修复MOD","【功能Mod】混沌之环修复补丁","【遗物Mod】死灵法师NEW","【遗物卡牌】REMEMod"],"gold_per_floor":[113,333,349,349,362,389,409,409,409,513,513,69,69,69,69,223,223,248,163,45,45,45,45,138,138,138,138,178,29,143,193,193,308,308,358,401,401,401,501,501,566,566,647,647,765,624,770,608,608,633,633,683,708,708,708,708,708],"floor_reached":58,"language":"ZHS","playtime":1410,"items_purged":["Pain","DegradedFairy","DegradedPillar"],"score":1593,"play_id":"c80f128d-9591-4055-986b-675bcd67eb98","local_time":"20210225183559","is_ascension_mode":true,"campfire_choices":[{"data":"AT_DarkMatter","floor":8.0,"key":"SMITH"},{"data":"DegradedShockwave","floor":11.0,"key":"SMITH"},{"data":"ReplayTheSpireMod:Haul","floor":23.0,"key":"SMITH"},{"data":"UnavoidableGaze","floor":25.0,"key":"SMITH"},{"floor":32.0,"key":"DIG"},{"floor":40.0,"key":"REST"},{"floor":42.0,"key":"REST"},{"floor":44.0,"key":"REST"},{"floor":49.0,"key":"REST"}],"circlet_count":0,"master_deck":["AscendersBane","DegradedFairy","DegradedChain","DegradedChain","DegradedLock","DegradedPillar","DegradedShockwave+1","AT_DarkMatter+1","UnavoidableGaze+1","UnavoidableGaze+1","ReplayTheSpireMod:Haul+1","WillProduceFineSilk","Clone","Reload+1","FormingStorm","Injury","BoundaryOfDeath","AT_PowerWithin","infinitespire:NeuralNetwork","Faith","Faith+1","RagingStormLove+1"],"relics":["PageOfLibrarian","REME_ComplimentaryCards","AT_ATBox","CogitoBucket","Baka","LetterFromLob","WarpedTongs","AT_MibuBalloonWealth","infinitespire:PuzzleCube","Frozen Eye","Pet Ghost","MerchantsRug","Potion Belt","Golden Idol","AT_TrinityForce","reliquary:WeakTea","AT_BellDemon","reliquary:ExpiredCoupon","AT_RedTearstoneRing","Fusion Hammer","reliquary:Stiletto","Membership Card","DALC_THREE","Smiling Mask","Nunchaku","Blue Doll","PageOfScarecrow","ReplayTheSpireMod:SealedPack","PageOfForsakenMurderer","AtMidnight","reliquary:SilkGlove","DALC_FOUR","REME_PuzzleBoxRelic","StoneCalendar","MagicDraw4","AT_Manta","Bag of Preparation","DALC_ONE","Replay:Rubber Ducky","AT_ArcaneBoots","reliquary:PartyBalloon","PageOfGalaxyChild","Golden Egg","OrangePellets"],"acts_visited":["Exordium","TheCity","TheBeyond"],"potions_floor_usage":[58,58],"damage_taken":[{"damage":0.0,"enemies":"2 Louse","floor":1.0,"turns":1.0},{"damage":0.0,"enemies":"Cultist","floor":2.0,"turns":2.0},{"damage":0.0,"enemies":"Jaw Worm","floor":3.0,"turns":2.0},{"damage":1.0,"enemies":"3 Louse","floor":5.0,"turns":1.0},{"damage":1.0,"enemies":"Gremlin Nob","floor":6.0,"turns":1.0},{"damage":18.0,"enemies":"Large Slime","floor":7.0,"turns":3.0},{"damage":2.0,"enemies":"3 Sentries","floor":10.0,"turns":3.0},{"damage":9.0,"enemies":"The Guardian","floor":16.0,"turns":6.0},{"damage":0.0,"enemies":"Chosen","floor":18.0,"turns":2.0},{"damage":0.0,"enemies":"3 Byrds","floor":24.0,"turns":1.0},{"damage":22.0,"enemies":"Cultist and Chosen","floor":28.0,"turns":3.0},{"damage":0.0,"enemies":"Slavers","floor":30.0,"turns":1.0},{"damage":0.0,"enemies":"Snake Plant","floor":31.0,"turns":1.0},{"damage":9.0,"enemies":"KingOfGreed","floor":33.0,"turns":7.0},{"damage":0.0,"enemies":"Orb Walker","floor":35.0,"turns":2.0},{"damage":3.0,"enemies":"3 Shapes","floor":36.0,"turns":1.0},{"damage":0.0,"enemies":"Sphere and 2 Shapes","floor":39.0,"turns":1.0},{"damage":0.0,"enemies":"Nemesis","floor":41.0,"turns":1.0},{"damage":0.0,"enemies":"2 Orb Walkers","floor":45.0,"turns":1.0},{"damage":0.0,"enemies":"3 Darklings","floor":47.0,"turns":1.0},{"damage":45.0,"enemies":"infinitespire:MassOfShapes","floor":50.0,"turns":5.0},{"damage":10.0,"enemies":"Malkuth","floor":52.0,"turns":3.0},{"damage":25.0,"enemies":"Netzach","floor":52.0,"turns":5.0},{"damage":79.0,"enemies":"Geburah","floor":53.0,"turns":9.0},{"damage":38,"enemies":"Hokma","floor":58,"turns":6},{"damage":121,"enemies":"Angela","floor":58,"turns":7}],"seed_played":"-3731689668197001094","potions_obtained":[{"floor":1.0,"key":"Toxic Potion"},{"floor":2.0,"key":"FairyPotion"},{"floor":16.0,"key":"ColorlessPotion"},{"floor":28.0,"key":"Fruit Juice"},{"floor":33.0,"key":"BlessingOfTheForge"},{"floor":39.0,"key":"Ancient Potion"},{"floor":41.0,"key":"CultistPotion"}],"is_trial":false,"path_per_floor":["M","M","M","?","M","E","M","R","T","E","R","$","?","?","R","B",null,"M","?","$","?","?","R","M","R","T","AVR","M","$","E","M","R","B",null,"M","M","?","?","M","R","E","R","T","R","?","$","M","$","R","B",null,null,null,null,null,null,null,null,null,null],"character_chosen":"Librarian","items_purchased":["Frozen Eye","Pet Ghost","MerchantsRug","Potion Belt","AT_BellDemon","Membership Card","Reload+1","DALC_ONE","Replay:Rubber Ducky","AT_SpeedBoots","PageOfGalaxyChild","Golden Egg","OrangePellets"],"campfire_rested":4,"item_purchase_floors":[12,12,12,12,20,29,29,46,46,46,48,48,48],"current_hp_per_floor":[54,54,54,54,53,66,48,48,48,46,46,46,21,31,62,53,91,91,91,91,99,99,99,99,99,99,99,77,82,82,82,82,73,100,100,97,97,97,97,104,104,104,104,104,104,104,104,104,104,59,59,82,60,60,60,60,60],"gold":758,"neow_bonus":"","is_daily":false,"chose_seed":false,"campfire_upgraded":4,"win_rate":0.0,"timestamp":1614249359,"path_taken":["M","M","M","?","M","E","?","R","T","E","R","$","?","?","R","BOSS","M","?","$","?","?","R","?","R","T","AVR","M","$","E","M","R","BOSS","M","?","?","?","M","R","E","R","T","R","?","?","M","$","R","BOSS"],"items_purchased_type":["Relic","Relic","Relic","Relic","Relic","Relic","Card","Relic","Relic","Relic","Relic","Relic","Relic"],"build_version":"2020-12-22","purchased_purges":3,"victory":true,"max_hp_per_floor":[90,90,90,90,90,104,104,104,104,104,104,104,104,104,104,104,104,104,104,104,104,104,104,104,104,104,104,104,109,109,109,109,109,109,109,109,104,104,104,104,104,104,104,104,104,104,104,104,104,104,104,104,104,104,104,104,104],"relic_stats":{"OrangePellets":[1],"Nunchaku":[29],"counters":[30,80],"Golden Idol":143,"StoneCalendar":[52],"Bag of Preparation":[13],"Smiling Mask":0,"obtain_stats":[{"AT_BellDemon":20,"Golden Egg":48,"AT_ATBox":0,"reliquary:SilkGlove":36,"reliquary:PartyBalloon":47,"AT_MibuBalloonWealth":9,"Mango":6,"Blue Doll":32,"StoneCalendar":41,"AT_ArcaneBoots":53,"Bag of Preparation":45,"MagicDraw4":43,"Smiling Mask":30,"Pet Ghost":12,"Replay:Rubber Ducky":46,"PageOfScarecrow":33,"Frozen Eye":12,"CogitoBucket":0,"Nunchaku":31,"PageOfForsakenMurderer":35,"AT_TrinityForce":17,"Fusion Hammer":27,"Potion Belt":12,"MerchantsRug":12,"AT_RedTearstoneRing":26,"AT_Manta":45,"Golden Idol":14,"DALC_THREE":30,"ReplayTheSpireMod:SealedPack":34,"Baka":1,"DALC_ONE":46,"reliquary:WeakTea":19,"WarpedTongs":4,"PageOfLibrarian":0,"reliquary:ExpiredCoupon":24,"OrangePellets":48,"DALC_FOUR":39,"AT_SpeedBoots":46,"PageOfGalaxyChild":48,"AtMidnight":36,"reliquary:Stiletto":28,"LetterFromLob":1,"Membership Card":29,"REME_PuzzleBoxRelic":41,"infinitespire:PuzzleCube":10,"REME_ComplimentaryCards":0},{"AT_BellDemon":10,"Golden Egg":23,"AT_ATBox":0,"reliquary:SilkGlove":19,"reliquary:PartyBalloon":23,"AT_MibuBalloonWealth":7,"Mango":5,"Blue Doll":15,"StoneCalendar":21,"AT_ArcaneBoots":28,"Bag of Preparation":22,"MagicDraw4":21,"Smiling Mask":14,"Pet Ghost":8,"Replay:Rubber Ducky":22,"PageOfScarecrow":16,"Frozen Eye":8,"CogitoBucket":0,"Nunchaku":15,"PageOfForsakenMurderer":17,"AT_TrinityForce":9,"Fusion Hammer":11,"Potion Belt":8,"MerchantsRug":8,"AT_RedTearstoneRing":11,"AT_Manta":22,"Golden Idol":8,"DALC_THREE":14,"ReplayTheSpireMod:SealedPack":16,"Baka":1,"DALC_ONE":22,"reliquary:WeakTea":10,"WarpedTongs":3,"PageOfLibrarian":0,"reliquary:ExpiredCoupon":11,"OrangePellets":23,"DALC_FOUR":20,"AT_SpeedBoots":22,"PageOfGalaxyChild":23,"AtMidnight":19,"reliquary:Stiletto":13,"LetterFromLob":1,"Membership Card":13,"REME_PuzzleBoxRelic":21,"infinitespire:PuzzleCube":8,"REME_ComplimentaryCards":0},{"AT_BellDemon":22,"Golden Egg":44,"AT_ATBox":0,"reliquary:SilkGlove":40,"reliquary:PartyBalloon":44,"AT_MibuBalloonWealth":11,"Mango":7,"Blue Doll":29,"StoneCalendar":42,"AT_ArcaneBoots":64,"Bag of Preparation":43,"MagicDraw4":42,"Smiling Mask":28,"Pet Ghost":14,"Replay:Rubber Ducky":43,"PageOfScarecrow":36,"Frozen Eye":14,"CogitoBucket":0,"Nunchaku":29,"PageOfForsakenMurderer":38,"AT_TrinityForce":20,"Fusion Hammer":23,"Potion Belt":14,"MerchantsRug":14,"AT_RedTearstoneRing":23,"AT_Manta":43,"Golden Idol":14,"DALC_THREE":28,"ReplayTheSpireMod:SealedPack":36,"Baka":1,"DALC_ONE":43,"reliquary:WeakTea":22,"WarpedTongs":5,"PageOfLibrarian":0,"reliquary:ExpiredCoupon":23,"OrangePellets":44,"DALC_FOUR":41,"AT_SpeedBoots":43,"PageOfGalaxyChild":44,"AtMidnight":40,"reliquary:Stiletto":27,"LetterFromLob":1,"Membership Card":27,"REME_PuzzleBoxRelic":42,"infinitespire:PuzzleCube":14,"REME_ComplimentaryCards":0}],"WarpedTongs":[71]},"card_choices":[{"not_picked":["EnergyShield","TendonChords","StayCalm","UpbeatPerformance","Reload","SkitterAway","EndlessBattle","Rewind","InhaleSmoke"],"picked":"SKIP","floor":1.0},{"not_picked":["PreemptiveStrike","Standoff","NightInTheBackstreets","SnakesPrey","PinpointShot","SharpenedBlade","QuickAttack","Marionette"],"picked":"UnavoidableGaze","floor":2.0},{"not_picked":["Multislash","PreemptiveStrike","VenomousFangs","MultiHit","TieShanKao","Parry","BiXi","TraceOfFumes","ClassAndRespect"],"picked":"SKIP","floor":3.0},{"not_picked":["Parry2","GuardingStance","Reload","BiAn","FleetFootsteps","DimensionalRift","StrikeDown","StructuralAnalysis","WildCard"],"picked":"SKIP","floor":5.0},{"not_picked":["Eject","StrongStrike","SinglePointStab","FlashingStrike","FlyingSword","RipSpace","BackAttack","PreemptiveStrike"],"picked":"UnavoidableGaze","floor":6.0},{"not_picked":["HighSpeedStabbing","Retaliate","StructuralAnalysis","EndlessBattle","TendonChords","Multislash","SinglePointStab","HardRehearsal","EnergyCycle"],"picked":"SKIP","floor":7.0},{"not_picked":["WillOfThePrescript","YouOnlyLiveOnce","Reload","MirageStorm","UnavoidableGaze","MindPrepared","MultiHit","StartinOutLightly","CoordinatedAssault"],"picked":"SKIP","floor":10.0},{"not_picked":["infinitespire:Execution","infinitespire:Collect"],"picked":"ReplayTheSpireMod:Haul","floor":13.0},{"not_picked":["ChargeUp","EmotionalTurbulence"],"picked":"WillProduceFineSilk","floor":16.0},{"not_picked":["TimeForALittleTest","Creak","BackAttack","WillOfThePrescript","CoordinatedAssault","SinglePointStab","Outburst","CircusKnives","ViolentFlame"],"picked":"SKIP","floor":18.0},{"not_picked":["FierceCharge","ShrineToMusic","MindCrush","Outburst+1","CombatPreparation","Track","TrimTheIngredients","StrongStrike","SharpenedBlade"],"picked":"SKIP","floor":24.0},{"not_picked":["GuidanceOfTheGears+1","HandleRequest","NightInTheBackstreets","FlowOfTheSword","CombatPreparation","SweepTheBackstreets","Rewind+1","SearingSword"],"picked":"Clone","floor":28.0},{"not_picked":["UnforgettableMelody","Rewind","FlyingSword","SilentMist","EnergyShield","Concentration","TheArtOfRapidSteps","Standoff","BackAttack"],"picked":"SKIP","floor":30.0},{"not_picked":["WillOfThePrescript","UndertakePrescript+1","FrontalAssault","Pound","TheArtOfRapidSteps","FleetEdge","WaitUp","BlowItUp","EnergyStrike"],"picked":"SKIP","floor":31.0},{"not_picked":["CleanUp","Decapitation"],"picked":"FormingStorm","floor":33.0},{"not_picked":["Cruelty","Disposal","CleanUp","Deflect_lor","RagingStormLove","SuanNi","SavageMode","WillProduceFineSilk"],"picked":"BoundaryOfDeath","floor":34.0},{"not_picked":["HandOfGreedSenior","Replay:Sssssssssshield","ReplayTheSpireMod:Trickstab","Replay:BasicMightCard","HandOfGreedExtend","Panacea","Replay:Sssssssssstrike","ReplayTheSpireMod:Private Reserves"],"picked":"AT_PowerWithin","floor":34.0},{"not_picked":["infinitespire:Fortify","infinitespire:Execution","infinitespire:DeathsTouch","infinitespire:Starlight","Replay:Fractal Strike","infinitespire:FinalStrike","infinitespire:Oblivion","infinitespire:Punishment"],"picked":"infinitespire:NeuralNetwork","floor":34.0},{"not_picked":["Concentration","QuickSuppression","SharpSwipe+1","BattleCommand","StrikeDown","SerpentSwordTechnique","Leap_lor","MultiHit","DesperateStruggle+1"],"picked":"SKIP","floor":35.0},{"not_picked":["EnergyConversion","EnergyShield","FieryDragonSlash","SkyClearingCut","FaintMemories","Preparation","Leap_lor+1","BackAttack"],"picked":"Faith","floor":36.0},{"not_picked":["AT_LightSaberMaster","Magnetism","Zadkiel","Swift Strike","ReplayTheSpireMod:Trickstab","Enlightenment","Panache","Violence"],"picked":"REME_MagicPocketWatch","floor":38.0},{"not_picked":["Wallop_lor","Bvapour","Standoff","GreatSerpentsImpact+1","FleetFootsteps","Parry","QuickSuppression","ICanCookAnything","WrathOfTorment"],"picked":"SKIP","floor":39.0},{"not_picked":["EnergyCycle","StrikeDown","SnakesPrey","Rampage_lor","Laceration","HighKick","MultiHit+1","StructuralAnalysis+1","TendonChords"],"picked":"SKIP","floor":41.0},{"not_picked":["AsThePrescriptOrders","BladeWhirl+1","StructuralAnalysis","Preparation","Quickness","FrontalAssault","SnakesPrey","AbsorbImpact","Commandeering"],"picked":"SKIP","floor":47.0}],"player_experience":148862,"relics_obtained":[{"floor":1.0,"key":"Baka"},{"floor":1.0,"key":"LetterFromLob"},{"floor":6.0,"key":"Mango"},{"floor":9.0,"key":"AT_MibuBalloonWealth"},{"floor":10.0,"key":"infinitespire:PuzzleCube"},{"floor":24.0,"key":"reliquary:ExpiredCoupon"},{"floor":26.0,"key":"AT_RedTearstoneRing"},{"floor":28.0,"key":"reliquary:Stiletto"},{"floor":30.0,"key":"DALC_THREE"},{"floor":30.0,"key":"Smiling Mask"},{"floor":31.0,"key":"Nunchaku"},{"floor":32.0,"key":"Blue Doll"},{"floor":33.0,"key":"PageOfScarecrow"},{"floor":35.0,"key":"PageOfForsakenMurderer"},{"floor":36.0,"key":"AtMidnight"},{"floor":36.0,"key":"reliquary:SilkGlove"},{"floor":39.0,"key":"DALC_FOUR"},{"floor":41.0,"key":"REME_PuzzleBoxRelic"},{"floor":41.0,"key":"StoneCalendar"},{"floor":43.0,"key":"MagicDraw4"},{"floor":45.0,"key":"AT_Manta"},{"floor":45.0,"key":"Bag of Preparation"},{"floor":47.0,"key":"reliquary:PartyBalloon"}],"event_choices":[{"damage_healed":0.0,"max_hp_gain":0.0,"max_hp_loss":0.0,"gold_gain":0.0,"event_name":"Accursed Blacksmith","player_choice":"Rummage","floor":4.0,"gold_loss":0.0,"damage_taken":0.0,"relics_obtained":["WarpedTongs"],"cards_obtained":["Pain"]},{"damage_healed":0.0,"max_hp_gain":0.0,"max_hp_loss":0.0,"gold_gain":0.0,"event_name":"Golden Idol","player_choice":"Take Damage","floor":14.0,"gold_loss":0.0,"damage_taken":26.0,"relics_obtained":["Golden Idol"]},{"damage_healed":0.0,"max_hp_gain":0.0,"max_hp_loss":0.0,"gold_gain":0.0,"event_name":"Addict","player_choice":"Obtained Relic","floor":19.0,"gold_loss":85.0,"damage_taken":0.0,"relics_obtained":["reliquary:WeakTea"]},{"cards_removed":["DegradedFairy"],"damage_healed":0.0,"max_hp_gain":0.0,"max_hp_loss":0.0,"gold_gain":0.0,"event_name":"Bonfire Elementals","player_choice":"Offered Basic","floor":22.0,"gold_loss":0.0,"damage_taken":0.0},{"damage_healed":0.0,"max_hp_gain":0.0,"max_hp_loss":5.0,"gold_gain":0.0,"event_name":"Winding Halls","player_choice":"Max HP","floor":37.0,"gold_loss":0.0,"damage_taken":0.0},{"damage_healed":0.0,"max_hp_gain":0.0,"max_hp_loss":0.0,"gold_gain":0.0,"event_name":"SensoryStone","player_choice":"Memory 1","floor":38.0,"gold_loss":0.0,"damage_taken":0.0},{"damage_healed":0.0,"max_hp_gain":0.0,"max_hp_loss":0.0,"gold_gain":0.0,"event_name":"Mysterious Sphere","player_choice":"Fight","floor":45.0,"gold_loss":0.0,"damage_taken":0.0}],"is_beta":false,"boss_relics":[{"not_picked":["Coffee Dripper","reliquary:RedCape"],"picked":"AT_TrinityForce"},{"not_picked":["Busted Crown","reliquary:WritOfMandamus"],"picked":"ReplayTheSpireMod:SealedPack"}],"items_purged_floors":[12,27,46],"is_endless":false,"potions_floor_spawned":[1,2,6,7,16,18,28,31,33,39,41,45,47],"ascension_level":12}}