{"host":"7fyy23rucerupe6i","time":1614233522,"event":{"mods":["AchievementEnabler","Act Like it!","Aspiration","BaseMod","Better Note","BetterRewards","Colored Map","Colored Powertips","Conspire","Curses Come First","Custom Start","Downfall","Googly Eyes","Marisa£®ÏF”Í°°ƒß¿Ì…≥£©","Minty Spire (QoL Compilation)","Quick Restart","Relic Stats","Shop Mod","ShortenTheSpire","Spicy Shops","StSLib","SuperFastMode","The Blackbeard","The Construct","The Cursed","The Senshi","The Servant 0.9.4"],"gold_per_floor":[117,267,281,28,28,28,40,40,40,55,83,102,127,137,137,209,209,224,238,113,113,113,113],"floor_reached":22,"language":"ZHS","playtime":699,"items_purged":["Doubt","Defend_P","Strike_P"],"score":492,"play_id":"8bd3e33b-053d-4d26-8d86-67a0d1cb62a2","local_time":"20210225141202","is_ascension_mode":true,"campfire_choices":[{"data":"Eruption","floor":6,"key":"SMITH"},{"data":"ConjureBlade","floor":8,"key":"SMITH"},{"data":"SignatureMove","floor":15,"key":"SMITH"}],"circlet_count":0,"master_deck":["AscendersBane","Strike_P","Strike_P","Defend_P","Defend_P","Defend_P","Eruption+1","Vigilance","Vault","ConjureBlade+1","CarveReality","SignatureMove+1","Perseverance","Conclude","FlurryOfBlows","Vault","SashWhip","ConjureBlade+1"],"relics":["PureWater","Matryoshka","aspiration:Lifesprig","bronze:DonusWashers","Damaru","White Beast Statue","Potion Belt","Boot","Centennial Puzzle","Coffee Dripper"],"acts_visited":["Exordium","TheCity"],"potions_floor_usage":[13,16,16,16,19],"damage_taken":[{"damage":4,"enemies":"Jaw Worm","floor":1,"turns":5},{"damage":0,"enemies":"Small Slimes","floor":3,"turns":4},{"damage":0,"enemies":"Cultist","floor":7,"turns":3},{"damage":0,"enemies":"Large Slime","floor":10,"turns":3},{"damage":0,"enemies":"Lagavulin","floor":11,"turns":5},{"damage":0,"enemies":"3 Louse","floor":12,"turns":3},{"damage":0,"enemies":"Gremlin Nob","floor":13,"turns":3},{"damage":0,"enemies":"Exordium Wildlife","floor":14,"turns":2},{"damage":4,"enemies":"The Guardian","floor":16,"turns":10},{"damage":0,"enemies":"Spheric Guardian","floor":18,"turns":2},{"damage":0,"enemies":"conspire:FuzzyDice","floor":19,"turns":3},{"damage":0,"enemies":"Centurion and Healer","floor":22,"turns":1}],"seed_played":"3150732073888546136","potions_obtained":[{"floor":10,"key":"Ancient Potion"},{"floor":11,"key":"Fire Potion"},{"floor":12,"key":"BlessingOfTheForge"},{"floor":13,"key":"Energy Potion"},{"floor":14,"key":"ColorlessPotion"},{"floor":16,"key":"Explosive Potion"},{"floor":18,"key":"Fire Potion"},{"floor":19,"key":"PowerPotion"}],"is_trial":false,"path_per_floor":["M","?","M","$","?","R","M","R","T","M","E","M","E","M","R","B",null,"M","M","$","?","M"],"character_chosen":"WATCHER","items_purchased":["Vault","Matryoshka","aspiration:Lifesprig","bronze:DonusWashers","Damaru","ConjureBlade"],"campfire_rested":0,"item_purchase_floors":[0,0,0,0,0,4],"current_hp_per_floor":[26,26,26,26,19,19,19,19,19,19,19,19,19,19,19,15,55,55,55,55,55,55,55],"gold":113,"neow_bonus":"","is_daily":false,"chose_seed":false,"campfire_upgraded":3,"win_rate":0.0,"timestamp":1614233522,"path_taken":["M","?","M","$","?","R","M","R","T","M","E","M","E","M","R","BOSS","M","M","$","?","?"],"items_purchased_type":["Card","Relic","Relic","Relic","Relic","Card"],"build_version":"2020-12-22","purchased_purges":3,"victory":false,"max_hp_per_floor":[68,68,68,68,68,68,68,68,68,68,68,68,68,68,68,68,68,68,68,68,68,68,68],"relic_stats":{"Centennial Puzzle":[3],"counters":[12,44],"Boot":[8],"obtain_stats":[{"Potion Belt":9,"aspiration:Lifesprig":0,"bronze:DonusWashers":0,"Centennial Puzzle":13,"Matryoshka":0,"Damaru":0,"Coffee Dripper":17,"PureWater":0,"Boot":11,"White Beast Statue":9},{"Potion Belt":3,"aspiration:Lifesprig":0,"bronze:DonusWashers":0,"Centennial Puzzle":7,"Matryoshka":0,"Damaru":0,"Coffee Dripper":9,"PureWater":0,"Boot":5,"White Beast Statue":3},{"Potion Belt":12,"aspiration:Lifesprig":0,"bronze:DonusWashers":0,"Centennial Puzzle":26,"Matryoshka":0,"Damaru":0,"Coffee Dripper":38,"PureWater":0,"Boot":20,"White Beast Statue":12}]},"card_choices":[{"not_picked":["CrushJoints","PathToVictory","ThirdEye"],"picked":"SKIP","floor":1},{"not_picked":["EmptyFist","DeceiveReality","FollowUp"],"picked":"SKIP","floor":3},{"not_picked":["Weave","ClearTheMind"],"picked":"CarveReality","floor":7},{"not_picked":["DeceiveReality","CutThroughFate","CrushJoints"],"picked":"SKIP","floor":10},{"not_picked":["Alpha","EmptyMind"],"picked":"SignatureMove","floor":11},{"not_picked":["SashWhip","EmptyBody"],"picked":"Perseverance","floor":12},{"not_picked":["WindmillStrike","CrushJoints"],"picked":"Conclude","floor":13},{"not_picked":["WaveOfTheHand","Crescendo"],"picked":"FlurryOfBlows","floor":14},{"not_picked":["Brilliance","Blasphemy"],"picked":"Vault","floor":16},{"not_picked":["Halt","EmptyBody","FlyingSleeves"],"picked":"SKIP","floor":18},{"not_picked":["Worship","FlyingSleeves"],"picked":"SashWhip","floor":19}],"player_experience":609113,"relics_obtained":[{"floor":9,"key":"White Beast Statue"},{"floor":9,"key":"Potion Belt"},{"floor":11,"key":"Boot"},{"floor":13,"key":"Centennial Puzzle"}],"event_choices":[{"damage_healed":0,"gold_gain":150,"player_choice":"AGREE","damage_taken":0,"max_hp_gain":0,"max_hp_loss":0,"event_name":"Liars Game","floor":2,"gold_loss":0,"cards_obtained":["Doubt"]},{"cards_removed":["Strike_P"],"damage_healed":0,"gold_gain":0,"player_choice":"Card Removal","damage_taken":7,"max_hp_gain":0,"max_hp_loss":0,"event_name":"Golden Wing","floor":5,"gold_loss":0},{"damage_healed":0,"gold_gain":0,"player_choice":"Copied","damage_taken":0,"max_hp_gain":0,"max_hp_loss":0,"event_name":"Duplicator","floor":21,"gold_loss":0,"cards_obtained":["ConjureBlade"]}],"is_beta":false,"boss_relics":[{"not_picked":["aspiration:RunicSpoon","HolyWater"],"picked":"Coffee Dripper"}],"items_purged_floors":[4,4,20],"is_endless":false,"potions_floor_spawned":[10,11,12,13,14,16,18,19],"killed_by":"Centurion and Healer","ascension_level":20}}