{"host":"ic2t2jxz7s3jvs1m","time":1614263830,"event":{"mods":["AchievementEnabler","Aspiration","BaseMod","Better Silent Start","Better Skull","Better Third Choice","Block Reminder","Colored Map","Conspire","Curses Come First","Dark Map","Displayed Cursed Tome","Downfall","Energized Spire","Evolution","Fox Events","Good Game Mod","Halation","Hubris","Infinite Spire","Jess\u0027s Bottle","Marked Mod","Minty Spire (QoL Compilation)","Quick Restart","Relic Filter","Relic Stats","Replay The Spire","Retaliation","SacredBarkPlus","Small Relic Pack","Spicy Shops","StSLib","The Blue Laboratory","Trackpad","Transform Curses","Uncapped","Waifu the Spire"],"gold_per_floor":[99,112,123,140,157,157,157,17,29,29,29,45,74,90,108,207,207,107,124,141,154,154,173,173,82,114,14,25,25,25,25,44,148,148,148,158,158,158,171,171,171,171],"floor_reached":40,"language":"ENG","playtime":3618,"items_purged":[],"score":484,"play_id":"877a0e0c-7f79-4b4f-b275-25d76b367627","local_time":"20210225083710","is_ascension_mode":true,"campfire_choices":[{"floor":1.0,"key":"DIG"},{"floor":11.0,"key":"REST"},{"floor":18,"key":"RECALL"},{"floor":27,"key":"REST"},{"floor":30,"key":"REST"},{"data":"hubris:InfiniteBlow+33","floor":35,"key":"SMITH"}],"circlet_count":0,"master_deck":["hexamod:Strike","hexamod:Strike","hexamod:Strike","hexamod:Strike","hexamod:Defend","hexamod:Defend","hexamod:Defend+1","hexamod:Defend","hexamod:Sear","hexamod:Float+1","hexamod:SoulSteal","hexamod:DynamicBlow+1","hexamod:SwordOfDarkness","hubris:SharpeningStone","hexamod:GhostLash","hexamod:ShieldOfDarkness+1","hexamod:GhostShield","hexamod:FifthSeal","hexamod:HeatMetal","hexamod:SoulSteal","hexamod:HauntingEcho","hexamod:BurningTouch","hexamod:FirstSeal","hexamod:SoulSteal","hexamod:SixthSeal","Dark Embrace+1","hexamod:EtherealExpedition","hexamod:BurningTouch+1","hexamod:PhantomCloak+1","hexamod:InspiringFlames+1","hexamod:StepThrough","hexamod:FourthSeal","hubris:InfiniteBlow+35","Armaments+1","Reaper","Run Through+1","expansioncontent:AwakenDeath","expansioncontent:InvincibleStrength","expansioncontent:GuardianWhirl","ReplayTheSpireMod:Limb From Limb+1"],"relics":["hexamod:SpiritBrand","EVO:Axolotl","REME:ComplimentaryCards","ReplayTheSpireMod:TigerMarble","Pondfish Scales","aspiration:IroncladSkillbook","downfall:HeartBlessingBlue","Peace Pipe","halation:Convergence","Chameleon Ring","downfall:HeartBlessingRed","halation:Prosthetics","Chemical X","bronze:MakeshiftBattery"],"acts_visited":["Exordium","TheCity","TheBeyond"],"potions_floor_usage":[23,26,26,26],"damage_taken":[{"damage":13.0,"enemies":"infinitespire:Voidling","floor":2.0,"turns":3.0},{"damage":0.0,"enemies":"2 Louse","floor":3.0,"turns":3.0},{"damage":6.0,"enemies":"Jaw Worm","floor":4.0,"turns":3.0},{"damage":13.0,"enemies":"Large Slime","floor":5.0,"turns":6.0},{"damage":0.0,"enemies":"downfall:FleeingMerchant","floor":8.0,"turns":4.0},{"damage":0.0,"enemies":"Blue Slaver","floor":9.0,"turns":3.0},{"damage":15.0,"enemies":"Exordium Thugs","floor":12.0,"turns":3.0},{"damage":13.0,"enemies":"3 Sentries","floor":13.0,"turns":8.0},{"damage":0,"enemies":"Lots of Slimes","floor":14,"turns":2},{"damage":0,"enemies":"2 Fungi Beasts","floor":15,"turns":3},{"damage":17,"enemies":"SI_SHIV_ARCHETYPE","floor":16,"turns":8},{"damage":0,"enemies":"Shell Parasite","floor":19,"turns":3},{"damage":2,"enemies":"Spheric Guardian","floor":20,"turns":5},{"damage":16,"enemies":"Snake Plant","floor":21,"turns":4},{"damage":17,"enemies":"Chosen and Byrds","floor":23,"turns":5},{"damage":4,"enemies":"downfall:FleeingMerchant","floor":25,"turns":4},{"damage":52,"enemies":"Gremlin Leader","floor":26,"turns":7},{"damage":1,"enemies":"conspire:HollyBat","floor":28,"turns":9},{"damage":0,"enemies":"Snecko","floor":32,"turns":1},{"damage":23,"enemies":"DF_ARCHETYPE_CLAW","floor":33,"turns":6},{"damage":1,"enemies":"3 Darklings","floor":36,"turns":3},{"damage":0,"enemies":"3 Shapes","floor":39,"turns":5},{"damage":80,"enemies":"Reptomancer","floor":40,"turns":2}],"seed_played":"6409753050643928579","potions_obtained":[{"floor":3.0,"key":"SteroidPotion"},{"floor":4.0,"key":"ColorlessPotion"},{"floor":5.0,"key":"Flashbang"},{"floor":9.0,"key":"blueLaboratory:BubblePotion"},{"floor":19,"key":"PowerPotion"},{"floor":23,"key":"blueLaboratory:BubblePotion"},{"floor":32,"key":"blueLaboratory:BottledHope"},{"floor":33,"key":"Death Potion"}],"is_trial":false,"path_per_floor":["R_BF","M","M","M","M","?","T","$","M","?","R","M","E","M","M","B",null,"R","M","M","M","?","M","T","$","E","R","M","?","R","AVR","M","B",null,"R","M","?","?","M","E"],"character_chosen":"THE_SPIRIT","items_purchased":["hexamod:GhostShield","hexamod:FifthSeal","halation:Convergence"],"campfire_rested":3,"item_purchase_floors":[8,8,25],"current_hp_per_floor":[77,64,64,58,45,45,45,45,45,45,68,53,40,40,40,23,77,87,87,87,82,82,76,76,83,42,68,78,61,88,57,57,38,57,57,57,47,47,57,0,0,0],"gold":171,"neow_bonus":"TEN_PERCENT_HP_BONUS","is_daily":false,"chose_seed":false,"campfire_upgraded":1,"win_rate":0.0,"timestamp":1614263830,"path_taken":["R_BF","M","?","M","M","?","T","?","M","?","R","?","E","M","M","BOSS","R","M","M","?","?","M","T","?","E","R","M","?","R","AVR","M","BOSS","R","M","?","?","?","E"],"items_purchased_type":["Card","Card","Relic"],"build_version":"2020-12-22","purchased_purges":0,"victory":false,"max_hp_per_floor":[77,77,77,77,77,77,77,77,77,77,77,77,77,77,77,77,77,87,87,87,87,87,87,87,87,87,87,87,92,92,57,57,57,57,57,57,57,57,57,57,57,57],"relic_stats":{"Peace Pipe":0,"counters":[23,100],"Chemical X":[1],"obtain_stats":[{"downfall:HeartBlessingRed":27,"EVO:Axolotl":0,"halation:Prosthetics":31,"aspiration:IroncladSkillbook":17,"Peace Pipe":24,"REME:ComplimentaryCards":0,"Pondfish Scales":13,"Chameleon Ring":26,"downfall:HeartBlessingBlue":18,"ReplayTheSpireMod:TigerMarble":1,"halation:Convergence":25,"Chemical X":31,"hexamod:SpiritBrand":0,"bronze:MakeshiftBattery":34},{"downfall:HeartBlessingRed":17,"EVO:Axolotl":0,"halation:Prosthetics":18,"aspiration:IroncladSkillbook":11,"Peace Pipe":15,"REME:ComplimentaryCards":0,"Pondfish Scales":8,"Chameleon Ring":17,"downfall:HeartBlessingBlue":11,"ReplayTheSpireMod:TigerMarble":0,"halation:Convergence":16,"Chemical X":18,"hexamod:SpiritBrand":0,"bronze:MakeshiftBattery":20},{"downfall:HeartBlessingRed":74,"EVO:Axolotl":0,"halation:Prosthetics":83,"aspiration:IroncladSkillbook":46,"Peace Pipe":63,"REME:ComplimentaryCards":0,"Pondfish Scales":33,"Chameleon Ring":74,"downfall:HeartBlessingBlue":46,"ReplayTheSpireMod:TigerMarble":0,"halation:Convergence":67,"Chemical X":83,"hexamod:SpiritBrand":0,"bronze:MakeshiftBattery":90}]},"card_choices":[{"not_picked":["hexamod:SpectersWail","hexamod:Hexaguard"],"picked":"hexamod:SoulSteal","floor":2.0},{"not_picked":["hexamod:AdvancingGuard","hexamod:BacktrackSmack"],"picked":"hexamod:DynamicBlow","floor":3.0},{"not_picked":["hexamod:GhostOfSpirePast","hexamod:SoulSteal"],"picked":"hexamod:SwordOfDarkness","floor":4.0},{"not_picked":["hexamod:HauntingEcho","hexamod:SpectersWail"],"picked":"hexamod:GhostLash","floor":5.0},{"not_picked":["hexamod:ThermalTransfer","hexamod:FlamesFromBeyond"],"picked":"hexamod:ShieldOfDarkness","floor":8.0},{"not_picked":["hexamod:NightmareGuise","hexamod:SpectersWail"],"picked":"hexamod:HeatMetal","floor":9.0},{"not_picked":["hexamod:UnlimitedPower","hexamod:SpectersWail"],"picked":"hexamod:SoulSteal","floor":12.0},{"not_picked":["hexamod:SixthSeal","hexamod:ThermalTransfer"],"picked":"hexamod:HauntingEcho","floor":13.0},{"not_picked":["hexamod:RecurringNightmare","hexamod:NightmareGuise"],"picked":"hexamod:BurningTouch","floor":14},{"not_picked":["hexamod:SixthSeal","hexamod:FourthSeal"],"picked":"hexamod:FirstSeal","floor":15},{"not_picked":["hexamod:Firestarter","hexamod:BurningTouch"],"picked":"hexamod:SoulSteal","floor":15},{"not_picked":["hexamod:UnlimitedPower","hexamod:WildfireWeapon"],"picked":"hexamod:SixthSeal","floor":16},{"not_picked":["hexamod:Firestarter+1","hexamod:BacktrackSmack","Iron Wave"],"picked":"Dark Embrace+1","floor":19},{"not_picked":["hexamod:SwordOfDarkness","Evolve","Life Link"],"picked":"hexamod:EtherealExpedition","floor":20},{"not_picked":["hexamod:ThirdSeal","conspire:ExplosiveBarrier","Bloodletting"],"picked":"hexamod:BurningTouch+1","floor":21},{"not_picked":["Bloodletting","Body Slam","Infernal Blade"],"picked":"hexamod:PhantomCloak+1","floor":23},{"not_picked":["Sever Soul","Rupture+1","hexamod:RetreatToShadows+1"],"picked":"hexamod:InspiringFlames+1","floor":25},{"not_picked":["hexamod:Firestarter+1","hexamod:BacktrackSmack","hexamod:ChargedBarrage"],"picked":"hexamod:StepThrough","floor":26},{"not_picked":["Evolve+1","hexamod:GhostOfSpirePast","Headbutt+1"],"picked":"hexamod:FourthSeal","floor":28},{"not_picked":["hexamod:SuperheatedStrike","Headbutt","hexamod:Incineration"],"picked":"Armaments+1","floor":32},{"not_picked":["hexamod:FifthSeal","Replay:Many Hands","hexamod:GhostOfSpirePresent"],"picked":"Reaper","floor":33},{"not_picked":["Flex","hexamod:Firestarter","hexamod:Hexaguard+1"],"picked":"Run Through+1","floor":36},{"not_picked":["expansioncontent:LastStand","Replay:SS_forest_2"],"picked":"expansioncontent:AwakenDeath","floor":37},{"not_picked":["Replay:SS_fish_1","Replay:SS_hec_1"],"picked":"expansioncontent:InvincibleStrength","floor":37},{"not_picked":["expansioncontent:InvincibleStrength","expansioncontent:LastStand"],"picked":"expansioncontent:GuardianWhirl","floor":37},{"not_picked":["Juggernaut","Hemokinesis","Dual Wield"],"picked":"ReplayTheSpireMod:Limb From Limb+1","floor":39}],"player_experience":378586,"relics_obtained":[{"floor":1.0,"key":"ReplayTheSpireMod:TigerMarble"},{"floor":13.0,"key":"Pondfish Scales"},{"floor":24,"key":"Peace Pipe"},{"floor":26,"key":"Chameleon Ring"}],"event_choices":[{"damage_healed":0.0,"max_hp_gain":0.0,"max_hp_loss":0.0,"gold_gain":0.0,"event_name":"Living Wall","player_choice":"Grow","floor":6.0,"gold_loss":0.0,"damage_taken":0.0,"cards_upgraded":["hexamod:Float"]}],"is_beta":false,"boss_relics":[{"not_picked":["hubris:BlackHole","halation:SmartPhone"],"picked":"aspiration:IroncladSkillbook"},{"not_picked":["trackpad:StolenKidneys","Astrolabe"],"picked":"bronze:MakeshiftBattery"}],"items_purged_floors":[],"is_endless":false,"potions_floor_spawned":[3,4,5,9,14,19,20,23,32,33],"killed_by":"Reptomancer","ascension_level":1}}