{"host":"igj4vwc42ivwqexo","time":1614271681,"event":{"mods":["BaseMod","Better Third Choice","Koishi","Marisa????????","Minty Spire (QoL Compilation)","Potionbrewer","Shop Mod","StSLib","The Disciple","The Hierophant","The Sage","The Servant 0.9.4"],"gold_per_floor":[362,362,437,46,61,61,61,61,86,86,106,142,167,191,191,372,372,395,395,408,408,427,427,427],"floor_reached":23,"language":"ENG","playtime":2153,"items_purged":[],"score":210,"play_id":"d515f737-c967-4db1-8b35-87c3d5085c10","local_time":"20210225174801","is_ascension_mode":true,"campfire_choices":[{"data":"Transmutation","floor":6,"key":"SMITH"},{"data":"Bash","floor":8,"key":"SMITH"},{"data":"Warcry","floor":10,"key":"SMITH"},{"data":"Disarm","floor":15,"key":"SMITH"}],"circlet_count":0,"master_deck":["Strike_R","Strike_R","Defend_R+1","Defend_R","Defend_R+1","Defend_R","Bash+1","Feel No Pain","Transmutation+1","Warcry+1","Second Wind","Wild Strike","Rampage","Disarm+1","Demon Form","Seeing Red+1","Dark Embrace+1","Clash+1","Disarm","Burning Pact+1","Transmutation+1"],"relics":["Burning Blood","Chemical X","Golden Idol","Omamori","Bag of Preparation","Astrolabe","sagemod:Flying_Carpet"],"acts_visited":["Exordium","TheCity"],"potions_floor_usage":[12,12,23],"damage_taken":[{"damage":0,"enemies":"Small Slimes","floor":1,"turns":3},{"damage":1,"enemies":"2 Louse","floor":5,"turns":4},{"damage":3,"enemies":"Jaw Worm","floor":11,"turns":6},{"damage":13,"enemies":"3 Sentries","floor":12,"turns":10},{"damage":5,"enemies":"Blue Slaver","floor":13,"turns":3},{"damage":4,"enemies":"Lots of Slimes","floor":14,"turns":3},{"damage":37,"enemies":"Slime Boss","floor":16,"turns":15},{"damage":9,"enemies":"2 Thieves","floor":18,"turns":3},{"damage":17,"enemies":"Chosen","floor":20,"turns":6},{"damage":7,"enemies":"Centurion and Healer","floor":22,"turns":5},{"damage":43,"enemies":"Gremlin Leader","floor":23,"turns":4}],"seed_played":"-7077885542450627250","potions_obtained":[{"floor":5,"key":"SkillPotion"},{"floor":11,"key":"LiquidMemories"},{"floor":22,"key":"potionbrewer:NoxiousPotion"}],"is_trial":false,"path_per_floor":["M","?","?","$","M","R","?","R","T","R","M","E","M","M","R","B",null,"M","?","M","?","M","E"],"character_chosen":"IRONCLAD","items_purchased":["Chemical X","Transmutation","Warcry"],"campfire_rested":0,"item_purchase_floors":[4,4,4],"current_hp_per_floor":[62,46,35,35,40,40,40,40,40,40,43,36,37,39,39,8,74,71,51,40,40,39,0,0],"gold":427,"neow_bonus":"TWO_FIFTY_GOLD","is_daily":false,"chose_seed":false,"campfire_upgraded":4,"win_rate":0.0,"timestamp":1614271681,"path_taken":["M","?","?","$","M","R","?","R","T","R","M","E","M","M","R","BOSS","M","?","M","?","?","E"],"items_purchased_type":["Relic","Card","Card"],"build_version":"2020-12-22","purchased_purges":0,"victory":false,"max_hp_per_floor":[80,80,80,80,80,80,74,74,74,74,74,74,74,74,74,74,74,74,51,51,51,51,51,51],"card_choices":[{"not_picked":["Twin Strike","Sever Soul"],"picked":"Feel No Pain","floor":1},{"not_picked":["Wild Strike","Shrug It Off"],"picked":"Second Wind","floor":5},{"not_picked":["Armaments","Headbutt"],"picked":"Wild Strike","floor":11},{"not_picked":["Headbutt","Perfected Strike"],"picked":"Rampage","floor":12},{"not_picked":["Ghostly Armor","Blood for Blood"],"picked":"Disarm","floor":13},{"not_picked":["Body Slam","True Grit","Cleave"],"picked":"SKIP","floor":14},{"not_picked":["Offering","Barricade"],"picked":"Demon Form","floor":16},{"not_picked":["Hemokinesis","Battle Trance"],"picked":"Disarm","floor":18},{"not_picked":["Body Slam","Blood for Blood"],"picked":"Burning Pact+1","floor":20},{"not_picked":["Dual Wield","Perfected Strike+1","Clash"],"picked":"SKIP","floor":22}],"player_experience":435497,"relics_obtained":[{"floor":9,"key":"Omamori"},{"floor":12,"key":"Bag of Preparation"}],"event_choices":[{"damage_healed":62,"gold_gain":0,"player_choice":"Upgrade","damage_taken":16,"max_hp_gain":0,"max_hp_loss":80,"event_name":"betterThird:BetterShining","floor":2,"gold_loss":0,"cards_upgraded":["Defend_R","Defend_R"]},{"damage_healed":0,"gold_gain":75,"player_choice":"Gold","damage_taken":11,"max_hp_gain":0,"max_hp_loss":0,"event_name":"betterThird:BetterGoop","floor":3,"gold_loss":0},{"damage_healed":0,"gold_gain":0,"player_choice":"Lose Max HP","damage_taken":0,"relics_obtained":["Golden Idol"],"max_hp_gain":0,"max_hp_loss":6,"event_name":"Golden Idol","floor":7,"gold_loss":0},{"damage_healed":0,"gold_gain":0,"player_choice":"Copied","damage_taken":0,"max_hp_gain":0,"max_hp_loss":0,"event_name":"Duplicator","floor":21,"gold_loss":0,"cards_obtained":["Transmutation"]}],"is_beta":false,"boss_relics":[{"not_picked":["Cursed Key","Runic Cube"],"picked":"Astrolabe"}],"items_purged_floors":[],"is_endless":false,"potions_floor_spawned":[5,11,22],"killed_by":"Gremlin Leader","ascension_level":2}}