{"host":"agga6lej02o7kt08","time":1614259107,"event":{"mods":["Act Like it!","Aspiration","BaseMod","Better Third Choice","BetterRewards","Colored Map","Colored Powertips","Hubris","Minty Spire (QoL Compilation)","Reliquary","Spicy Shops","StSLib","¡¼?Úª?ø«¡½REMEMod"],"gold_per_floor":[118,135,155,155,155,155,182,182,236,248,280,297,332,343,343,440,440,452,117,149,49,49,49,49],"floor_reached":23,"language":"KOR","playtime":6547,"items_purged":["Strike_R","Defend_R"],"score":219,"play_id":"29d157df-175b-4cd3-8692-6bb76987d713","local_time":"20210225221827","is_ascension_mode":true,"campfire_choices":[{"data":"Rage","floor":6,"key":"SMITH"},{"data":"REME_TheLastStrike","floor":8,"key":"SMITH"},{"data":"True Grit","floor":15,"key":"SMITH"}],"circlet_count":0,"master_deck":["Strike_R+1","Strike_R","Strike_R+1","Strike_R","Defend_R","Defend_R","Defend_R","Bash","Rage+1","Armaments+1","REME_TheLastStrike+1","True Grit+1","Berserk","Demon Form"],"relics":["Burning Blood","REME_ComplimentaryCards","aspiration:Nostalgia","Ring of the Snake","Toy Ornithopter","Nunchaku","Meat on the Bone","Sozu","Singing Bowl","Red Mask","hubris:Towel"],"acts_visited":["Exordium","TheCity"],"potions_floor_usage":[11,11,23,23],"damage_taken":[{"damage":4,"enemies":"2 Louse","floor":1,"turns":4},{"damage":0,"enemies":"Jaw Worm","floor":2,"turns":6},{"damage":1,"enemies":"Cultist","floor":3,"turns":4},{"damage":24,"enemies":"3 Sentries","floor":7,"turns":12},{"damage":0,"enemies":"Lots of Slimes","floor":10,"turns":4},{"damage":5,"enemies":"Lagavulin","floor":11,"turns":7},{"damage":0,"enemies":"Exordium Thugs","floor":12,"turns":5},{"damage":6,"enemies":"3 Sentries","floor":13,"turns":8},{"damage":0,"enemies":"3 Louse","floor":14,"turns":3},{"damage":29,"enemies":"The Guardian","floor":16,"turns":11},{"damage":23,"enemies":"Chosen","floor":18,"turns":5},{"damage":35,"enemies":"Masked Bandits","floor":20,"turns":5},{"damage":64,"enemies":"REME_1_Revenger","floor":23,"turns":5}],"seed_played":"6491759859919822907","potions_obtained":[{"floor":2,"key":"ColorlessPotion"},{"floor":7,"key":"Block Potion"},{"floor":13,"key":"Regen Potion"},{"floor":16,"key":"GamblersBrew"}],"is_trial":false,"path_per_floor":["M","M","M","?","?","R","E","R","T","M","E","M","E","M","R","B",null,"M","$","?","$","?","E"],"character_chosen":"IRONCLAD","items_purchased":["Singing Bowl"],"campfire_rested":0,"item_purchase_floors":[19],"current_hp_per_floor":[80,80,80,64,64,64,46,46,46,52,63,69,69,75,75,52,80,63,63,48,48,48,0,0],"gold":49,"neow_bonus":"NOSTALGIA","is_daily":false,"chose_seed":false,"campfire_upgraded":3,"win_rate":0.0,"timestamp":1614259107,"path_taken":["M","M","M","?","?","R","E","R","T","M","E","M","E","?","R","BOSS","M","?","?","$","?","E"],"items_purchased_type":["Relic"],"build_version":"2020-12-22","purchased_purges":2,"victory":false,"max_hp_per_floor":[80,80,80,80,80,80,80,80,80,80,80,80,80,80,80,80,80,80,80,82,82,82,82,82],"card_choices":[{"not_picked":["hubris:ReadiedAction","Havoc"],"picked":"Armaments","floor":1},{"not_picked":["hubris:ReadiedAction","Flex","Heavy Blade"],"picked":"SKIP","floor":2},{"not_picked":["hubris:ReadiedAction","Bloodletting"],"picked":"Rage","floor":3},{"not_picked":["Perfected Strike","Carnage"],"picked":"REME_TheLastStrike","floor":7},{"not_picked":["Havoc","hubris:ReadiedAction"],"picked":"True Grit","floor":10},{"not_picked":["Shrug It Off","Perfected Strike","Twin Strike"],"picked":"SKIP","floor":11},{"not_picked":["Havoc","Shrug It Off","Thunderclap"],"picked":"SKIP","floor":12},{"not_picked":["Perfected Strike","Pommel Strike","Clash"],"picked":"SKIP","floor":13},{"not_picked":["Burning Pact","Power Through"],"picked":"Berserk","floor":14},{"not_picked":["Fiend Fire","Impervious"],"picked":"Demon Form","floor":16},{"not_picked":["Armaments+1","Pommel Strike","Searing Blow"],"picked":"SKIP","floor":18},{"not_picked":["Ghostly Armor","Combust+1","Carnage"],"picked":"Singing Bowl","floor":20}],"player_experience":771453,"relics_obtained":[{"floor":7,"key":"Toy Ornithopter"},{"floor":9,"key":"Nunchaku"},{"floor":13,"key":"Meat on the Bone"},{"floor":20,"key":"Red Mask"}],"event_choices":[{"damage_healed":80,"gold_gain":0,"player_choice":"Upgrade","damage_taken":16,"max_hp_gain":0,"max_hp_loss":80,"event_name":"betterThird:BetterShining","floor":4,"gold_loss":0,"cards_upgraded":["Strike_R","Strike_R"]},{"damage_healed":0,"gold_gain":0,"player_choice":"Fought Bandits","damage_taken":0,"max_hp_gain":0,"max_hp_loss":0,"event_name":"Masked Bandits","floor":20,"gold_loss":0}],"is_beta":false,"boss_relics":[{"not_picked":["aspiration:SecretTechniqueScroll","hubris:VirtuousBlindfold"],"picked":"Sozu"}],"items_purged_floors":[19,21],"is_endless":false,"potions_floor_spawned":[2,7,13,16],"killed_by":"REME_1_Revenger","ascension_level":1}}