{"host":"fanbhphodrg87rgt","time":1614289713,"event":{"mods":["Astrologer","BaseMod","Colored Powertips","Fiend Mod","Friendly Minions","Infinite Spire","Marisa????????","Minty Spire (QoL Compilation)","Replay The Spire","StSLib","Td1madao Mod","The Administrix","The Hierophant","The Mystic","The Servant 0.9.4"],"gold_per_floor":[117,127,137,153,35,61,61,89,89,89,89,89,108,108,108,108,108],"floor_reached":16,"language":"ENG","playtime":1099,"items_purged":[],"score":116,"play_id":"9f6f9a51-de37-444c-8154-46e2045ee874","local_time":"20210225224833","daily_mods":["Draft"],"is_ascension_mode":true,"campfire_choices":[{"data":"astrologer:TheHermit","floor":7,"key":"SMITH"},{"data":"astrologer:Starfield","floor":10,"key":"SMITH"},{"data":"astrologer:TheStar","floor":12,"key":"SMITH"},{"floor":15,"key":"REST"}],"circlet_count":0,"master_deck":["mysticmod:DiviningBlow","mysticmod:Disengage","De Ware Chip","Winding Magic","astrologer:TheStar+1","mysticmod:CureLightWounds","astrologer:SolarFlare","astrologer:CosmicExpanse","astrologer:Cataclysm","E MP","Fire Blade","astrologer:SpaceDust","Three Hit","Fire Blade","mysticmod:IllusionOfCalm","mysticmod:Shield","astrologer:CosmicExpanse","astrologer:Prismatic","Shockwave Tdmadao+1","astrologer:TheHermit+1","astrologer:Starfield+1","astrologer:Stardust"],"relics":["Apod","Ring of Chaos","Blue Mushroom","Replay:Ringing Soul","Frozen Egg 2","Golden Idol"],"acts_visited":["Exordium"],"potions_floor_usage":[16,16,16],"damage_taken":[{"damage":0,"enemies":"Small Slimes","floor":1,"turns":3},{"damage":10,"enemies":"Jaw Worm","floor":2,"turns":4},{"damage":6,"enemies":"Cultist","floor":3,"turns":4},{"damage":6,"enemies":"3 Louse","floor":4,"turns":5},{"damage":16,"enemies":"Lagavulin","floor":6,"turns":7},{"damage":13,"enemies":"3 Sentries","floor":8,"turns":7},{"damage":15,"enemies":"Large Slime","floor":13,"turns":4},{"damage":50,"enemies":"Fading Forest","floor":16,"turns":8}],"seed_played":"6015270297165885914","potions_obtained":[{"floor":4,"key":"SteroidPotion"},{"floor":6,"key":"Milkshake"},{"floor":8,"key":"PowerPotion"},{"floor":14,"key":"LiquidMemories"}],"is_trial":true,"path_per_floor":["M","M","M","M","$","E","R","E","T","R","?","R","M","?","R","B"],"character_chosen":"TD1MADAO_CLASS","items_purchased":["Shockwave Tdmadao+1"],"campfire_rested":1,"item_purchase_floors":[5],"current_hp_per_floor":[70,63,60,57,57,44,44,37,37,37,19,19,10,10,32,0,0],"gold":108,"neow_bonus":"","is_daily":false,"chose_seed":false,"campfire_upgraded":3,"win_rate":0.0,"timestamp":1614289713,"path_taken":["M","M","M","M","$","E","R","E","T","R","?","R","M","?","R","BOSS"],"items_purchased_type":["Card"],"build_version":"2020-12-22","purchased_purges":0,"victory":false,"max_hp_per_floor":[70,70,70,70,70,70,70,73,73,73,73,73,76,76,76,76,76],"card_choices":[{"not_picked":["astrologer:Divination","astrologer:Stardust"],"picked":"mysticmod:DiviningBlow","floor":0},{"not_picked":["astrologer:SolarFlare","astrologer:Eclipse"],"picked":"mysticmod:Disengage","floor":0},{"not_picked":["astrologer:TheEmperor","Twin Teeth"],"picked":"De Ware Chip","floor":0},{"not_picked":["astrologer:SolarFlare","astrologer:CometStrike"],"picked":"Winding Magic","floor":0},{"not_picked":["Light Attack","Cooling Song"],"picked":"astrologer:TheStar","floor":0},{"not_picked":["Preloading","astrologer:SolarFlare"],"picked":"mysticmod:CureLightWounds","floor":0},{"not_picked":["astrologer:Prestidigitation","mysticmod:EbbAndFlow"],"picked":"astrologer:SolarFlare","floor":0},{"not_picked":["mysticmod:BulkUp","mysticmod:VorpalThrust"],"picked":"astrologer:CosmicExpanse","floor":0},{"not_picked":["Resistance","Reinforcement Parts"],"picked":"astrologer:Cataclysm","floor":0},{"not_picked":["mysticmod:HeavyStrike","astrologer:CometStrike"],"picked":"E MP","floor":0},{"not_picked":["astrologer:Radiance","mysticmod:BladeMaster"],"picked":"Fire Blade","floor":0},{"not_picked":["Money Cant Rescue","mysticmod:BulkUp"],"picked":"astrologer:SpaceDust","floor":0},{"not_picked":["astrologer:CometStrike","Rupture"],"picked":"Three Hit","floor":0},{"not_picked":["Cursed Blade","Three Hit"],"picked":"Fire Blade","floor":0},{"not_picked":["astrologer:MeteorShower","mysticmod:Sideswipe"],"picked":"mysticmod:IllusionOfCalm","floor":0},{"not_picked":["astrologer:StarOfChange","mysticmod:Probe"],"picked":"mysticmod:Shield","floor":1},{"not_picked":["astrologer:Radiance","astrologer:TheHangedMan"],"picked":"astrologer:CosmicExpanse","floor":2},{"not_picked":["Recovery Mechanism","astrologer:CometStrike"],"picked":"astrologer:Prismatic","floor":3},{"not_picked":["Resistance","Trader","mysticmod:SpellCombat"],"picked":"SKIP","floor":4},{"not_picked":["Paralysis","Judgment"],"picked":"astrologer:TheHermit","floor":6},{"not_picked":["Floating Swing Kick","mysticmod:DiviningBlow"],"picked":"astrologer:Starfield","floor":8},{"not_picked":["Machining","mysticmod:ComponentsPouch"],"picked":"astrologer:Stardust","floor":13}],"player_experience":4828606,"relics_obtained":[{"floor":6,"key":"Blue Mushroom"},{"floor":8,"key":"Replay:Ringing Soul"},{"floor":9,"key":"Frozen Egg 2"}],"event_choices":[{"damage_healed":0,"gold_gain":0,"player_choice":"Take Damage","damage_taken":18,"relics_obtained":["Golden Idol"],"max_hp_gain":0,"max_hp_loss":0,"event_name":"Golden Idol","floor":11,"gold_loss":0},{"damage_healed":0,"gold_gain":0,"player_choice":"Got Potions","damage_taken":0,"max_hp_gain":0,"max_hp_loss":0,"event_name":"Lab","floor":14,"gold_loss":0}],"is_beta":false,"boss_relics":[],"items_purged_floors":[],"is_endless":false,"potions_floor_spawned":[4,6,8],"killed_by":"Fading Forest","ascension_level":1}}