{"host":"pgavbdzzfv24grxe","time":1614229176,"event":{"mods":["Act Like it!","Aspiration","BaseMod","Better Note","Better Vampires","DeckTracker","Defuse TimeMaze Blight","Dio Mod","Dota2Spire","GifTheSpireLib","Highlight Path","Kratos Character Expansion","Marisa（F雨　魔理沙）","Minty Spire (QoL Compilation)","SOS（斯巴达之子）","Shop Mod","StSLib","The Cursed","Waifu the Spire","【功能Mod】聪明的最终Boss","篝火指南"],"gold_per_floor":[117,192,209,220,230,265,284,284,284],"floor_reached":8,"language":"ZHS","playtime":909,"items_purged":[],"score":60,"play_id":"085065cf-e75d-4d71-90b8-3dca1a66602d","local_time":"20210224235936","is_ascension_mode":false,"campfire_choices":[],"circlet_count":0,"master_deck":["dioMod:Strike","dioMod:Strike","dioMod:Strike","dioMod:Strike","Bite","dioMod:Defend","dioMod:Defend","dioMod:Defend","dioMod:Defend","dioMod:CutDeep","dioMod:BloodTransfusion","dioMod:StreetSign","dioMod:DominatingPresence","dioMod:SevenPageMuda","dioMod:GoodbyeJojo"],"relics":["dioMod:VampireBlood","Orichalcum"],"acts_visited":["Exordium"],"potions_floor_usage":[6,8,8],"damage_taken":[{"damage":2,"enemies":"Jaw Worm","floor":1,"turns":7},{"damage":10,"enemies":"Cultist","floor":3,"turns":4},{"damage":9,"enemies":"Small Slimes","floor":4,"turns":4},{"damage":27,"enemies":"3 Louse","floor":5,"turns":5},{"damage":67,"enemies":"3 Sentries","floor":6,"turns":11},{"damage":24,"enemies":"Exordium Wildlife","floor":7,"turns":5},{"damage":47,"enemies":"Lagavulin","floor":8,"turns":6}],"seed_played":"-4777604583279032041","potions_obtained":[{"floor":1,"key":"SneckoOil"},{"floor":3,"key":"dioMod:HumanBlood"},{"floor":7,"key":"BlessingOfTheForge"}],"is_trial":false,"path_per_floor":["M","?","M","M","M","E","M","E"],"character_chosen":"THE_DEFAULT","items_purchased":[],"campfire_rested":0,"item_purchase_floors":[],"current_hp_per_floor":[82,74,71,82,78,44,40,0,0],"gold":284,"neow_bonus":"TEN_PERCENT_HP_BONUS","is_daily":false,"chose_seed":false,"campfire_upgraded":0,"win_rate":0.0,"timestamp":1614229176,"path_taken":["M","?","M","?","M","E","M","E"],"items_purchased_type":[],"build_version":"2020-12-22","purchased_purges":0,"victory":false,"max_hp_per_floor":[82,82,82,82,82,82,82,82,82],"card_choices":[{"not_picked":["dioMod:ComposedMuda","dioMod:DaggerToss"],"picked":"dioMod:CutDeep","floor":1},{"not_picked":["dioMod:FlyAway","dioMod:ComposedMuda"],"picked":"dioMod:BloodTransfusion","floor":3},{"not_picked":["dioMod:Freeze","dioMod:Donut"],"picked":"dioMod:StreetSign","floor":4},{"not_picked":["dioMod:WRYYY","dioMod:BloodSuck"],"picked":"dioMod:DominatingPresence","floor":5},{"not_picked":["dioMod:StreetSign","dioMod:DaggerToss"],"picked":"dioMod:SevenPageMuda","floor":6},{"not_picked":["dioMod:SlashThroughTime","dioMod:LaserVision"],"picked":"dioMod:GoodbyeJojo","floor":7}],"player_experience":163082,"relics_obtained":[{"floor":6,"key":"Orichalcum"}],"event_choices":[{"damage_healed":0,"gold_gain":75,"player_choice":"Touch","damage_taken":8,"max_hp_gain":0,"max_hp_loss":0,"event_name":"FaceTrader","floor":2,"gold_loss":0}],"is_beta":false,"boss_relics":[],"items_purged_floors":[],"is_endless":false,"potions_floor_spawned":[1,3,7],"killed_by":"Lagavulin","ascension_level":0}}