{"host":"v54ek091sdz7ha6h","time":1614261423,"event":{"mods":["BaseMod","Colored Map","Colored Powertips","Custom Start","DeckTracker","Highlight Path","KOR Keyword Fix","Minty Spire (QoL Compilation)","Random Character Button","Rare Cards Sparkle","Relic Stats","StSLib","SuperFastMode","everything is the same but u backflip on backflip"],"gold_per_floor":[115,133,150,100,113,113,126,160,186,186,247,247,247,247,247,377,377,398,413,177,177,190,190,190,190,242,285,306,306,332,345,345,471,471,489,503,566,590,393,393,432,432,432,453,453,476,476,341,341,341,341,341,49,85,85,85],"floor_reached":55,"language":"KOR","playtime":1823,"items_purged":["Strike_B","Cold Snap","Parasite","Strike_B"],"score":790,"play_id":"ccc78c89-5657-4380-9600-1e4f4d265a4b","local_time":"20210225225703","is_ascension_mode":false,"campfire_choices":[{"data":"Dualcast","floor":6,"key":"SMITH"},{"data":"Skim","floor":10,"key":"SMITH"},{"data":"Turbo","floor":12,"key":"SMITH"},{"data":"Zap","floor":15,"key":"SMITH"},{"data":"Go for the Eyes","floor":23,"key":"SMITH"},{"data":"Seek","floor":25,"key":"SMITH"},{"data":"Coolheaded","floor":29,"key":"SMITH"},{"floor":32,"key":"RECALL"},{"data":"Meteor Strike","floor":40,"key":"SMITH"},{"data":"Undo","floor":42,"key":"SMITH"},{"data":"Gash","floor":49,"key":"SMITH"},{"data":"Glacier","floor":52,"key":"SMITH"}],"circlet_count":0,"master_deck":["Defend_B","Defend_B","Defend_B","Zap+1","Dualcast+1","Cold Snap","Skim+1","Electrodynamics","Gash+1","Turbo+1","Undo+1","CurseOfTheBell","Blizzard+1","Seek+1","Glacier+1","Go for the Eyes+1","Coolheaded+1","Chill","Meteor Strike+1","Aggregate+1","White Noise"],"relics":["Cracked Core","Incense Burner","Anchor","Nunchaku","Golden Idol","Calling Bell","Blood Vial","Eternal Feather","Unceasing Top","Membership Card","Ancient Tea Set","DataDisk","Gremlin Horn","Centennial Puzzle","Cursed Key","Torii","Lantern","Bag of Marbles","Mango","PreservedInsect","FossilizedHelix","StoneCalendar"],"acts_visited":["Exordium","TheCity","TheBeyond","TheEnding"],"potions_floor_usage":[8,8,31,33,33,50,55,55,55],"damage_taken":[{"damage":0,"enemies":"Cultist","floor":1,"turns":3},{"damage":5,"enemies":"Small Slimes","floor":2,"turns":3},{"damage":1,"enemies":"2 Louse","floor":3,"turns":2},{"damage":1,"enemies":"2 Fungi Beasts","floor":5,"turns":2},{"damage":3,"enemies":"Exordium Thugs","floor":7,"turns":5},{"damage":4,"enemies":"3 Sentries","floor":8,"turns":5},{"damage":18,"enemies":"3 Sentries","floor":11,"turns":4},{"damage":15,"enemies":"Slime Boss","floor":16,"turns":8},{"damage":0,"enemies":"Spheric Guardian","floor":18,"turns":5},{"damage":0,"enemies":"Chosen","floor":19,"turns":5},{"damage":2,"enemies":"Snake Plant","floor":22,"turns":5},{"damage":4,"enemies":"Slavers","floor":27,"turns":3},{"damage":0,"enemies":"Sentry and Sphere","floor":28,"turns":4},{"damage":0,"enemies":"Cultist and Chosen","floor":31,"turns":5},{"damage":0,"enemies":"Collector","floor":33,"turns":11},{"damage":0,"enemies":"3 Darklings","floor":35,"turns":3},{"damage":0,"enemies":"Orb Walker","floor":36,"turns":3},{"damage":3,"enemies":"2 Orb Walkers","floor":37,"turns":4},{"damage":0,"enemies":"3 Darklings","floor":38,"turns":2},{"damage":0,"enemies":"Reptomancer","floor":41,"turns":4},{"damage":0,"enemies":"Spire Growth","floor":44,"turns":4},{"damage":0,"enemies":"Jaw Worm Horde","floor":46,"turns":3},{"damage":9,"enemies":"Awakened One","floor":50,"turns":21},{"damage":20,"enemies":"Shield and Spear","floor":54,"turns":10},{"damage":75,"enemies":"The Heart","floor":55,"turns":11}],"seed_played":"-4151818181372780378","potions_obtained":[{"floor":1,"key":"Fire Potion"},{"floor":3,"key":"SneckoOil"},{"floor":11,"key":"GamblersBrew"},{"floor":18,"key":"SpeedPotion"},{"floor":31,"key":"EntropicBrew"},{"floor":35,"key":"Ancient Potion"},{"floor":46,"key":"Energy Potion"}],"is_trial":false,"path_per_floor":["M","M","M","?","M","R","M","E","T","R","?","R","?","?","R","B",null,"M","M","$","?","M","R","?","R","T","E","M","R","T","M","R","B",null,"M","M","?","M","$","R","E","R","T","M","?","M","?","$","R","B",null,"R","$","E","B"],"character_chosen":"DEFECT","items_purchased":["Membership Card","Glacier","Lantern","Bag of Marbles","PreservedInsect","FossilizedHelix","FocusPotion","White Noise"],"campfire_rested":0,"item_purchase_floors":[20,20,39,39,48,53,53,53],"current_hp_per_floor":[54,49,48,48,47,47,44,40,40,40,22,22,27,27,27,12,74,74,74,74,84,82,84,84,84,84,80,82,84,84,84,84,84,84,84,84,81,83,83,84,98,98,98,98,98,98,93,90,90,81,90,90,90,70,0,0],"gold":85,"neow_bonus":"REMOVE_TWO","is_daily":false,"chose_seed":false,"campfire_upgraded":11,"win_rate":0.0,"timestamp":1614261423,"path_taken":["M","M","M","?","M","R","M","E","T","R","?","R","?","?","R","BOSS","M","M","$","?","?","R","?","R","T","E","M","R","?","M","R","BOSS","M","M","?","M","$","R","E","R","T","M","?","?","?","$","R","BOSS","R","$","E","BOSS"],"items_purchased_type":["Relic","Card","Relic","Relic","Relic","Relic","Potion","Card"],"build_version":"2020-12-22","purchased_purges":4,"victory":false,"max_hp_per_floor":[75,75,75,75,75,75,75,75,75,75,75,75,80,74,74,74,74,74,74,74,84,84,84,84,84,84,84,84,84,84,84,84,84,84,84,84,84,84,84,84,98,98,98,98,98,98,93,90,90,90,90,90,90,90,90,90],"relic_stats":{"Gremlin Horn":[20,20],"Torii":20,"counters":[25,135],"Golden Idol":151,"Eternal Feather":5,"StoneCalendar":[52],"PreservedInsect":68,"Cursed Key":1,"Blood Vial":6,"Nunchaku":[21],"Centennial Puzzle":[12],"obtain_stats":[{"Lantern":39,"Gremlin Horn":27,"Torii":37,"Golden Idol":14,"Eternal Feather":17,"Mango":41,"StoneCalendar":54,"PreservedInsect":48,"Incense Burner":8,"Ancient Tea Set":24,"Cursed Key":34,"Calling Bell":17,"Blood Vial":17,"Anchor":9,"Nunchaku":11,"DataDisk":26,"Centennial Puzzle":30,"Bag of Marbles":39,"Membership Card":20,"Cracked Core":0,"Unceasing Top":17,"FossilizedHelix":53},{"Lantern":19,"Gremlin Horn":12,"Torii":18,"Golden Idol":7,"Eternal Feather":8,"Mango":20,"StoneCalendar":24,"PreservedInsect":22,"Incense Burner":6,"Ancient Tea Set":11,"Cursed Key":15,"Calling Bell":8,"Blood Vial":8,"Anchor":6,"Nunchaku":7,"DataDisk":11,"Centennial Puzzle":13,"Bag of Marbles":19,"Membership Card":10,"Cracked Core":0,"Unceasing Top":8,"FossilizedHelix":23},{"Lantern":82,"Gremlin Horn":50,"Torii":80,"Golden Idol":24,"Eternal Feather":32,"Mango":86,"StoneCalendar":124,"PreservedInsect":93,"Incense Burner":20,"Ancient Tea Set":47,"Cursed Key":70,"Calling Bell":32,"Blood Vial":32,"Anchor":20,"Nunchaku":24,"DataDisk":47,"Centennial Puzzle":54,"Bag of Marbles":82,"Membership Card":42,"Cracked Core":0,"Unceasing Top":32,"FossilizedHelix":114}],"Unceasing Top":[4]},"card_choices":[{"not_picked":["Self Repair","Leap"],"picked":"Cold Snap","floor":1},{"not_picked":["Beam Cell","Turbo"],"picked":"Skim","floor":2},{"not_picked":["Conserve Battery","Reinforced Body"],"picked":"Electrodynamics","floor":3},{"not_picked":["Hello World","Capacitor"],"picked":"Cold Snap","floor":5},{"not_picked":["Rebound","Streamline"],"picked":"Gash","floor":7},{"not_picked":["Go for the Eyes","White Noise"],"picked":"Turbo","floor":8},{"not_picked":["Heatsinks","Sweeping Beam"],"picked":"Undo","floor":11},{"not_picked":["Fission","Amplify"],"picked":"Buffer","floor":16},{"not_picked":["Leap","Rip and Tear+1"],"picked":"Blizzard+1","floor":18},{"not_picked":["Gash","Go for the Eyes"],"picked":"Seek","floor":19},{"not_picked":["Scrape","Ball Lightning"],"picked":"Go for the Eyes","floor":22},{"not_picked":["Self Repair+1","Steam Power"],"picked":"Coolheaded","floor":27},{"not_picked":["Chaos","Steam","Tempest"],"picked":"SKIP","floor":28},{"not_picked":["Coolheaded","Go for the Eyes"],"picked":"Chill","floor":31},{"not_picked":["Rainbow","Electrodynamics"],"picked":"Meteor Strike","floor":33},{"not_picked":["Barrage","Steam","Chill+1"],"picked":"SKIP","floor":35},{"not_picked":["Turbo+1","Hello World+1","Hologram"],"picked":"SKIP","floor":36},{"not_picked":["Heatsinks","Genetic Algorithm+1","Beam Cell+1"],"picked":"SKIP","floor":38},{"not_picked":["All For One","Blizzard+1","Leap+1"],"picked":"SKIP","floor":41},{"not_picked":["Loop+1","Rebound+1"],"picked":"Aggregate+1","floor":44},{"not_picked":["Stack+1","Conserve Battery+1","Sunder+1"],"picked":"SKIP","floor":46},{"not_picked":["Loop","Steam+1","Compile Driver"],"picked":"SKIP","floor":54}],"player_experience":1506964,"relics_obtained":[{"floor":8,"key":"Incense Burner"},{"floor":9,"key":"Anchor"},{"floor":11,"key":"Nunchaku"},{"floor":17,"key":"Blood Vial"},{"floor":17,"key":"Eternal Feather"},{"floor":17,"key":"Unceasing Top"},{"floor":26,"key":"DataDisk"},{"floor":27,"key":"Gremlin Horn"},{"floor":30,"key":"Centennial Puzzle"},{"floor":37,"key":"Torii"},{"floor":41,"key":"Mango"},{"floor":54,"key":"StoneCalendar"}],"event_choices":[{"cards_removed":["Defend_B"],"damage_healed":0,"gold_gain":0,"player_choice":"Card Removal","damage_taken":0,"max_hp_gain":0,"max_hp_loss":0,"event_name":"The Cleric","floor":4,"gold_loss":50},{"damage_healed":0,"gold_gain":0,"player_choice":"Searched \u00271\u0027 times","damage_taken":0,"max_hp_gain":0,"max_hp_loss":0,"event_name":"Dead Adventurer","floor":11,"gold_loss":0},{"damage_healed":0,"gold_gain":0,"player_choice":"Donut","damage_taken":0,"max_hp_gain":5,"max_hp_loss":0,"event_name":"Big Fish","floor":13,"gold_loss":0},{"damage_healed":0,"gold_gain":0,"player_choice":"Lose Max HP","damage_taken":0,"relics_obtained":["Golden Idol"],"max_hp_gain":0,"max_hp_loss":6,"event_name":"Golden Idol","floor":14,"gold_loss":0},{"cards_removed":["Buffer"],"damage_healed":0,"gold_gain":0,"player_choice":"Offered Rare","damage_taken":0,"max_hp_gain":10,"max_hp_loss":0,"event_name":"Bonfire Elementals","floor":21,"gold_loss":0},{"damage_healed":0,"gold_gain":0,"player_choice":"Opened","damage_taken":0,"relics_obtained":["Ancient Tea Set"],"max_hp_gain":0,"max_hp_loss":0,"event_name":"The Mausoleum","floor":24,"gold_loss":0},{"damage_healed":0,"gold_gain":0,"player_choice":"Fight","damage_taken":0,"max_hp_gain":0,"max_hp_loss":0,"event_name":"Mysterious Sphere","floor":37,"gold_loss":0},{"damage_healed":0,"gold_gain":0,"player_choice":"Ignored","damage_taken":0,"max_hp_gain":0,"max_hp_loss":0,"event_name":"Duplicator","floor":45,"gold_loss":0},{"damage_healed":0,"gold_gain":0,"player_choice":"Max HP","damage_taken":0,"max_hp_gain":0,"max_hp_loss":5,"event_name":"Winding Halls","floor":47,"gold_loss":0}],"is_beta":false,"boss_relics":[{"not_picked":["Velvet Choker","Sozu"],"picked":"Calling Bell"},{"not_picked":["SacredBark","Fusion Hammer"],"picked":"Cursed Key"}],"items_purged_floors":[20,39,48,53],"is_endless":false,"potions_floor_spawned":[1,3,11,18,31,35,44,46],"killed_by":"The Heart","ascension_level":0}}