{"host":"ki8bdgqnhyu1xulu","time":1614286861,"event":{"mods":["AchievementEnabler","BaseMod","Hermit","Minty Spire (QoL Compilation)","StSLib","The Bug Knight","The Cursed","Together in Spire"],"gold_per_floor":[116,65,82,82,142,142,176,176,176,176,232,232,260,273,273,374,374,384,404,404,423,440,471,42,42,116,132,132,148,148,176,176,274,324,342,342,41,52,66,91,91,104,104,104,20,0,10,36,36,36],"floor_reached":51,"language":"ENG","playtime":4734,"items_purged":[],"score":778,"play_id":"86d26efb-2f4b-4426-9f2f-1c8c287a6166","local_time":"20210225160101","is_ascension_mode":false,"campfire_choices":[{"data":"TheCursedMod:SpitefulStrike","floor":6,"key":"SMITH"},{"floor":8,"key":"REST"},{"floor":12,"key":"REST"},{"floor":15,"key":"REST"},{"floor":30,"key":"REST"},{"floor":32,"key":"REST"},{"floor":41,"key":"REST"},{"floor":44,"key":"REST"},{"floor":49,"key":"REST"}],"circlet_count":0,"master_deck":["TheCursedMod:Strike_TheCursed","TheCursedMod:Strike_TheCursed","TheCursedMod:Strike_TheCursed","TheCursedMod:Strike_TheCursed","TheCursedMod:Defend_TheCursed","TheCursedMod:Defend_TheCursed","TheCursedMod:Defend_TheCursed","TheCursedMod:Defend_TheCursed+1","TheCursedMod:CursedWand","TheCursedMod:CleanUpWorkshop+1","TheCursedMod:Dregs","TheCursedMod:CursedShiv","TheCursedMod:SpitefulStrike+1","TheCursedMod:CursedBlade","TheCursedMod:HellfireBreathing","TheCursedMod:CircleOfCorruption","TheCursedMod:CursedBlade","TheCursedMod:SurpriseAttack","TheCursedMod:CursedMace","TheCursedMod:CursedBlade","TheCursedMod:VitalStrike","TheCursedMod:StunningStrike","TheCursedMod:SpitefulPray+1","TheCursedMod:AbyssShockwave","TheCursedMod:CursedSpellbook","TheCursedMod:RavingStaff","TheCursedMod:Wield","TheCursedMod:Hemoplague","TheCursedMod:SurpriseAttack+1","TheCursedMod:Stretching+1","TheCursedMod:CursedAmulet","TheCursedMod:Mangle","TheCursedMod:VoidForm","TheCursedMod:CursedMace","TheCursedMod:VoidForm","TheCursedMod:CircleOfCorruption","TheCursedMod:Hemoplague","TheCursedMod:Torture","TheCursedMod:CursedShiv","TheCursedMod:SaltUponWound+1","TheCursedMod:SaltUponWound+1","TheCursedMod:Wield","TheCursedMod:BlessingInDisguise+1","TheCursedMod:CursedAmulet+1","TheCursedMod:CircleOfFlame","TheCursedMod:WearCloak","TheCursedMod:TroublousMinions+1","TheCursedMod:ParallelWorld","TheCursedMod:RapidMovement+1"],"relics":["TheCursedMod:BlackMagic101","Dream Catcher","Gambling Chip","Bag of Preparation","Mercury Hourglass","Busted Crown","Ancient Tea Set","HandDrill","HollowMod:PaleOreRelic","Enchiridion","Sundial","Bronze Scales","Pen Nib","Tiny House","Membership Card","Gremlin Horn","Ice Cream","StoneCalendar","Oddly Smooth Stone","Red Mask","Lizard Tail"],"acts_visited":["Exordium","TheCity","TheBeyond"],"potions_floor_usage":[7,13,16,23,23,35,40,40,47,47,48,50],"damage_taken":[{"damage":0,"enemies":"2 Louse","floor":1,"turns":3},{"damage":2,"enemies":"Small Slimes","floor":3,"turns":3},{"damage":0,"enemies":"Gremlin Nob","floor":7,"turns":3},{"damage":20,"enemies":"3 Sentries","floor":11,"turns":6},{"damage":6,"enemies":"HollowMod:MossKnight","floor":13,"turns":7},{"damage":1,"enemies":"Jaw Worm","floor":14,"turns":2},{"damage":44,"enemies":"Hexaghost","floor":16,"turns":9},{"damage":0,"enemies":"2 Thieves","floor":18,"turns":2},{"damage":5,"enemies":"Chosen","floor":19,"turns":3},{"damage":15,"enemies":"Centurion and Healer","floor":21,"turns":3},{"damage":0,"enemies":"Chosen and Byrds","floor":22,"turns":3},{"damage":15,"enemies":"HollowMod:Nosk","floor":23,"turns":6},{"damage":16,"enemies":"Snake Plant","floor":27,"turns":2},{"damage":0,"enemies":"Centurion and Healer","floor":29,"turns":2},{"damage":0,"enemies":"Gremlin Leader","floor":31,"turns":4},{"damage":29,"enemies":"Collector","floor":33,"turns":6},{"damage":17,"enemies":"3 Shapes","floor":35,"turns":3},{"damage":8,"enemies":"3 Darklings","floor":38,"turns":2},{"damage":0,"enemies":"Jaw Worm Horde","floor":39,"turns":2},{"damage":36,"enemies":"Nemesis","floor":40,"turns":5},{"damage":0,"enemies":"Sphere and 2 Shapes","floor":42,"turns":1},{"damage":0,"enemies":"Transient","floor":47,"turns":5},{"damage":44,"enemies":"Giant Head","floor":48,"turns":7},{"damage":88,"enemies":"Donu and Deca","floor":50,"turns":7}],"seed_played":"6856901849830718619","potions_obtained":[{"floor":1,"key":"CultistPotion"},{"floor":3,"key":"Regen Potion"},{"floor":11,"key":"LiquidBronze"},{"floor":16,"key":"Dexterity Potion"},{"floor":18,"key":"Regen Potion"},{"floor":23,"key":"SkillPotion"},{"floor":27,"key":"Ancient Potion"},{"floor":29,"key":"SmokeBomb"},{"floor":34,"key":"Weak Potion"},{"floor":39,"key":"Weak Potion"},{"floor":40,"key":"GamblersBrew"},{"floor":42,"key":"GamblersBrew"},{"floor":47,"key":"Dexterity Potion"},{"floor":48,"key":"AttackPotion"}],"is_trial":false,"path_per_floor":["M","$","M","?","?","R","E","R","T","?","?","R","E","M","R","B",null,"M","M","?","M","M","E","$","?","T","M","?","M","R","E","R","B",null,"M","?","$","M","M","E","R","M","T","R","$","?","M","E","R","B",null],"character_chosen":"THE_CURSED","items_purchased":["TheCursedMod:SpitefulStrike","TheCursedMod:Hemoplague","HandDrill","TheCursedMod:SurpriseAttack","HollowMod:PaleOreRelic","Membership Card","Gremlin Horn","TheCursedMod:Torture","TheCursedMod:CursedShiv","Oddly Smooth Stone","TheCursedMod:WearCloak"],"campfire_rested":8,"item_purchase_floors":[2,24,24,24,24,37,37,37,37,45,45],"current_hp_per_floor":[82,82,80,80,80,80,80,82,82,82,62,82,76,75,82,48,82,82,77,77,62,62,61,61,45,45,29,29,29,53,53,77,48,87,70,70,70,62,62,26,52,52,52,78,78,78,78,34,60,20],"gold":36,"neow_bonus":"TEN_PERCENT_HP_BONUS","is_daily":false,"chose_seed":false,"campfire_upgraded":1,"win_rate":0.0,"timestamp":1614286861,"path_taken":["M","$","M","?","?","R","E","R","T","?","?","R","E","M","R","BOSS","M","M","?","M","M","E","$","?","T","M","?","?","R","E","R","BOSS","M","?","$","M","M","E","R","?","T","R","$","?","M","E","R","BOSS"],"items_purchased_type":["Card","Card","Relic","Card","Relic","Relic","Relic","Card","Card","Relic","Card"],"build_version":"2020-12-22","purchased_purges":0,"victory":true,"max_hp_per_floor":[82,82,82,82,82,82,82,82,82,82,82,82,82,82,82,82,82,82,82,82,82,82,82,82,82,82,82,82,82,82,82,82,82,87,87,87,87,87,87,87,87,87,87,87,87,87,87,87,87,87],"card_choices":[{"not_picked":["TheCursedMod:Hemoplague","TheCursedMod:BloodBarrier"],"picked":"TheCursedMod:CursedShiv","floor":1},{"not_picked":["TheCursedMod:TacticalStrike","TheCursedMod:SpitefulStrike"],"picked":"TheCursedMod:CursedBlade","floor":3},{"not_picked":["TheCursedMod:ForbiddenAlchemy","TheCursedMod:EmpowerCircles"],"picked":"TheCursedMod:HellfireBreathing","floor":7},{"not_picked":["TheCursedMod:Stigma","TheCursedMod:Wield"],"picked":"TheCursedMod:CircleOfCorruption","floor":8},{"not_picked":["TheCursedMod:Evocation","TheCursedMod:CircleOfFocus"],"picked":"TheCursedMod:CursedBlade","floor":11},{"not_picked":["TheCursedMod:BlessingInDisguise","TheCursedMod:StingEye"],"picked":"TheCursedMod:SurpriseAttack","floor":12},{"not_picked":["TheCursedMod:SpitefulStrike","TheCursedMod:ForbiddenAlchemy"],"picked":"TheCursedMod:CursedMace","floor":13},{"not_picked":["TheCursedMod:FleshFromBone","TheCursedMod:RapidMovement"],"picked":"TheCursedMod:CursedBlade","floor":14},{"not_picked":["TheCursedMod:CursedMace","TheCursedMod:BloodBarrier"],"picked":"TheCursedMod:VitalStrike","floor":15},{"not_picked":["TheCursedMod:CircleOfAbyss","TheCursedMod:UltimatePain"],"picked":"TheCursedMod:StunningStrike","floor":16},{"not_picked":[],"picked":"TheCursedMod:SpitefulPray+1","floor":18},{"not_picked":[],"picked":"TheCursedMod:AbyssShockwave","floor":19},{"not_picked":[],"picked":"TheCursedMod:CursedSpellbook","floor":21},{"not_picked":[],"picked":"TheCursedMod:RavingStaff","floor":22},{"not_picked":[],"picked":"TheCursedMod:Wield","floor":23},{"not_picked":[],"picked":"TheCursedMod:Stretching+1","floor":27},{"not_picked":[],"picked":"TheCursedMod:CursedAmulet","floor":29},{"not_picked":[],"picked":"TheCursedMod:Mangle","floor":30},{"not_picked":[],"picked":"TheCursedMod:VoidForm","floor":31},{"not_picked":[],"picked":"TheCursedMod:CursedMace","floor":32},{"not_picked":[],"picked":"TheCursedMod:VoidForm","floor":33},{"not_picked":[],"picked":"TheCursedMod:CircleOfCorruption","floor":34},{"not_picked":[],"picked":"TheCursedMod:Hemoplague","floor":35},{"not_picked":[],"picked":"TheCursedMod:SaltUponWound+1","floor":38},{"not_picked":[],"picked":"TheCursedMod:SaltUponWound+1","floor":39},{"not_picked":[],"picked":"TheCursedMod:Wield","floor":40},{"not_picked":[],"picked":"TheCursedMod:BlessingInDisguise+1","floor":41},{"not_picked":[],"picked":"TheCursedMod:CursedAmulet+1","floor":42},{"not_picked":[],"picked":"TheCursedMod:CircleOfFlame","floor":44},{"not_picked":[],"picked":"TheCursedMod:TroublousMinions+1","floor":47},{"not_picked":[],"picked":"TheCursedMod:ParallelWorld","floor":48},{"not_picked":[],"picked":"TheCursedMod:RapidMovement+1","floor":49}],"player_experience":54240,"relics_obtained":[{"floor":7,"key":"Dream Catcher"},{"floor":9,"key":"Gambling Chip"},{"floor":11,"key":"Bag of Preparation"},{"floor":13,"key":"Mercury Hourglass"},{"floor":23,"key":"Ancient Tea Set"},{"floor":25,"key":"Enchiridion"},{"floor":26,"key":"Sundial"},{"floor":31,"key":"Pen Nib"},{"floor":40,"key":"Ice Cream"},{"floor":43,"key":"StoneCalendar"},{"floor":48,"key":"Lizard Tail"}],"event_choices":[{"damage_healed":0,"gold_gain":0,"player_choice":"Grow","damage_taken":0,"max_hp_gain":0,"max_hp_loss":0,"event_name":"Living Wall","floor":4,"gold_loss":0,"cards_upgraded":["TheCursedMod:CleanUpWorkshop"]},{"damage_healed":0,"gold_gain":60,"player_choice":"Gained Gold","damage_taken":0,"max_hp_gain":0,"max_hp_loss":0,"event_name":"Golden Wing","floor":5,"gold_loss":0},{"damage_healed":0,"gold_gain":0,"player_choice":"Ignored","damage_taken":0,"max_hp_gain":0,"max_hp_loss":0,"event_name":"Liars Game","floor":10,"gold_loss":0},{"damage_healed":0,"gold_gain":0,"player_choice":"Searched \u00272\u0027 times","damage_taken":0,"max_hp_gain":0,"max_hp_loss":0,"event_name":"Dead Adventurer","floor":11,"gold_loss":0},{"damage_healed":0,"gold_gain":0,"player_choice":"Ignored","damage_taken":0,"max_hp_gain":0,"max_hp_loss":0,"event_name":"Ghosts","floor":20,"gold_loss":0},{"damage_healed":0,"gold_gain":0,"player_choice":"Obtained Book","damage_taken":16,"max_hp_gain":0,"max_hp_loss":0,"event_name":"Cursed Tome","floor":25,"gold_loss":0},{"damage_healed":0,"gold_gain":0,"player_choice":"Gave Potion","damage_taken":0,"relics_obtained":["Bronze Scales"],"max_hp_gain":0,"max_hp_loss":0,"event_name":"WeMeetAgain","floor":28,"gold_loss":0},{"damage_healed":0,"gold_gain":0,"player_choice":"Upgraded","damage_taken":0,"max_hp_gain":0,"max_hp_loss":0,"event_name":"Upgrade Shrine","floor":36,"gold_loss":0,"cards_upgraded":["TheCursedMod:SurpriseAttack"]},{"damage_healed":0,"gold_gain":0,"player_choice":"Paid","damage_taken":0,"relics_obtained":["Red Mask"],"max_hp_gain":0,"max_hp_loss":0,"event_name":"Tomb of Lord Red Mask","floor":46,"gold_loss":20}],"is_beta":false,"boss_relics":[{"not_picked":["Philosopher\u0027s Stone","SacredBark"],"picked":"Busted Crown"},{"not_picked":["Cursed Key","Empty Cage"],"picked":"Tiny House"}],"items_purged_floors":[],"is_endless":false,"potions_floor_spawned":[1,3,11,16,18,23,27,29,39,40,42,47,48],"ascension_level":0}}