{"host":"b9sas8jv6tsy9swm","time":1614254940,"event":{"mods":["AchievementEnabler","BaseMod","Minty Spire (QoL Compilation)","Permanent Neow","Quick Restart","StSLib"],"gold_per_floor":[115,115,115,115,191,217,217,253,253,264,264,287,321,27,27,134,134,152,163,206,206,206],"floor_reached":21,"language":"ZHS","playtime":575,"items_purged":["Defend_P"],"score":270,"play_id":"ccc01f11-d3c1-47f6-a2ce-ad9948e6bfad","local_time":"20210225200900","is_ascension_mode":true,"campfire_choices":[{"data":"Eruption","floor":7.0,"key":"SMITH"},{"data":"Vault","floor":11.0,"key":"SMITH"},{"data":"Adaptation","floor":15.0,"key":"SMITH"}],"circlet_count":0,"master_deck":["Strike_P","Strike_P","Strike_P","Strike_P","Defend_P","Defend_P","Defend_P","Eruption+1","Vigilance","BowlingBash","FlurryOfBlows","Vault+1","TalkToTheHand","Tantrum","Adaptation+1","Burst","Crescendo"],"relics":["PureWater","NeowsBlessing","Pantograph","Meat on the Bone","CeramicFish","Matryoshka","WingedGreaves","PrismaticShard","VioletLotus","Red Mask"],"acts_visited":["Exordium","TheCity"],"potions_floor_usage":[],"damage_taken":[{"damage":0.0,"enemies":"2 Louse","floor":1.0,"turns":1.0},{"damage":0.0,"enemies":"3 Sentries","floor":6.0,"turns":1.0},{"damage":0.0,"enemies":"Lagavulin","floor":8.0,"turns":1.0},{"damage":7.0,"enemies":"Jaw Worm","floor":10.0,"turns":3.0},{"damage":0.0,"enemies":"Small Slimes","floor":12.0,"turns":2.0},{"damage":9.0,"enemies":"Gremlin Nob","floor":13.0,"turns":5.0},{"damage":39.0,"enemies":"The Guardian","floor":16.0,"turns":8.0},{"damage":7,"enemies":"Shell Parasite","floor":18,"turns":4},{"damage":0,"enemies":"3 Byrds","floor":19,"turns":4},{"damage":17,"enemies":"Masked Bandits","floor":20,"turns":4},{"damage":11,"enemies":"Sentry and Sphere","floor":21,"turns":4}],"seed_played":"3916606896196343088","potions_obtained":[{"floor":8.0,"key":"BottledMiracle"},{"floor":10.0,"key":"LiquidBronze"},{"floor":12.0,"key":"StancePotion"},{"floor":18,"key":"Ancient Potion"}],"is_trial":false,"path_per_floor":["M","?","?","?","T","E","R","E","T","M","R","M","E","$","R","B",null,"M","M","?","M"],"character_chosen":"WATCHER","items_purchased":["Adaptation","PrismaticShard"],"campfire_rested":0,"item_purchase_floors":[14,14],"current_hp_per_floor":[72,72,72,77,77,77,77,77,77,70,70,70,61,61,61,50,77,70,70,53,42,42],"gold":206,"neow_bonus":"THREE_ENEMY_KILL","is_daily":false,"chose_seed":false,"campfire_upgraded":3,"win_rate":0.0,"timestamp":1614254940,"path_taken":["M","?","?","?","?","E","R","E","T","M","R","?","E","$","R","BOSS","M","M","?","M"],"items_purchased_type":["Card","Relic"],"build_version":"2020-12-22","purchased_purges":1,"victory":false,"max_hp_per_floor":[72,72,72,77,77,77,77,77,77,77,77,77,77,77,77,77,77,77,77,77,77,77],"card_choices":[{"not_picked":["BattleHymn","FearNoEvil"],"picked":"BowlingBash","floor":1.0},{"not_picked":["ConjureBlade","Swivel"],"picked":"FlurryOfBlows","floor":6.0},{"not_picked":["Nirvana","Prostrate"],"picked":"Vault","floor":8.0},{"not_picked":["Evaluate","Sanctity","SashWhip"],"picked":"SKIP","floor":10.0},{"not_picked":["SandsOfTime","JustLucky"],"picked":"TalkToTheHand","floor":12.0},{"not_picked":["Brilliance","CutThroughFate"],"picked":"Tantrum","floor":13.0},{"not_picked":["Unload","Malaise"],"picked":"Burst","floor":16.0},{"not_picked":["Cold Snap","Flash of Steel","Perfected Strike"],"picked":"SKIP","floor":18},{"not_picked":["All Out Attack","FollowUp+1","Infernal Blade"],"picked":"SKIP","floor":19},{"not_picked":["Jack Of All Trades","Scrape+1"],"picked":"Crescendo","floor":20}],"player_experience":406345,"relics_obtained":[{"floor":5.0,"key":"Pantograph"},{"floor":6.0,"key":"Meat on the Bone"},{"floor":8.0,"key":"CeramicFish"},{"floor":9.0,"key":"Matryoshka"},{"floor":13.0,"key":"WingedGreaves"},{"floor":20,"key":"Red Mask"}],"event_choices":[{"damage_healed":0.0,"max_hp_gain":0.0,"max_hp_loss":0.0,"gold_gain":0.0,"event_name":"Shining Light","player_choice":"Ignored","floor":2.0,"gold_loss":0.0,"damage_taken":0.0},{"damage_healed":0.0,"max_hp_gain":0.0,"max_hp_loss":0.0,"gold_gain":0.0,"event_name":"Liars Game","player_choice":"Ignored","floor":3.0,"gold_loss":0.0,"damage_taken":0.0},{"damage_healed":0.0,"max_hp_gain":5.0,"max_hp_loss":0.0,"gold_gain":0.0,"event_name":"Big Fish","player_choice":"Donut","floor":4.0,"gold_loss":0.0,"damage_taken":0.0},{"damage_healed":0,"gold_gain":0,"player_choice":"Fought Bandits","damage_taken":0,"max_hp_gain":0,"max_hp_loss":0,"event_name":"Masked Bandits","floor":20,"gold_loss":0}],"is_beta":false,"boss_relics":[{"not_picked":["Sozu","Tiny House"],"picked":"VioletLotus"}],"items_purged_floors":[14],"is_endless":false,"potions_floor_spawned":[8,10,12,18,20],"killed_by":"Sentry and Sphere","ascension_level":2}}