{"host":"6q9h3h73mwjrc2ra","time":1614262733,"event":{"mods":["AchievementEnabler","Act Like it!","BaseMod","BetterRewards","Colored Map","Colored Powertips","DeckTracker","Keyboard Shortcuts","Library of Ruina","Library of Ruina Extra","Minty Spire (QoL Compilation)","Permanent Neow","Replay The Spire","Ruina","Shop Mod","StSLib","SuperFastMode"],"gold_per_floor":[118,130,141,21,38,38,70,35,61,87,167,178,178,192,192,288,288,306,53,67,67,17,44,63,63,87,103,130,145,5,21,21,126,126,126,46,72,72],"floor_reached":40,"language":"KOR","playtime":1969,"items_purged":["LightAttack","Clumsy"],"score":857,"play_id":"39964f71-3e9c-474f-a2d6-ecaf8350a666","local_time":"20210225231853","is_ascension_mode":true,"campfire_choices":[{"data":"ConcentratedFire","floor":6.0,"key":"SMITH"},{"data":"Reload","floor":13.0,"key":"SMITH"},{"data":"FrontalAssault","floor":15.0,"key":"SMITH"},{"data":"SuanNi","floor":25.0,"key":"SMITH"},{"data":"GrazeTheGrass","floor":32.0,"key":"SMITH"},{"data":"MirageStorm","floor":36.0,"key":"SMITH"}],"circlet_count":0,"master_deck":["Dodge","LightDefense","LightAttack","LightDefense","LightDefense","LightDefense","ChargeAndCover+1","FocusedStrikes","ConcentratedFire+1","FrontalAssault+1","EnergyShield","SilentMist","BiAn","Reload+1","ReadyUp","VioletBlade","FlyingSword","SuanNi+1","QuickSuppression","ruina:Smile","SunsetBlade+1","FrontalAssault","CoordinatedAssault+1","GrazeTheGrass+1","GrazeTheGrass+1","Unlock1","MirageStorm+1","FervidEmotions"],"relics":["PageOfLibrarian","Gremlin Food","Nunchaku","Busted Crown","ruina:Prescript","ruina:FalsePresent","Centennial Puzzle","PageOfPorccubus","Replay:Kaleidoscope","SacredBark","Smiling Mask"],"acts_visited":["Exordium","ruina:Briah","TheBeyond","TheEnding"],"potions_floor_usage":[39,39,39],"damage_taken":[{"damage":0.0,"enemies":"2 Louse","floor":1.0,"turns":3.0},{"damage":6.0,"enemies":"Small Slimes","floor":2.0,"turns":4.0},{"damage":0.0,"enemies":"Cultist","floor":3.0,"turns":2.0},{"damage":6.0,"enemies":"Lots of Slimes","floor":5.0,"turns":5.0},{"damage":4.0,"enemies":"Lagavulin","floor":7.0,"turns":5.0},{"damage":0.0,"enemies":"Gremlin Nob","floor":10.0,"turns":3.0},{"damage":0.0,"enemies":"Large Slime","floor":12.0,"turns":4.0},{"damage":0.0,"enemies":"Looter","floor":14.0,"turns":2.0},{"damage":9.0,"enemies":"Slime Boss","floor":16.0,"turns":6.0},{"damage":4.0,"enemies":"ruina:3_Bats","floor":18.0,"turns":2.0},{"damage":0.0,"enemies":"ruina:2_Scarecrows","floor":20.0,"turns":2.0},{"damage":0.0,"enemies":"ruina:RoadHome","floor":23.0,"turns":2.0},{"damage":0.0,"enemies":"ruina:KnightOfDespair","floor":24.0,"turns":4.0},{"damage":4.0,"enemies":"ruina:Nos_and_Bat","floor":27.0,"turns":2.0},{"damage":0.0,"enemies":"ruina:Mountain","floor":28.0,"turns":5.0},{"damage":5.0,"enemies":"ruina:QueenOfHate","floor":29.0,"turns":2.0},{"damage":0.0,"enemies":"ruina:Woodsman","floor":31.0,"turns":2.0},{"damage":3.0,"enemies":"ruina:Ozma","floor":33.0,"turns":5.0},{"damage":23.0,"enemies":"Shield and Spear","floor":38.0,"turns":4.0},{"damage":61,"enemies":"The Heart","floor":39,"turns":6}],"seed_played":"9207647400003231898","potions_obtained":[{"floor":1.0,"key":"DistilledChaos"},{"floor":3.0,"key":"Fire Potion"},{"floor":5.0,"key":"BlessingOfTheForge"},{"floor":14.0,"key":"Flashbang"},{"floor":24.0,"key":"DistilledChaos"},{"floor":29.0,"key":"Adrenaline Potion"},{"floor":38.0,"key":"Cursed Concoction"}],"is_trial":false,"path_per_floor":["M","M","M","$","M","R","E","?","T","E","?","M","R","M","R","B",null,"M","$","M","?","?","E","M","R","T","M","E","M","$","M","R","B",null,"R","$","E","B",null],"character_chosen":"Librarian","items_purchased":["SilentMist","BiAn","ruina:Smile","GrazeTheGrass+1","FervidEmotions"],"campfire_rested":0,"item_purchase_floors":[4,4,19,30,37],"current_hp_per_floor":[60,54,54,54,48,48,44,67,67,67,67,67,67,67,67,58,92,88,88,88,88,84,84,84,84,84,82,82,79,79,79,79,78,87,87,87,68,30],"gold":72,"neow_bonus":"UPGRADE_CARD","is_daily":false,"chose_seed":false,"campfire_upgraded":6,"win_rate":0.0,"timestamp":1614262733,"path_taken":["M","M","M","$","M","R","E","?","T","E","?","M","R","M","R","BOSS","M","$","M","?","?","E","M","R","T","?","E","M","?","M","R","BOSS","R","$","E","BOSS"],"items_purchased_type":["Card","Card","Card","Card","Card"],"build_version":"2020-12-22","purchased_purges":2,"victory":true,"max_hp_per_floor":[63,63,63,63,92,92,92,92,92,92,92,92,92,92,92,92,92,92,92,92,92,87,87,87,87,87,87,87,87,87,87,87,87,87,87,87,87,87],"card_choices":[{"not_picked":["Faith","DarkCloud","EnergyShield","NightInTheBackstreets"],"picked":"ConcentratedFire","floor":1.0},{"not_picked":["ReadyUp","FleetEdge","CoordinatedAssault","RushDown"],"picked":"FrontalAssault","floor":2.0},{"not_picked":["ClassAndRespect","Leap_lor","ToWhereThePrescriptPoints","AlloutWar"],"picked":"EnergyShield","floor":3.0},{"not_picked":["FieryWaltz","Collision","GroundSmash","Duel_lor"],"picked":"Reload","floor":5.0},{"not_picked":["ViolentFlame","BattleCommand","Parry2","DesperateStruggle"],"picked":"ReadyUp","floor":7.0},{"not_picked":["HighSpeedStabbing","BattleCommand","SnakesPrey","StrikeDown"],"picked":"VioletBlade","floor":10.0},{"not_picked":["FormingStorm","Reload","Ripple","SinglePointStab","HighKick"],"picked":"SKIP","floor":12.0},{"not_picked":["FleetEdge","ToOvercomeCrisis","EndlessBattle","FrontalAssault"],"picked":"FlyingSword","floor":14.0},{"not_picked":["EnergyBeam","UnforgettableMelody"],"picked":"SuanNi","floor":16.0},{"not_picked":["IronWall","Eliminate"],"picked":"QuickSuppression","floor":18.0},{"not_picked":["FrontalAssault","SinglePointStab"],"picked":"SunsetBlade+1","floor":20.0},{"not_picked":["MirageStorm","Overcharge"],"picked":"FrontalAssault","floor":23.0},{"not_picked":["SnakesPrey","StrikeDown","SinglePointStab+1"],"picked":"SKIP","floor":24.0},{"not_picked":["EnergyShield","PinpointShot"],"picked":"CoordinatedAssault+1","floor":27.0},{"not_picked":["FlowOfTheSword","FlashingStrike","MindWhip"],"picked":"SKIP","floor":28.0},{"not_picked":["Reload","SerpentineBarrier"],"picked":"GrazeTheGrass","floor":29.0},{"not_picked":["SharpenedBlade","CoordinatedAssault"],"picked":"Unlock1","floor":31.0},{"not_picked":[],"picked":"MirageStorm","floor":33.0},{"not_picked":["Ripple","SunsetBlade+1","Decapitation"],"picked":"SKIP","floor":38.0}],"player_experience":110462,"relics_obtained":[{"floor":7.0,"key":"Gremlin Food"},{"floor":10.0,"key":"Nunchaku"},{"floor":23.0,"key":"Centennial Puzzle"},{"floor":26.0,"key":"PageOfPorccubus"},{"floor":28.0,"key":"Replay:Kaleidoscope"},{"floor":38.0,"key":"Smiling Mask"}],"event_choices":[{"damage_healed":23.0,"max_hp_gain":0.0,"max_hp_loss":0.0,"gold_gain":0.0,"event_name":"The Cleric","player_choice":"Healed","floor":8.0,"gold_loss":35.0,"damage_taken":0.0}],"is_beta":false,"boss_relics":[{"not_picked":["Replay:Ancient Bell","Tiny House"],"picked":"Busted Crown"},{"not_picked":["Ring of Chaos","Velvet Choker"],"picked":"SacredBark"}],"items_purged_floors":[19,30],"is_endless":false,"potions_floor_spawned":[1,3,5,7,14,24,27,29,38],"ascension_level":1}}