{"host":"r4j5b3etkqj66d96","time":1614223937,"event":{"mods":["BaseMod","Colored Map","DeckTracker","Highlight Path","Minty Spire (QoL Compilation)","Quick Restart","Relic Stats","StSLib","SuperFastMode"],"gold_per_floor":[116,116,116,128,128,128,161,161,161,161,236,267,11,40,40,40,40],"floor_reached":16,"language":"JPN","playtime":364,"items_purged":[],"score":278,"play_id":"4c00306b-4d8f-49ef-b479-bb09ec707b10","local_time":"20210225123217","is_ascension_mode":true,"campfire_choices":[{"data":"Neutralize","floor":6.0,"key":"SMITH"},{"data":"Survivor","floor":8.0,"key":"SMITH"},{"data":"Underhanded Strike","floor":10.0,"key":"SMITH"},{"data":"Acrobatics","floor":15,"key":"SMITH"}],"circlet_count":0,"master_deck":["AscendersBane","Strike_G","Strike_G","Strike_G","Strike_G","Strike_G","Defend_G","Defend_G","Defend_G","Defend_G","Defend_G","Survivor+1","Neutralize+1","Bane","Acrobatics+1","Underhanded Strike+1","Flying Knee","Corpse Explosion","Bane"],"relics":["Ring of the Snake","NeowsBlessing","Mummified Hand","WingedGreaves","Eternal Feather","MealTicket","InkBottle"],"acts_visited":["Exordium"],"potions_floor_usage":[12,14,16],"damage_taken":[{"damage":0.0,"enemies":"Jaw Worm","floor":1.0,"turns":1.0},{"damage":0.0,"enemies":"2 Louse","floor":4.0,"turns":1.0},{"damage":0.0,"enemies":"Gremlin Nob","floor":7.0,"turns":1.0},{"damage":24,"enemies":"Lagavulin","floor":12,"turns":4},{"damage":8,"enemies":"Gremlin Nob","floor":14,"turns":3},{"damage":58,"enemies":"Slime Boss","floor":16,"turns":9}],"seed_played":"2274892589085581813","potions_obtained":[{"floor":1.0,"key":"PowerPotion"},{"floor":12,"key":"CunningPotion"},{"floor":14,"key":"SpeedPotion"}],"is_trial":false,"path_per_floor":["M","?","?","M","?","R","E","R","T","R","?","E","$","E","R","B"],"character_chosen":"THE_SILENT","items_purchased":["Corpse Explosion","LiquidMemories"],"campfire_rested":0,"item_purchase_floors":[13,13],"current_hp_per_floor":[59,54,54,54,59,59,59,59,59,68,57,33,48,40,49,0,0],"gold":40,"neow_bonus":"THREE_ENEMY_KILL","is_daily":false,"chose_seed":false,"campfire_upgraded":4,"win_rate":0.0,"timestamp":1614223937,"path_taken":["M","?","?","M","?","R","E","R","T","R","?","E","$","E","R","BOSS"],"items_purchased_type":["Card","Potion"],"build_version":"2020-12-22","purchased_purges":0,"victory":false,"max_hp_per_floor":[66,66,66,66,71,71,71,71,71,71,71,71,71,71,71,71,71],"relic_stats":{"counters":[6,19],"Mummified Hand":[1],"Eternal Feather":18,"MealTicket":15,"obtain_stats":[{"NeowsBlessing":0,"Mummified Hand":2,"Eternal Feather":9,"MealTicket":12,"WingedGreaves":7,"InkBottle":14,"Ring of the Snake":0},{"NeowsBlessing":0,"Mummified Hand":1,"Eternal Feather":3,"MealTicket":4,"WingedGreaves":3,"InkBottle":5,"Ring of the Snake":0},{"NeowsBlessing":0,"Mummified Hand":1,"Eternal Feather":3,"MealTicket":7,"WingedGreaves":3,"InkBottle":10,"Ring of the Snake":0}],"InkBottle":[2],"Ring of the Snake":[12]},"card_choices":[{"not_picked":["Bouncing Flask","Accuracy"],"picked":"Bane","floor":1.0},{"not_picked":["Sucker Punch","Tactician"],"picked":"Acrobatics","floor":4.0},{"not_picked":["Eviscerate","Blade Dance"],"picked":"Underhanded Strike","floor":7.0},{"not_picked":["Underhanded Strike","PiercingWail"],"picked":"Flying Knee","floor":12},{"not_picked":["Expertise","Blade Dance"],"picked":"Bane","floor":14}],"player_experience":1308390,"relics_obtained":[{"floor":7.0,"key":"WingedGreaves"},{"floor":9.0,"key":"Eternal Feather"},{"floor":12,"key":"MealTicket"},{"floor":14,"key":"InkBottle"}],"event_choices":[{"damage_healed":0.0,"max_hp_gain":0.0,"max_hp_loss":0.0,"gold_gain":0.0,"event_name":"Scrap Ooze","player_choice":"Success","floor":2.0,"gold_loss":0.0,"damage_taken":5.0,"relics_obtained":["Mummified Hand"]},{"damage_healed":0.0,"max_hp_gain":0.0,"max_hp_loss":0.0,"gold_gain":0.0,"event_name":"Shining Light","player_choice":"Ignored","floor":3.0,"gold_loss":0.0,"damage_taken":0.0},{"damage_healed":0.0,"max_hp_gain":5.0,"max_hp_loss":0.0,"gold_gain":0.0,"event_name":"Big Fish","player_choice":"Donut","floor":5.0,"gold_loss":0.0,"damage_taken":0.0},{"damage_healed":0.0,"max_hp_gain":0.0,"max_hp_loss":0.0,"gold_gain":75.0,"event_name":"World of Goop","player_choice":"Gather Gold","floor":11.0,"gold_loss":0.0,"damage_taken":11.0}],"is_beta":false,"boss_relics":[],"items_purged_floors":[],"is_endless":false,"potions_floor_spawned":[1,12,14],"killed_by":"Slime Boss","ascension_level":20}}