{"host":"ox77rn1xcurm2t5a","time":1614263073,"event":{"mods":["2.2 Compatiblity","AchievementEnabler","Act Like it!","Aspiration","BaseMod","Best Route Mod","Better Match","Better Note","Better Sensory Stone","Block Reminder","Colored Map","Colored Powertips","Conjunction","Conspire","Custom Start","Energized Spire","GifTheSpireLib","Gold Saver","Gremlin Skip","Halation","Highlight Path","Hubris","Infinite Spire","Minty Spire (QoL Compilation)","Pale of the Ancients","Quick Restart","Reliquary","Replay The Spire","Reworked Bosses","ShortenTheSpire","Spire Exporter","StSLib","Stuff the Spire","Wandering Minibosses"],"gold_per_floor":[389,8400,8400,7707,7723,7749,7373,7386,7458,7488,7498,7498,7512,7552,7552,7651,7651,7669,7684,7240,7240,7252,7278,6578,6606,6630,6630,5707,5707,5723,5754,5754,5849,5849,5868,5887,5887,5200,5216,5246,5246,5271,5271,4547,4559,4559,4577,4612,4612,4612,4612,4612,4282,4317,4317,4317],"floor_reached":55,"language":"ENG","playtime":1786,"items_purged":["Defend_R","Defend_R","Defend_R","Strike_R","Defend_R","Strike_R","Strike_R","Strike_R","Strike_R"],"score":1627,"play_id":"c1103ee5-549c-4c09-9dc1-5948c9064bd3","local_time":"20210225162433","is_ascension_mode":true,"campfire_choices":[{"floor":12,"key":"RECALL"},{"data":"Metallicize","floor":15,"key":"SMITH"},{"data":"Metallicize","floor":27,"key":"SMITH"},{"data":"Bash","floor":29,"key":"SMITH"},{"data":"Battle Trance","floor":32,"key":"SMITH"},{"data":"ReplayUltimateDefense","floor":49,"key":"SMITH"},{"data":"Limit Break","floor":52,"key":"SMITH"}],"circlet_count":0,"master_deck":["AscendersBane","Bash+1","Thunderclap","Battle Trance+1","Twin Strike","Metallicize+1","Sword Boomerang","Thunderclap","Anger+1","Cleave","Thunderclap+1","Rage+1","Cleave","Metallicize+1","Shrug It Off+1","Cold Snap+1","Limit Break+1","Heavy Blade+1","Cleave+1","ReplayUltimateDefense+1","Thunderclap+1","Metallicize","Clash","Cleave","Pummel","Cleave","Battle Trance+1","Metallicize"],"relics":["Burning Blood","StuffTheSpire:Gunfinga","Question Card","hubris:HerbalPaste","hubris:SphereOfDissonance","reliquary:CitrusReamer","aspiration:TomeofQuesting","halation:LettersToHer","infinitespire:ShieldingShard","Eternal Feather","Dream Catcher","Lantern","Omamori","TheAbacus","Calling Bell","PreservedInsect","StuffTheSpire:EmeraldSignet","halation:QuantumPhysicsTextbook","ReplayTheSpireMod:Lightbulb","Sling","StuffTheSpire:Tea","StuffTheSpire:Barrel","hubris:GlazedTorus","Replay:Baseball","aspiration:Nostalgia","Iron Core","aspiration:Stabinomicon","Philosopher\u0027s Stone","Anchor","Ancient Tea Set","reliquary:PurpleTingedLeaf","halation:AfternoonTea","hubris:TinFlute","reliquary:Tamtam","Mummified Hand","Gambling Chip","hubris:PeanutButter","infinitespire:EmpoweringShard","infinitespire:Golems Mask"],"acts_visited":["Exordium","TheCity","TheBeyond","TheEnding"],"potions_floor_usage":[6,6,10,10,14,18,22,25,31,36,40,50,50],"damage_taken":[{"damage":13,"enemies":"Small Slimes","floor":1,"turns":5},{"damage":0,"enemies":"Cultist","floor":5,"turns":2},{"damage":2,"enemies":"Gremlin Nob","floor":6,"turns":3},{"damage":6,"enemies":"Jaw Worm","floor":8,"turns":2},{"damage":28,"enemies":"Lagavulin","floor":10,"turns":5},{"damage":4,"enemies":"Blue Slaver","floor":11,"turns":3},{"damage":4,"enemies":"Gremlin Gang","floor":13,"turns":3},{"damage":71,"enemies":"conspire:MimicChest","floor":14,"turns":9},{"damage":26,"enemies":"Fading Forest","floor":16,"turns":11},{"damage":14,"enemies":"2 Thieves","floor":18,"turns":3},{"damage":1,"enemies":"Spheric Guardian","floor":19,"turns":3},{"damage":25,"enemies":"Snake Plant","floor":22,"turns":4},{"damage":20,"enemies":"Book of Stabbing","floor":23,"turns":3},{"damage":6,"enemies":"Slavers","floor":25,"turns":3},{"damage":17,"enemies":"Centurion and Healer","floor":30,"turns":3},{"damage":3,"enemies":"Book of Stabbing","floor":31,"turns":3},{"damage":3,"enemies":"bossMod:newCollector","floor":33,"turns":6},{"damage":0,"enemies":"Orb Walker","floor":35,"turns":2},{"damage":0,"enemies":"3 Shapes","floor":36,"turns":2},{"damage":0,"enemies":"Sphere and 2 Shapes","floor":39,"turns":3},{"damage":0,"enemies":"R_Hoarder","floor":40,"turns":4},{"damage":0,"enemies":"Reptomancer","floor":42,"turns":2},{"damage":4,"enemies":"Writhing Mass","floor":45,"turns":4},{"damage":0,"enemies":"Transient","floor":47,"turns":5},{"damage":33,"enemies":"Nemesis","floor":48,"turns":3},{"damage":0,"enemies":"hubris:GrandSnecko","floor":50,"turns":6},{"damage":0,"enemies":"Shield and Spear","floor":54,"turns":3},{"damage":106,"enemies":"The Heart","floor":55,"turns":5}],"seed_played":"3860137214764925491","potions_obtained":[{"floor":1,"key":"Conjunction:LightningMarble"},{"floor":6,"key":"conspire:TimeTravelPotion"},{"floor":8,"key":"EntropicBrew"},{"floor":14,"key":"Doom Potion"},{"floor":16,"key":"PowerPotion"},{"floor":19,"key":"BlessingOfTheForge"},{"floor":23,"key":"Dexterity Potion"},{"floor":35,"key":"AttackPotion"},{"floor":39,"key":"BlessingOfTheForge"},{"floor":40,"key":"Languid Potion"},{"floor":48,"key":"Swift Potion"}],"is_trial":false,"path_per_floor":["M","$","?","$","M","E","$","M","T","E","M","R","M","?","R","B",null,"M","M","$","AVR","M","E","$","E","T","R","$","R","M","E","R","B",null,"M","M","?","$","M","E","?","E","T","$","M","AVR","M","E","R","B",null,"R","$","E","B"],"character_chosen":"IRONCLAD","items_purchased":["StuffTheSpire:Gunfinga","Question Card","DuplicationPotion","hubris:HerbalPaste","Battle Trance","BlessingOfTheForge","hubris:SphereOfDissonance","reliquary:CitrusReamer","aspiration:TomeofQuesting","Twin Strike","infinitespire:ShieldingShard","Omamori","TheAbacus","Sling","Cleave","StuffTheSpire:Tea","Metallicize","hubris:GlazedTorus","Replay:Baseball","aspiration:Nostalgia","Shrug It Off+1","Regen Potion","Anchor","Ancient Tea Set","ReplayUltimateDefense","Clash","reliquary:Tamtam","Mummified Hand","Cleave","infinitespire:EmpoweringShard","Metallicize"],"campfire_rested":0,"item_purchase_floors":[2,2,2,2,2,2,4,4,4,4,7,20,20,24,24,24,24,28,28,28,28,28,38,38,38,44,44,44,44,53,53],"current_hp_per_floor":[60,60,60,60,69,78,78,81,81,82,89,95,96,48,54,58,87,84,94,94,94,78,69,69,78,78,87,87,96,87,96,96,96,96,96,96,96,96,96,96,96,96,96,96,96,96,96,70,85,96,96,96,96,96,0,0],"gold":4317,"neow_bonus":"TWENTY_PERCENT_HP_BONUS","is_daily":false,"chose_seed":false,"campfire_upgraded":6,"win_rate":0.0,"timestamp":1614263073,"path_taken":["M","$","?","$","M","E","$","M","T","E","?","R","M","?","R","BOSS","M","?","?","AVR","M","E","$","E","T","R","$","R","?","E","R","BOSS","M","M","?","$","M","E","?","E","T","$","M","AVR","M","E","R","BOSS","R","$","E","BOSS"],"items_purchased_type":["Relic","Relic","Potion","Relic","Card","Potion","Relic","Relic","Relic","Card","Relic","Relic","Relic","Relic","Card","Relic","Card","Relic","Relic","Relic","Card","Potion","Relic","Relic","Card","Card","Relic","Relic","Card","Relic","Card"],"build_version":"2020-12-22","purchased_purges":9,"victory":false,"max_hp_per_floor":[96,96,96,96,96,96,96,96,96,96,96,96,96,96,96,96,96,96,96,96,96,96,96,96,96,96,96,96,96,96,96,96,96,96,96,96,96,96,96,96,96,96,96,96,96,96,96,96,96,96,96,96,96,96,96,96],"card_choices":[{"not_picked":["Pommel Strike","Sword Boomerang"],"picked":"Thunderclap","floor":1},{"not_picked":["ReplayTheSpireMod:Strike From Hell","ReplayTheSpireMod:Limb From Limb","Headbutt"],"picked":"Metallicize","floor":5},{"not_picked":["Shrug It Off","StuffTheSpire:RockThrow","Combust"],"picked":"Sword Boomerang","floor":6},{"not_picked":["Shrug It Off","ReplayTheSpireMod:Strike From Hell","StuffTheSpire:Resist","Twin Strike"],"picked":"SKIP","floor":8},{"not_picked":["Offering","Brutality","Armaments","Body Slam"],"picked":"SKIP","floor":10},{"not_picked":["hubris:SharpeningStone","StuffTheSpire:Incineration","Corruption"],"picked":"Thunderclap","floor":11},{"not_picked":["StuffTheSpire:Incineration","ReplayTheSpireMod:Limb From Limb","Wild Strike","StuffTheSpire:RockThrow"],"picked":"SKIP","floor":13},{"not_picked":["Heavy Blade","Clothesline","Body Slam"],"picked":"Anger+1","floor":18},{"not_picked":["Battle Trance+1","Armaments","ReplayTheSpireMod:Strike From Hell"],"picked":"Cleave","floor":19},{"not_picked":["Run Through","Replay:Undeath\u0027s Touch","Twin Strike"],"picked":"Thunderclap+1","floor":22},{"not_picked":["Sword Boomerang","Clash","Warcry"],"picked":"Rage+1","floor":23},{"not_picked":["Life Link","Burning Pact","hubris:ReadiedAction","Dual Wield"],"picked":"SKIP","floor":25},{"not_picked":["Scorching Beam+1","ReplayTheSpireMod:LeadingStrike","Carnage","Armaments"],"picked":"SKIP","floor":30},{"not_picked":["Cold Snap+1","Beam Cell+1","Impervious","FTL"],"picked":"SKIP","floor":31},{"not_picked":["Beam Cell+1","Impervious","FTL"],"picked":"Cold Snap+1","floor":31},{"not_picked":["Mirror Shield","Reaper","Berserk"],"picked":"Limit Break","floor":33},{"not_picked":["Seeing Red","Twin Strike+1","Pommel Strike"],"picked":"Heavy Blade+1","floor":35},{"not_picked":["ReplayTheSpireMod:Muscle Training","Twin Strike","ReplayTheSpireMod:LeadingStrike+1"],"picked":"Cleave+1","floor":36},{"not_picked":["StuffTheSpire:Slingshot","Twin Strike","StuffTheSpire:RockThrow"],"picked":"Thunderclap+1","floor":39},{"not_picked":["Replay:Undeath\u0027s Touch","Headbutt","Clothesline","Second Wind"],"picked":"SKIP","floor":40},{"not_picked":["ReplayTheSpireMod:LeadingStrike+1","Reaper","hubris:CleavingFinish+1"],"picked":"Metallicize","floor":42},{"not_picked":["Flex","Wild Strike","Thunderclap"],"picked":"Pummel","floor":45},{"not_picked":["Sentinel","Twin Strike","Run Through"],"picked":"Cleave","floor":47},{"not_picked":["Flex","Body Slam","Shockwave"],"picked":"Battle Trance+1","floor":48},{"not_picked":["hubris:SharpeningStone+1","Cleave","Battle Trance","Twin Strike"],"picked":"SKIP","floor":54}],"player_experience":3258273,"relics_obtained":[{"floor":6,"key":"halation:LettersToHer"},{"floor":9,"key":"halation:LettersToHer"},{"floor":9,"key":"Eternal Feather"},{"floor":10,"key":"Dream Catcher"},{"floor":14,"key":"Lantern"},{"floor":21,"key":"PreservedInsect"},{"floor":21,"key":"StuffTheSpire:EmeraldSignet"},{"floor":21,"key":"halation:QuantumPhysicsTextbook"},{"floor":23,"key":"ReplayTheSpireMod:Lightbulb"},{"floor":25,"key":"StuffTheSpire:Barrel"},{"floor":26,"key":"halation:LettersToHer"},{"floor":31,"key":"aspiration:Stabinomicon"},{"floor":40,"key":"reliquary:PurpleTingedLeaf"},{"floor":42,"key":"halation:AfternoonTea"},{"floor":43,"key":"halation:LettersToHer"},{"floor":43,"key":"hubris:TinFlute"},{"floor":48,"key":"hubris:PeanutButter"},{"floor":54,"key":"infinitespire:Golems Mask"}],"event_choices":[{"damage_healed":0,"gold_gain":0,"player_choice":"Bought 0 Potions","damage_taken":0,"max_hp_gain":0,"max_hp_loss":0,"event_name":"The Woman in Blue","floor":3,"gold_loss":0},{"damage_healed":0,"gold_gain":0,"player_choice":"Ignored","damage_taken":0,"max_hp_gain":0,"max_hp_loss":0,"event_name":"Tomb of Lord Red Mask","floor":37,"gold_loss":0},{"damage_healed":0,"gold_gain":3,"player_choice":"1","damage_taken":0,"max_hp_gain":0,"max_hp_loss":0,"event_name":"betterStone:BetterStone","floor":41,"gold_loss":0}],"is_beta":false,"boss_relics":[{"not_picked":["halation:HeavySnake","energizedSpire:StickyHand","aspiration:WatcherSkillbook"]},{"not_picked":["Painkiller Herb","aspiration:FutureDiary"],"picked":"Philosopher\u0027s Stone"}],"items_purged_floors":[2,4,7,20,24,28,38,44,46],"is_endless":false,"potions_floor_spawned":[1,6,8,14,16,19,23,30,35,39,40,48],"killed_by":"The Heart","ascension_level":12}}