{"host":"g40mznrtwxqyj1ow","time":1614271964,"event":{"mods":["BaseMod","BetterRewards","Colored Map","Conspire","Hermit","Highlight Path","Hubris","Marisa????????","Minty Spire (QoL Compilation)","Replay The Spire","Robot Space Explorer","Shop Mod","StSLib","The Bug Knight","The Construct","The Cursed","The Jungle","The Marked","The Mystic","The Necromancer","The Runesmith","The Servant 0.9.4","[IsaacMod]????"],"gold_per_floor":[117,71,87,99,128,128,156,3,3,42,55,55,75,75,75,199,199,213,213,232,41,54,54,74,110,137,137,160,193,36,77,77,207,307,332,353,353,367,391,435,455,476,476,517,517,541,541,575,575,575],"floor_reached":51,"language":"ENG","playtime":4541,"items_purged":["Strike_R"],"score":1474,"play_id":"49d12131-a400-4298-8a88-fde6e6b07e69","local_time":"20210225175244","is_ascension_mode":true,"campfire_choices":[{"data":"Armaments","floor":6,"key":"SMITH"},{"data":"Demonic Infusion","floor":12,"key":"SMITH"},{"data":"Demonic Infusion","floor":23,"key":"SMITH"},{"data":"Body Slam","floor":27,"key":"SMITH"},{"data":"Body Slam","floor":32,"key":"SMITH"},{"data":"Headbutt","floor":45,"key":"SMITH"},{"data":"ReplayReversal","floor":49,"key":"SMITH"}],"circlet_count":0,"master_deck":["Strike_R","Strike_R","Strike_R","Strike_R","Defend_R","Defend_R","Defend_R","Defend_R","Bash","Demonic Infusion+1","Armaments+1","ReplayTheSpireMod:Strike From Hell","ReplayReversal+1","Ghostly Armor","Rampage+1","Demonic Infusion+1","Iron Wave+1","Body Slam+1","Wild Strike+1","Headbutt+1","Body Slam+1","Shrug It Off+1","Reaper","Entrench+1","True Grit+1","Fiend Fire","Inflame","Parasite","True Grit+1","hubris:DuctTapeCard","Evolve+1","Exhume+1","hubris:ReadiedAction+1"],"relics":["Burning Blood","HushsDoor","PillsDrop","ReplayTheSpireMod:Ninjato","hubris:HerbalPaste","Another Sword","Centennial Puzzle","hubris:ChampionShield","hubris:CrystalStatue","BookofShadows","Golden Idol","Replay:Bronze Core","Ring of Fury","Ring of Misfortune","Toolbox","Toxic Egg 2","Oddly Smooth Stone","DeadEye","hubris:EmptyBottle","King of Hearts","Replay:Wanted Poster","Paper Frog","hubris:DuctTape","construct:BoolHorns","Mirror"],"acts_visited":["Exordium","Exordium","TheBeyond"],"potions_floor_usage":[22,22,28,33,33,35,35,35,35,35,39,41,42,42,44,44,44,44,48,48,50,50],"damage_taken":[{"damage":2,"enemies":"Jaw Worm","floor":1,"turns":5},{"damage":8,"enemies":"2 Louse","floor":3,"turns":4},{"damage":0,"enemies":"Small Slimes","floor":4,"turns":1},{"damage":0,"enemies":"3 Sentries","floor":7,"turns":2},{"damage":0,"enemies":"conspire:MimicChest","floor":10,"turns":5},{"damage":0,"enemies":"Exordium Wildlife","floor":11,"turns":4},{"damage":1,"enemies":"3 Louse","floor":13,"turns":4},{"damage":5,"enemies":"Hexaghost","floor":16,"turns":9},{"damage":27,"enemies":"theJungle:Flameango_and_Byrd","floor":18,"turns":9},{"damage":0,"enemies":"Shell Parasite","floor":20,"turns":5},{"damage":0,"enemies":"theJungle:Lyon","floor":22,"turns":3},{"damage":0,"enemies":"theJungle:SlimyTreeVines","floor":24,"turns":3},{"damage":2,"enemies":"theJungle:MamaSnecko","floor":25,"turns":4},{"damage":19,"enemies":"theJungle:2_Flameangoes","floor":28,"turns":5},{"damage":14,"enemies":"theJungle:Cassacara","floor":29,"turns":4},{"damage":1,"enemies":"theJungle:MamaSnecko","floor":31,"turns":5},{"damage":10,"enemies":"theJungle:FunGuy","floor":33,"turns":6},{"damage":20,"enemies":"3 Darklings","floor":35,"turns":4},{"damage":0,"enemies":"Orb Walker","floor":36,"turns":2},{"damage":1,"enemies":"Writhing Mass","floor":38,"turns":5},{"damage":23,"enemies":"4 Shapes","floor":39,"turns":4},{"damage":18,"enemies":"Nemesis","floor":40,"turns":3},{"damage":8,"enemies":"Maw","floor":41,"turns":6},{"damage":1,"enemies":"Writhing Mass","floor":42,"turns":6},{"damage":7,"enemies":"Reptomancer","floor":44,"turns":3},{"damage":3,"enemies":"Jaw Worm Horde","floor":46,"turns":3},{"damage":27,"enemies":"Nemesis","floor":48,"turns":9},{"damage":44,"enemies":"Time Eater","floor":50,"turns":8}],"seed_played":"-323033997370591080","potions_obtained":[{"floor":4,"key":"ElixirPotion"},{"floor":7,"key":"BloodPotion"},{"floor":11,"key":"FairyPotion"},{"floor":13,"key":"Regen Potion"},{"floor":29,"key":"CultistPotion"},{"floor":40,"key":"CultistPotion"},{"floor":41,"key":"DistilledChaos"},{"floor":46,"key":"ColorlessPotion"}],"is_trial":false,"path_per_floor":["M","?","M","M","?","R","E","$","T","?","M","R","M","?","R_BF","B",null,"M","?","M","$","M","R","M","E","T","R","M","E","$","E","R","B",null,"M","M","$","M","M","E","M","M","T","E","R","M","?","E","R","B",null],"character_chosen":"IRONCLAD","items_purchased":["Demonic Infusion","ReplayTheSpireMod:Ninjato","hubris:HerbalPaste","hubris:ChampionShield","Body Slam","Toolbox","hubris:EmptyBottle"],"campfire_rested":0,"item_purchase_floors":[0,0,0,8,21,21,30],"current_hp_per_floor":[47,47,51,57,27,27,36,36,36,51,63,63,74,55,78,73,73,52,52,64,64,63,63,63,66,66,66,61,59,59,66,66,62,65,66,66,66,66,66,54,65,66,66,66,66,66,66,53,53,28],"gold":575,"neow_bonus":"","is_daily":false,"chose_seed":false,"campfire_upgraded":7,"win_rate":0.0,"timestamp":1614271964,"path_taken":["M","?","M","M","?","R","E","$","T","?","M","R","?","?","R_BF","BOSS","M","?","M","$","?","R","M","E","T","R","M","E","$","E","R","BOSS","M","M","?","M","M","E","M","M","T","E","R","M","?","E","R","BOSS"],"items_purchased_type":["Card","Relic","Relic","Relic","Card","Relic","Relic"],"build_version":"2020-12-22","purchased_purges":1,"victory":true,"max_hp_per_floor":[75,75,75,75,75,75,75,75,75,78,78,78,78,78,78,73,73,73,73,68,68,63,63,63,66,66,66,66,66,66,66,66,66,66,66,66,66,66,66,66,66,66,66,66,66,66,66,66,66,66],"card_choices":[{"not_picked":[],"picked":"Bomb","floor":0},{"not_picked":["True Grit","Perfected Strike"],"picked":"Armaments","floor":1},{"not_picked":["Juggernaut","Thunderclap"],"picked":"ReplayTheSpireMod:Strike From Hell","floor":3},{"not_picked":["Thunderclap","Clothesline"],"picked":"Bomb","floor":4},{"not_picked":["Perfected Strike","Power Through"],"picked":"ReplayReversal","floor":5},{"not_picked":["Perfected Strike","Bludgeon"],"picked":"Ghostly Armor","floor":7},{"not_picked":["Anger","Infernal Blade"],"picked":"Rampage","floor":11},{"not_picked":["Seeing Red","Twin Strike","Massacre"],"picked":"SKIP","floor":13},{"not_picked":["hubris:StunningStrike","Impervious"],"picked":"Demonic Infusion","floor":16},{"not_picked":["ReplayReversal","Replay:Undeath\u0027s Touch","Perfected Strike"],"picked":"SKIP","floor":18},{"not_picked":["Replay:Undeath\u0027s Touch","Life Link"],"picked":"Iron Wave+1","floor":20},{"not_picked":["Warcry","Cleave","Twin Strike+1"],"picked":"SKIP","floor":22},{"not_picked":["Hemokinesis+1","Sentinel"],"picked":"Wild Strike+1","floor":24},{"not_picked":["ReplayTheSpireMod:Strike From Hell","Run Through"],"picked":"Headbutt","floor":25},{"not_picked":["Thunderclap","Clash+1"],"picked":"Body Slam","floor":28},{"not_picked":["Rage+1","ReplayTheSpireMod:Limb From Limb"],"picked":"Shrug It Off+1","floor":29},{"not_picked":["Uppercut","Flex+1","Clash"],"picked":"SKIP","floor":31},{"not_picked":["Replay:Many Hands+1","Immolate"],"picked":"Reaper","floor":33},{"not_picked":["Twin Strike","Armaments+1","Flex+1"],"picked":"SKIP","floor":35},{"not_picked":["Rupture+1","Iron Wave"],"picked":"Entrench+1","floor":36},{"not_picked":["Dropkick","Clash+1"],"picked":"True Grit+1","floor":38},{"not_picked":["Thunderclap","Sentinel+1","Clash+1"],"picked":"SKIP","floor":39},{"not_picked":["Corruption","Replay:Undeath\u0027s Touch"],"picked":"Fiend Fire","floor":40},{"not_picked":["Burning Pact+1","Hemokinesis"],"picked":"Inflame","floor":41},{"not_picked":["Rage+1","Abandon+1"],"picked":"True Grit+1","floor":42},{"not_picked":["Flex+1","Heavy Blade"],"picked":"Evolve+1","floor":44},{"not_picked":["ReplayTheSpireMod:Limb From Limb","Perfected Strike+1"],"picked":"Exhume+1","floor":46},{"not_picked":["Body Slam","Rampage+1"],"picked":"hubris:ReadiedAction+1","floor":48}],"player_experience":513169,"relics_obtained":[{"floor":5,"key":"Another Sword"},{"floor":7,"key":"Centennial Puzzle"},{"floor":9,"key":"hubris:CrystalStatue"},{"floor":10,"key":"BookofShadows"},{"floor":19,"key":"Ring of Fury"},{"floor":19,"key":"Ring of Misfortune"},{"floor":25,"key":"Toxic Egg 2"},{"floor":26,"key":"Oddly Smooth Stone"},{"floor":29,"key":"DeadEye"},{"floor":31,"key":"King of Hearts"},{"floor":40,"key":"Paper Frog"},{"floor":43,"key":"hubris:DuctTape"},{"floor":44,"key":"construct:BoolHorns"},{"floor":48,"key":"Mirror"}],"event_choices":[{"damage_healed":0,"gold_gain":0,"player_choice":"Left Gold","damage_taken":0,"max_hp_gain":0,"max_hp_loss":0,"event_name":"World of Goop","floor":2,"gold_loss":46},{"damage_healed":0,"gold_gain":0,"player_choice":"Take Damage","damage_taken":19,"relics_obtained":["Golden Idol"],"max_hp_gain":0,"max_hp_loss":0,"event_name":"Golden Idol","floor":14,"gold_loss":0}],"is_beta":false,"boss_relics":[{"not_picked":["Tiny House","conspire:SeveredTorchhead"],"picked":"Replay:Bronze Core"},{"not_picked":[]},{"not_picked":["Runic Pyramid","Electric Blood"],"picked":"Replay:Wanted Poster"},{"not_picked":[]}],"items_purged_floors":[0],"is_endless":false,"potions_floor_spawned":[4,7,11,13,16,18,22,24,29,33,40,41,46],"ascension_level":8}}