{"host":"og21o26alpnbwmz8","time":1614288386,"event":{"mods":["100% Spire Juice","2.2 Compatiblity","Act Like it!","Aspiration","BaseMod","Conspire","Downfall","Gensokyo","Halation","Hermit","Hubris","Jedi Mod","Mimic Mod","Minty Spire (QoL Compilation)","Pale of the Ancients","Reliquary","Replay The Spire","Shop Mod","Spikes Relics","StSLib","The Alterego","The Animator","The Blue Laboratory","The Bug Knight","The Clintock","The Construct","Waifu the Spire","Yuri Mod"],"gold_per_floor":[111,4,19,19,19,19,49,49,72,72,72,83,83,95,95,193,193,93,18,36,36,36,36,36,36,36,36,36],"floor_reached":27,"language":"ENG","playtime":727,"items_purged":["Moonworks:Gamble"],"score":209,"play_id":"c9b2edf6-1ffa-4b27-8888-5001d9e2b5e6","local_time":"20210225162626","is_ascension_mode":false,"campfire_choices":[{"data":"Moonworks:x16BigRocket+1","floor":6,"key":"SMITH"},{"data":"Moonworks:x16BigRocket+2","floor":8,"key":"SMITH"},{"data":"Moonworks:x16BigRocket+3","floor":11,"key":"SMITH"},{"data":"Moonworks:x16BigRocket+4","floor":13,"key":"SMITH"},{"data":"Moonworks:x16BigRocket+5","floor":15,"key":"SMITH"},{"data":"Moonworks:x16BigRocket+6","floor":23,"key":"SMITH"},{"data":"Moonworks:x16BigRocket+7","floor":25,"key":"SMITH"}],"circlet_count":0,"master_deck":["Moonworks:Ambush+1","Moonworks:x16BigRocket+8","Moonworks:ScrambledEve","Moonworks:NicePresent","Moonworks:HolyNight","Moonworks:ImmovableObject","Moonworks:WindyEnchantment","Moonworks:TreasureThief","Moonworks:WindyEnchantment","Moonworks:Blazing","Moonworks:CloudOfSeagulls","Moonworks:SakisCookie","Moonworks:SakisCookie","Moonworks:ExtendedPhotonRifle","Moonworks:ForcedRevival"],"relics":["Moonworks:BrokenBomb","Moonworks:Homemark","reliquary:PrincelyHelmet","Pandora\u0027s Box","hubris:ToyBattleship","WingedGreaves"],"acts_visited":["Exordium","TheCity"],"potions_floor_usage":[16],"damage_taken":[{"damage":0,"enemies":"conspire:RoseBush","floor":1,"turns":2},{"damage":0,"enemies":"Small Slimes","floor":2,"turns":3},{"damage":0,"enemies":"Cultist","floor":3,"turns":3},{"damage":14,"enemies":"HollowMod:MossKnight","floor":7,"turns":5},{"damage":0,"enemies":"Looter","floor":12,"turns":3},{"damage":12,"enemies":"Blue Slaver","floor":14,"turns":2},{"damage":12,"enemies":"Hexaghost","floor":16,"turns":8},{"damage":10,"enemies":"Chosen","floor":18,"turns":2},{"damage":0,"enemies":"Snecko","floor":20,"turns":3},{"damage":68,"enemies":"Slavers","floor":27,"turns":5}],"seed_played":"-5495481158576636527","potions_obtained":[{"floor":2,"key":"blueLaboratory:Moonshine"},{"floor":10,"key":"blueLaboratory:FrostheartPotion"},{"floor":10,"key":"BlessingOfTheForge"},{"floor":18,"key":"blueLaboratory:Moonshine"}],"is_trial":false,"path_per_floor":["M","M","M","$","?","R","E","R","T","?","R","M","R","M","R","B",null,"M","$","M","$","?","R","?","R","T","E"],"character_chosen":"THE_STARBREAKER","items_purchased":[],"campfire_rested":0,"item_purchase_floors":[],"current_hp_per_floor":[60,60,60,60,60,60,46,46,46,46,46,46,46,34,34,22,60,50,50,52,52,52,52,52,52,52,0,0],"gold":36,"neow_bonus":"UPGRADE_CARD","is_daily":false,"chose_seed":false,"campfire_upgraded":7,"win_rate":0.0,"timestamp":1614288386,"path_taken":["M","M","M","$","?","R","E","R","T","?","R","?","R","M","R","BOSS","M","$","M","$","?","R","?","R","T","E"],"items_purchased_type":[],"build_version":"2020-12-22","purchased_purges":1,"victory":false,"max_hp_per_floor":[60,60,60,60,60,60,60,60,60,60,60,60,60,60,60,60,60,60,60,60,60,60,60,60,60,60,60,60],"card_choices":[{"not_picked":["Moonworks:Assault","Moonworks:SakisCookie","Moonworks:SealedMemories"],"picked":"SKIP","floor":1},{"not_picked":["Moonworks:UnpaidWork","Moonworks:DeployBits","Moonworks:CloudOfSeagulls"],"picked":"SKIP","floor":2},{"not_picked":["Moonworks:BeyondHell","Moonworks:NicePresent"],"picked":"Moonworks:x16BigRocket","floor":3},{"not_picked":["Moonworks:LuckyCharm","Moonworks:ImmovableObject","Moonworks:DeployBits"],"picked":"SKIP","floor":7},{"not_picked":["Moonworks:Heat300Percent","Moonworks:Bloodlust"],"picked":"Moonworks:ScrambledEve","floor":12},{"not_picked":["Moonworks:JonathanRush","Moonworks:SealedMemories"],"picked":"Moonworks:NicePresent","floor":14},{"not_picked":["Moonworks:LeapThroughSpace","Moonworks:PlushieMaster"],"picked":"Moonworks:HolyNight","floor":16},{"not_picked":["Moonworks:FullSpeedAlicianrone+1","Moonworks:ReproductionOfRecords"],"picked":"Moonworks:SakisCookie","floor":18},{"not_picked":["Moonworks:RedAndBlue","Moonworks:AngelHand"],"picked":"Moonworks:SakisCookie","floor":20}],"player_experience":469164,"relics_obtained":[{"floor":7,"key":"reliquary:PrincelyHelmet"},{"floor":22,"key":"hubris:ToyBattleship"},{"floor":26,"key":"WingedGreaves"}],"event_choices":[{"damage_healed":0,"gold_gain":0,"player_choice":"Grow","damage_taken":0,"max_hp_gain":0,"max_hp_loss":0,"event_name":"Living Wall","floor":5,"gold_loss":0,"cards_upgraded":["Moonworks:x16BigRocket"]},{"damage_healed":0,"gold_gain":0,"player_choice":"Got Potions","damage_taken":0,"max_hp_gain":0,"max_hp_loss":0,"event_name":"Lab","floor":10,"gold_loss":0},{"damage_healed":0,"gold_gain":0,"cards_transformed":["Moonworks:LongDistanceShot","Moonworks:x16BigRocket"],"player_choice":"Became Test Subject","damage_taken":0,"max_hp_gain":0,"max_hp_loss":0,"event_name":"Drug Dealer","floor":24,"gold_loss":0,"cards_obtained":["Moonworks:ExtendedPhotonRifle","Moonworks:ForcedRevival"]}],"is_beta":false,"boss_relics":[{"not_picked":["halation:PlatinumPhoenix","aspiration:FutureDiary"],"picked":"Pandora\u0027s Box"}],"items_purged_floors":[19],"is_endless":false,"potions_floor_spawned":[2,12,18],"killed_by":"Slavers","ascension_level":0}}