{"host":"ecvfachamqf62ewl","time":1614216717,"event":{"mods":["AchievementEnabler","BaseMod","Colored Map","Colored Powertips","Minty Spire (QoL Compilation)","Rare Cards Sparkle","Relic Stats","StSLib","SuperFastMode"],"gold_per_floor":[117,127,143,162,173,173,25,25,25,53,53,53,53,70,70,171,171,189,189,179,179,199,50,79,79],"floor_reached":24,"language":"ENG","playtime":1044,"items_purged":["Strike_B"],"score":218,"play_id":"6b92a837-a867-476f-b617-6132f75c2168","local_time":"20210224203157","is_ascension_mode":false,"campfire_choices":[{"data":"Genetic Algorithm","floor":6,"key":"SMITH"},{"data":"Loop","floor":8,"key":"SMITH"},{"floor":13,"key":"REST"},{"data":"Coolheaded","floor":15,"key":"SMITH"}],"circlet_count":0,"master_deck":["Strike_B+1","Strike_B+1","Defend_B+1","Defend_B+1","Defend_B+1","Defend_B+1","Zap","Dualcast","Genetic Algorithm+1","Ball Lightning","Leap","Go for the Eyes","Sweeping Beam","Loop+1","Barrage","Compile Driver","Coolheaded+1","Echo Form","Coolheaded","Consume","Conserve Battery","Capacitor","Conserve Battery","Genetic Algorithm","Defragment+1"],"relics":["Cracked Core","Orrery","Molten Egg 2"],"acts_visited":["Exordium","TheCity"],"potions_floor_usage":[20,20],"damage_taken":[{"damage":0,"enemies":"Cultist","floor":1,"turns":3},{"damage":0,"enemies":"2 Louse","floor":2,"turns":3},{"damage":6,"enemies":"Jaw Worm","floor":3,"turns":4},{"damage":2,"enemies":"2 Fungi Beasts","floor":4,"turns":3},{"damage":15,"enemies":"Exordium Thugs","floor":5,"turns":6},{"damage":23,"enemies":"Gremlin Nob","floor":10,"turns":4},{"damage":9,"enemies":"Lots of Slimes","floor":14,"turns":4},{"damage":29,"enemies":"The Guardian","floor":16,"turns":11},{"damage":5,"enemies":"Spheric Guardian","floor":18,"turns":5},{"damage":17,"enemies":"2 Thieves","floor":20,"turns":4},{"damage":6,"enemies":"Snecko","floor":22,"turns":5},{"damage":49,"enemies":"Slavers","floor":24,"turns":6}],"seed_played":"-5916350779697052082","potions_obtained":[{"floor":3,"key":"AttackPotion"},{"floor":10,"key":"Regen Potion"},{"floor":24,"key":"Weak Potion"}],"is_trial":false,"path_per_floor":["M","M","M","M","M","R","$","R","T","E","?","?","R","M","R","B",null,"M","?","M","?","M","$","E"],"character_chosen":"DEFECT","items_purchased":["Loop","Orrery"],"campfire_rested":1,"item_purchase_floors":[7,23],"current_hp_per_floor":[82,82,76,74,59,59,59,59,59,36,36,36,60,51,51,22,82,77,77,74,74,68,68,19,19],"gold":79,"neow_bonus":"TEN_PERCENT_HP_BONUS","is_daily":false,"chose_seed":false,"campfire_upgraded":3,"win_rate":0.0,"timestamp":1614216717,"path_taken":["M","M","M","M","M","R","$","R","T","E","?","?","R","?","R","BOSS","M","?","M","?","M","$","E"],"items_purchased_type":["Card","Relic"],"build_version":"2020-12-22","purchased_purges":1,"victory":false,"max_hp_per_floor":[82,82,82,82,82,82,82,82,82,82,82,82,82,82,82,82,82,82,82,82,82,82,82,82,82],"relic_stats":{"counters":[12,57],"obtain_stats":[{"Orrery":23,"Molten Egg 2":24,"Cracked Core":0},{"Orrery":11,"Molten Egg 2":12,"Cracked Core":0},{"Orrery":51,"Molten Egg 2":57,"Cracked Core":0}]},"card_choices":[{"not_picked":["Sweeping Beam","Force Field"],"picked":"Genetic Algorithm","floor":1},{"not_picked":["Streamline","Double Energy"],"picked":"Ball Lightning","floor":2},{"not_picked":["Hyperbeam","Redo"],"picked":"Leap","floor":3},{"not_picked":["Gash","Rip and Tear"],"picked":"Go for the Eyes","floor":4},{"not_picked":["Chaos","Stack"],"picked":"Sweeping Beam","floor":5},{"not_picked":["Hyperbeam","Gash"],"picked":"Barrage","floor":10},{"not_picked":["Beam Cell","Turbo"],"picked":"Coolheaded","floor":14},{"not_picked":["Thunder Strike","Amplify"],"picked":"Echo Form","floor":16},{"not_picked":["Stack","Gash+1"],"picked":"Coolheaded","floor":18},{"not_picked":["Sweeping Beam","Gash"],"picked":"Consume","floor":20},{"not_picked":["Leap","Fusion","Skim"],"picked":"SKIP","floor":22},{"not_picked":["Steam","Hologram"],"picked":"Capacitor","floor":23},{"not_picked":["Hyperbeam","Beam Cell"],"picked":"Conserve Battery","floor":23},{"not_picked":["Undo","Redo"],"picked":"Genetic Algorithm","floor":23},{"not_picked":["Self Repair","Turbo+1"],"picked":"Defragment+1","floor":24}],"player_experience":450164,"relics_obtained":[{"floor":24,"key":"Molten Egg 2"}],"event_choices":[{"damage_healed":0,"gold_gain":0,"player_choice":"Ignored","damage_taken":0,"max_hp_gain":0,"max_hp_loss":0,"event_name":"Liars Game","floor":11,"gold_loss":0},{"damage_healed":0,"gold_gain":0,"cards_transformed":["Strike_B"],"player_choice":"Transformed","damage_taken":0,"max_hp_gain":0,"max_hp_loss":0,"event_name":"Transmorgrifier","floor":12,"gold_loss":0,"cards_obtained":["Compile Driver"]},{"damage_healed":0,"gold_gain":0,"player_choice":"Simplicity","damage_taken":0,"max_hp_gain":0,"max_hp_loss":0,"event_name":"Back to Basics","floor":19,"gold_loss":0,"cards_upgraded":["Strike_B","Strike_B","Defend_B","Defend_B","Defend_B","Defend_B"]},{"damage_healed":0,"gold_gain":0,"player_choice":"Read","damage_taken":0,"max_hp_gain":0,"max_hp_loss":0,"event_name":"The Library","floor":21,"gold_loss":0,"cards_obtained":["Conserve Battery"]}],"is_beta":false,"boss_relics":[{"not_picked":["Velvet Choker","Runic Pyramid","Astrolabe"]}],"items_purged_floors":[7],"is_endless":false,"potions_floor_spawned":[3,10,24],"killed_by":"Slavers","ascension_level":0}}