{"host":"prxrhpgaxnj4om9r","time":1614249199,"event":{"mods":["AchievementEnabler","BaseMod","Colored Map","DeckTracker","Minty Spire (QoL Compilation)"],"gold_per_floor":[110,122,122,135,135,135,164,164,164,164,182,182,208,208,208,304,304,318,148,148,175,185,216,315,315,315],"floor_reached":25,"language":"KOR","playtime":903,"items_purged":[],"score":340,"play_id":"1b2dfe11-4193-4919-87b8-5017b73d7547","local_time":"20210225193319","is_ascension_mode":true,"campfire_choices":[{"data":"Masterful Stab","floor":6,"key":"SMITH"},{"data":"Flying Knee","floor":8,"key":"SMITH"},{"data":"Poisoned Stab","floor":12,"key":"SMITH"},{"data":"Predator","floor":15,"key":"SMITH"}],"circlet_count":0,"master_deck":["Survivor","Neutralize","Predator+1","Tactician","Leg Sweep","Masterful Stab+1","Flying Knee+1","Poisoned Stab+1","Deadly Poison+1","Wraith Form v2","Sucker Punch","Prepared+1","Adrenaline+1","Terror+1","Catalyst+1","Footwork","Blur+1","Skewer","Poisoned Stab","Poisoned Stab","Apotheosis+1","Outmaneuver+1","Corpse Explosion+1"],"relics":["Ring of the Snake","Gremlin Horn","Juzu Bracelet","Eternal Feather","Toxic Egg 2","Sundial","Pandora\u0027s Box","Strawberry","Ice Cream"],"acts_visited":["Exordium","TheCity"],"potions_floor_usage":[7,7,13,23,25],"damage_taken":[{"damage":4,"enemies":"2 Louse","floor":1,"turns":4},{"damage":9,"enemies":"Jaw Worm","floor":2,"turns":3},{"damage":4,"enemies":"Small Slimes","floor":4,"turns":3},{"damage":9,"enemies":"3 Sentries","floor":7,"turns":8},{"damage":0,"enemies":"Exordium Wildlife","floor":11,"turns":3},{"damage":0,"enemies":"Gremlin Nob","floor":13,"turns":3},{"damage":50,"enemies":"Hexaghost","floor":16,"turns":8},{"damage":22,"enemies":"2 Thieves","floor":18,"turns":2},{"damage":9,"enemies":"Shell Parasite","floor":22,"turns":3},{"damage":49,"enemies":"Slavers","floor":23,"turns":7},{"damage":23,"enemies":"Snecko","floor":25,"turns":3}],"seed_played":"1949661386031157284","potions_obtained":[{"floor":2,"key":"ColorlessPotion"},{"floor":4,"key":"Swift Potion"},{"floor":11,"key":"DuplicationPotion"},{"floor":22,"key":"GamblersBrew"},{"floor":23,"key":"SpeedPotion"}],"is_trial":false,"path_per_floor":["M","M","?","M","$","R","E","R","T","T","M","R","E","?","R","B",null,"M","$","?","T","M","E","?","M"],"character_chosen":"THE_SILENT","items_purchased":["Apotheosis+1"],"campfire_rested":0,"item_purchase_floors":[19],"current_hp_per_floor":[66,57,57,53,53,53,44,44,44,44,44,53,53,53,62,12,61,39,39,64,71,62,13,13,0,0],"gold":315,"neow_bonus":"TEN_PERCENT_HP_BONUS","is_daily":false,"chose_seed":false,"campfire_upgraded":4,"win_rate":0.0,"timestamp":1614249199,"path_taken":["M","M","?","M","?","R","E","R","T","?","M","R","E","?","R","BOSS","M","$","?","?","M","E","?","M"],"items_purchased_type":["Card"],"build_version":"2020-12-22","purchased_purges":0,"victory":false,"max_hp_per_floor":[77,77,77,77,77,77,77,77,77,77,77,77,77,77,77,77,77,77,77,77,84,84,84,84,84,84],"card_choices":[{"not_picked":["Outmaneuver","Well Laid Plans"],"picked":"Predator","floor":1},{"not_picked":["Prepared","Underhanded Strike"],"picked":"Tactician","floor":2},{"not_picked":["Backflip","Slice"],"picked":"Masterful Stab","floor":4},{"not_picked":["Dodge and Roll","PiercingWail"],"picked":"Flying Knee","floor":7},{"not_picked":["Dagger Throw","Bullet Time"],"picked":"Poisoned Stab","floor":11},{"not_picked":["Eviscerate","Glass Knife"],"picked":"Deadly Poison+1","floor":13},{"not_picked":["Doppelganger+1","Grand Finale"],"picked":"Wraith Form v2","floor":16},{"not_picked":["Prepared+1","Sucker Punch"],"picked":"Poisoned Stab","floor":18},{"not_picked":["Dagger Throw+1","Deadly Poison+1"],"picked":"Outmaneuver+1","floor":22},{"not_picked":["Underhanded Strike","Choke"],"picked":"Corpse Explosion+1","floor":23}],"player_experience":651421,"relics_obtained":[{"floor":7,"key":"Gremlin Horn"},{"floor":9,"key":"Juzu Bracelet"},{"floor":10,"key":"Eternal Feather"},{"floor":13,"key":"Toxic Egg 2"},{"floor":21,"key":"Strawberry"},{"floor":23,"key":"Ice Cream"}],"event_choices":[{"damage_healed":0,"gold_gain":0,"cards_transformed":["Defend_G"],"player_choice":"Change","damage_taken":0,"max_hp_gain":0,"max_hp_loss":0,"event_name":"Living Wall","floor":3,"gold_loss":0,"cards_obtained":["Leg Sweep"]},{"damage_healed":0,"gold_gain":0,"player_choice":"Searched \u00271\u0027 times","damage_taken":0,"relics_obtained":["Sundial"],"max_hp_gain":0,"max_hp_loss":0,"event_name":"Dead Adventurer","floor":14,"gold_loss":0},{"damage_healed":25,"gold_gain":0,"player_choice":"Heal","damage_taken":0,"max_hp_gain":0,"max_hp_loss":0,"event_name":"The Library","floor":20,"gold_loss":0},{"damage_healed":0,"gold_gain":99,"player_choice":"Stole From Cult","damage_taken":0,"max_hp_gain":0,"max_hp_loss":0,"event_name":"Nest","floor":24,"gold_loss":0}],"is_beta":false,"boss_relics":[{"not_picked":["Tiny House","Sozu"],"picked":"Pandora\u0027s Box"}],"items_purged_floors":[],"is_endless":false,"potions_floor_spawned":[2,4,11,22,23],"killed_by":"Snecko","ascension_level":7}}