{"host":"a3r3rnu1bta2av1p","time":1614255420,"event":{"mods":["100% Spire Juice","Act Like it!","Arknights","BaseMod","Gensokyo","Hallownest","Library of Ruina","Library of Ruina Extra","Minty Spire (QoL Compilation)","MostiFishMod","Spicy Shops","StSLib","WarShipGirlsR/’ΩΩ¢…Ÿ≈ÆR mod"],"gold_per_floor":[109,89,14,25,42,42,73,73,96,111,131,31,49,101,101,202,202,217,227,102,117,117,117],"floor_reached":22,"language":"ZHS","playtime":1316,"items_purged":["ats:Strike V","ats:Strike G","ats:Strike C"],"score":188,"play_id":"d0782c34-e19f-4e91-b5b6-d0e3aab64e3a","local_time":"20210225201700","is_ascension_mode":false,"campfire_choices":[{"data":"MostiFishMod:SephirahHod","floor":6,"key":"SMITH"},{"floor":8,"key":"REST"},{"floor":15,"key":"REST"}],"circlet_count":0,"master_deck":["ats:Strike S","ats:Armor Crushing Shot","ats:Defend","ats:Defend","ats:Defend","ats:Defend","ats:Emotion Absorption","MostiFishMod:SephirahHod+1","ats:Rapid Magazine","ats:Apocalypse","ats:Thorns","ats:Sword Rain","ats:Shadow Assault","ats:Neurotoxin","ats:Healing Strengthening+1"],"relics":["ats:Sanity Plus","DaveBox","DaCapo","MostiFishMod:Hod","SynthV:TestCard","ats:Originium","Strawberry","Orichalcum","PageOfPorccubus"],"acts_visited":["Exordium","TheCity"],"potions_floor_usage":[7,11],"damage_taken":[{"damage":5,"enemies":"2 Louse","floor":1,"turns":3},{"damage":0,"enemies":"Jaw Worm","floor":4,"turns":3},{"damage":0,"enemies":"Cultist","floor":5,"turns":2},{"damage":32,"enemies":"Lagavulin","floor":7,"turns":7},{"damage":19,"enemies":"Exordium Thugs","floor":10,"turns":5},{"damage":48,"enemies":"Gremlin Gang","floor":11,"turns":6},{"damage":4,"enemies":"Looter","floor":13,"turns":3},{"damage":24,"enemies":"Slime Boss","floor":16,"turns":15},{"damage":41,"enemies":"Chosen","floor":18,"turns":9},{"damage":2,"enemies":"3 Byrds","floor":19,"turns":3},{"damage":57,"enemies":"Sentry and Sphere","floor":21,"turns":8},{"damage":0,"enemies":"Cultist and Chosen","floor":22,"turns":1}],"seed_played":"-642629375735264082","potions_obtained":[{"floor":5,"key":"SneckoOil"},{"floor":10,"key":"LiquidMemories"},{"floor":16,"key":"ats:Burn Small Potion"},{"floor":19,"key":"DistilledChaos"}],"is_trial":false,"path_per_floor":["M","?","$","M","M","R","E","R","T","M","M","$","M","T","R","B",null,"M","M","$","M","M"],"character_chosen":"DOCTOR_CLASS","items_purchased":[],"campfire_rested":2,"item_purchase_floors":[],"current_hp_per_floor":[46,46,46,46,46,46,51,74,74,71,37,37,45,45,68,79,79,50,54,54,43,43,43],"gold":117,"neow_bonus":"ONE_RARE_RELIC","is_daily":false,"chose_seed":false,"campfire_upgraded":1,"win_rate":0.0,"timestamp":1614255420,"path_taken":["M","?","$","M","M","R","E","R","T","?","M","$","M","?","R","BOSS","M","?","$","M","M"],"items_purchased_type":[],"build_version":"2020-12-22","purchased_purges":3,"victory":false,"max_hp_per_floor":[72,72,72,72,72,72,79,79,79,79,79,79,79,79,79,79,79,79,79,79,79,79,79],"card_choices":[{"not_picked":["ats:Hammer On","ats:Shell Defense"],"picked":"ats:Rapid Magazine","floor":1},{"not_picked":["ats:Assault Order","ats:Support Order","ats:Cat Scratch","ats:Collapsing Strike","ats:Song Of Battle"],"picked":"SKIP","floor":4},{"not_picked":["ats:Powerful Strike","ats:Assault Order","ats:Support Order","ats:Collapsing Strike"],"picked":"ats:Apocalypse","floor":5},{"not_picked":["ats:Sunburst","ats:Revitalization","ats:Curse Doll","ats:Song Of Battle"],"picked":"ats:Thorns","floor":7},{"not_picked":["ats:Explosion Area Strengthen","ats:Very Hot Blade","ats:Assault Order","ats:Magnetic Hammer","ats:Absolute Focus"],"picked":"SKIP","floor":10},{"not_picked":["ats:Ignite","ats:Healing Drone","ats:Overload","ats:Revitalization","ats:Absolute Focus"],"picked":"SKIP","floor":11},{"not_picked":["ats:Automatic Cover","ats:Serious Mode","ats:Collapsing Strike","ats:Flexible Camouflage"],"picked":"ats:Sword Rain","floor":13},{"not_picked":["ats:Wolf Pack","ats:Disruption Kick","ats:Fractured Body","ats:Volcano"],"picked":"ats:Shadow Assault","floor":16},{"not_picked":["ats:Flame Of Heaven","ats:Support Order","ats:Red Shift+1","ats:Closed Bolt Burst Fire+1"],"picked":"ats:Neurotoxin","floor":18},{"not_picked":["ats:Curse Doll","ats:Cat Scratch+1","ats:Closed Bolt Burst Fire","ats:Magnetic Hammer+1"],"picked":"ats:Healing Strengthening+1","floor":19},{"not_picked":["ats:Demon Strength","ats:Absolute Focus","ats:Hammer On","ats:Flexible Camouflage","ats:Leaping Hammer"],"picked":"SKIP","floor":21}],"player_experience":73041,"relics_obtained":[{"floor":1,"key":"SynthV:TestCard"},{"floor":7,"key":"ats:Originium"},{"floor":7,"key":"Strawberry"},{"floor":9,"key":"Orichalcum"},{"floor":14,"key":"PageOfPorccubus"}],"event_choices":[],"is_beta":false,"boss_relics":[{"not_picked":["Tiny House","GuanYuAspect"],"picked":"ats:Sanity Plus"}],"items_purged_floors":[3,12,20],"is_endless":false,"potions_floor_spawned":[5,10,16,19],"killed_by":"Cultist and Chosen","ascension_level":0}}