{"host":"uclt3t1usqzz4m5p","time":1614247488,"event":{"mods":["AchievementEnabler","BaseMod","Booster Modes","Card Forge","Colored Powertips","Displayed Cursed Tome","Downfall","GifTheSpireLib","Gremlin Skip","Library of Ruina","Library of Ruina Extra","Minty Spire (QoL Compilation)","Permanent Neow","Quick Restart","StSLib","SuperFastMode"],"gold_per_floor":[17,36,55,71,87,87,87,120,120,12,41,41,55,80,80,176,176,192,12,38,48,48,48,63,63,63,63,81,81,100,113,113,218,218,232,242,292,514,514,543,15,15,89,100,116,128,147,161,161,161],"floor_reached":51,"language":"ENG","playtime":2886,"items_purged":[],"score":889,"play_id":"3707698c-a08c-4b95-b4ca-1d3f20ad4c8e","local_time":"20210225020448","is_ascension_mode":true,"campfire_choices":[{"data":"Perfected Strike","floor":6.0,"key":"SMITH"},{"data":"Demon Form","floor":12.0,"key":"SMITH"},{"data":"Heavy Blade","floor":15.0,"key":"SMITH"},{"data":"Feel No Pain","floor":23.0,"key":"SMITH"},{"data":"Juggernaut","floor":25.0,"key":"SMITH"},{"data":"Metallicize","floor":27.0,"key":"SMITH"},{"data":"Perfected Strike","floor":29.0,"key":"SMITH"},{"data":"Perfected Strike","floor":32.0,"key":"SMITH"},{"data":"True Grit","floor":42.0,"key":"SMITH"},{"floor":49.0,"key":"REST"}],"circlet_count":0,"master_deck":["Strike_R","Strike_R","Strike_R","Strike_R","Strike_R","Defend_R","Defend_R","Defend_R","Defend_R","Bash","Feed","Cleave","Perfected Strike+1","Perfected Strike+1","Intimidate","Armaments","Rampage","Metallicize+1","Demon Form+1","Heavy Blade+1","Spot Weakness","Juggernaut+1","Feel No Pain+1","Dark Embrace","Shrug It Off","Ghostly Armor","Shrug It Off","Pummel+1","Heavy Blade+1","Perfected Strike+1","Headbutt+1","Offering","Second Wind","Dark Embrace","True Grit+1","Entrench","Metallicize+1","Parasite","Limit Break","Burning Pact+1"],"relics":["Burning Blood","Hammer of Thor","Seething Fire","Anvil of the Gods","Paper Frog","Ancient Tea Set","Mummified Hand","Charon\u0027s Ashes","Akabeko","Snecko Eye","Red Mask","SlaversCollar","Champion Belt","The Courier","Oddly Smooth Stone","Bag of Preparation","Lee\u0027s Waffle","White Beast Statue"],"acts_visited":["Exordium","TheCity","TheBeyond"],"potions_floor_usage":[50],"damage_taken":[{"damage":2.0,"enemies":"2 Louse","floor":1.0,"turns":2.0},{"damage":6.0,"enemies":"Jaw Worm","floor":2.0,"turns":5.0},{"damage":7.0,"enemies":"Cultist","floor":3.0,"turns":5.0},{"damage":16.0,"enemies":"Blue Slaver","floor":4.0,"turns":5.0},{"damage":10.0,"enemies":"Looter","floor":5.0,"turns":3.0},{"damage":18.0,"enemies":"3 Sentries","floor":8.0,"turns":6.0},{"damage":10.0,"enemies":"Lagavulin","floor":11.0,"turns":5.0},{"damage":0.0,"enemies":"3 Louse","floor":13.0,"turns":2.0},{"damage":16.0,"enemies":"3 Sentries","floor":14.0,"turns":5.0},{"damage":0.0,"enemies":"Slime Boss","floor":16.0,"turns":6.0},{"damage":0.0,"enemies":"Spheric Guardian","floor":18.0,"turns":3.0},{"damage":2.0,"enemies":"Masked Bandits","floor":20.0,"turns":3.0},{"damage":2.0,"enemies":"3 Byrds","floor":21.0,"turns":6.0},{"damage":18.0,"enemies":"Sentry and Sphere","floor":24.0,"turns":4.0},{"damage":10.0,"enemies":"Centurion and Healer","floor":28.0,"turns":2.0},{"damage":2.0,"enemies":"Shelled Parasite and Fungi","floor":30.0,"turns":3.0},{"damage":28.0,"enemies":"Snake Plant","floor":31.0,"turns":4.0},{"damage":52.0,"enemies":"Collector","floor":33.0,"turns":7.0},{"damage":6.0,"enemies":"Orb Walker","floor":35.0,"turns":1.0},{"damage":20.0,"enemies":"3 Darklings","floor":36.0,"turns":4.0},{"damage":3.0,"enemies":"2 Orb Walkers","floor":37.0,"turns":3.0},{"damage":15.0,"enemies":"Giant Head","floor":40.0,"turns":4.0},{"damage":0.0,"enemies":"Sphere and 2 Shapes","floor":44.0,"turns":3.0},{"damage":38.0,"enemies":"Transient","floor":45.0,"turns":5.0},{"damage":12.0,"enemies":"Writhing Mass","floor":46.0,"turns":5.0},{"damage":33.0,"enemies":"Maw","floor":47.0,"turns":7.0},{"damage":22.0,"enemies":"3 Darklings","floor":48.0,"turns":5.0},{"damage":55,"enemies":"Donu and Deca","floor":50,"turns":6}],"seed_played":"-3338226309193698704","potions_obtained":[{"floor":4.0,"key":"Strength Potion"},{"floor":5.0,"key":"CultistPotion"},{"floor":14.0,"key":"SpeedPotion"},{"floor":16.0,"key":"ColorlessPotion"},{"floor":20.0,"key":"BlessingOfTheForge"},{"floor":30.0,"key":"LiquidMemories"},{"floor":37.0,"key":"AttackPotion"},{"floor":44.0,"key":"FearPotion"},{"floor":45.0,"key":"ElixirPotion"},{"floor":47.0,"key":"SmokeBomb"}],"is_trial":false,"path_per_floor":["M","M","M","M","M","R","?","E","T","$","E","R","M","E","R","B",null,"M","$","?","M","?","R","M","R","T","R","M","R","M","M","R","B",null,"M","M","?","?","?","E","$","R","T","M","M","M","M","M","R","B",null],"character_chosen":"IRONCLAD","items_purchased":["Metallicize","Shockwave","Dark Embrace","Shrug It Off","Ghostly Armor","Dark Embrace","True Grit","Oddly Smooth Stone","Bag of Preparation","Lee\u0027s Waffle","Entrench"],"campfire_rested":1,"item_purchase_floors":[10,10,19,19,19,41,41,41,41,41,41],"current_hp_per_floor":[83,86,88,81,80,80,73,64,64,64,60,60,66,59,59,65,101,104,104,107,110,110,110,101,101,101,101,97,97,101,79,79,36,116,116,102,105,105,105,96,123,123,123,123,91,85,58,42,78,32],"gold":161,"neow_bonus":"THREE_RARE_CARDS","is_daily":false,"chose_seed":false,"campfire_upgraded":9,"win_rate":0.0,"timestamp":1614247488,"path_taken":["M","M","M","M","M","R","?","E","T","$","E","R","M","E","R","BOSS","M","$","?","M","?","R","?","R","T","R","M","R","M","M","R","BOSS","M","M","?","?","?","E","$","R","T","?","M","M","M","M","R","BOSS"],"items_purchased_type":["Card","Card","Card","Card","Card","Card","Card","Relic","Relic","Relic","Card"],"build_version":"2020-12-22","purchased_purges":0,"victory":true,"max_hp_per_floor":[83,86,89,92,95,95,95,98,98,98,98,98,98,101,101,101,101,104,104,107,110,110,110,113,113,113,113,113,113,113,113,113,116,116,116,116,116,116,116,116,123,123,123,123,123,123,123,123,123,126],"card_choices":[{"not_picked":["Impervious","Exhume"],"picked":"Feed","floor":0.0},{"not_picked":["Clothesline","Sentinel"],"picked":"Cleave","floor":1.0},{"not_picked":["Havoc","Pommel Strike"],"picked":"Perfected Strike","floor":2.0},{"not_picked":["Body Slam","Anger"],"picked":"Perfected Strike","floor":3.0},{"not_picked":["Iron Wave","Pummel"],"picked":"Intimidate","floor":4.0},{"not_picked":["Pummel","Sentinel"],"picked":"Armaments","floor":5.0},{"not_picked":["Perfected Strike","Dropkick"],"picked":"Rampage","floor":8.0},{"not_picked":["Perfected Strike","Anger"],"picked":"Demon Form","floor":11.0},{"not_picked":["Havoc","Clothesline"],"picked":"Heavy Blade","floor":13.0},{"not_picked":["Heavy Blade","Shockwave"],"picked":"Spot Weakness","floor":14.0},{"not_picked":["Feed","Impervious"],"picked":"Juggernaut","floor":16.0},{"not_picked":["Disarm","Iron Wave"],"picked":"Feel No Pain","floor":18.0},{"not_picked":["Uppercut","Iron Wave"],"picked":"Shrug It Off","floor":20.0},{"not_picked":["Wild Strike","Flex"],"picked":"Pummel+1","floor":21.0},{"not_picked":["Seeing Red","Flex","Iron Wave"],"picked":"SKIP","floor":24.0},{"not_picked":["Hemokinesis+1","Disarm"],"picked":"Heavy Blade+1","floor":28.0},{"not_picked":["Carnage","Warcry+1"],"picked":"Perfected Strike","floor":30.0},{"not_picked":["Havoc","Second Wind"],"picked":"Headbutt+1","floor":31.0},{"not_picked":["Immolate","Berserk"],"picked":"Offering","floor":33.0},{"not_picked":["Feel No Pain+1","Sever Soul"],"picked":"Second Wind","floor":35.0},{"not_picked":["Shrug It Off+1","Wild Strike","Twin Strike"],"picked":"SKIP","floor":36.0},{"not_picked":["Clothesline+1","Clash+1","Combust+1"],"picked":"SKIP","floor":40.0},{"not_picked":["Ghostly Armor+1","Cleave+1","Sword Boomerang"],"picked":"SKIP","floor":44.0},{"not_picked":["Iron Wave+1","Headbutt"],"picked":"Metallicize+1","floor":45.0},{"not_picked":["Shrug It Off+1","Thunderclap+1"],"picked":"Limit Break","floor":46.0},{"not_picked":["Clash","Bloodletting+1","Heavy Blade"],"picked":"SKIP","floor":47.0},{"not_picked":["Wild Strike","Anger"],"picked":"Burning Pact+1","floor":48.0}],"player_experience":648188,"relics_obtained":[{"floor":8.0,"key":"Ancient Tea Set"},{"floor":9.0,"key":"Mummified Hand"},{"floor":11.0,"key":"Charon\u0027s Ashes"},{"floor":14.0,"key":"Akabeko"},{"floor":20.0,"key":"Red Mask"},{"floor":37.0,"key":"Champion Belt"},{"floor":40.0,"key":"The Courier"},{"floor":43.0,"key":"White Beast Statue"}],"event_choices":[{"damage_healed":0.0,"max_hp_gain":0.0,"max_hp_loss":0.0,"gold_gain":0.0,"event_name":"Scrap Ooze","player_choice":"Success","floor":7.0,"gold_loss":0.0,"damage_taken":7.0,"relics_obtained":["Paper Frog"]},{"damage_healed":0.0,"max_hp_gain":0.0,"max_hp_loss":0.0,"gold_gain":0.0,"event_name":"Masked Bandits","player_choice":"Fought Bandits","floor":20.0,"gold_loss":0.0,"damage_taken":0.0},{"damage_healed":0.0,"max_hp_gain":0.0,"max_hp_loss":0.0,"gold_gain":0.0,"event_name":"NoteForYourself","player_choice":"Ignored","floor":22.0,"gold_loss":0.0,"damage_taken":0.0},{"damage_healed":0.0,"max_hp_gain":0.0,"max_hp_loss":0.0,"gold_gain":0.0,"event_name":"Mysterious Sphere","player_choice":"Fight","floor":37.0,"gold_loss":0.0,"damage_taken":0.0},{"damage_healed":0.0,"max_hp_gain":0.0,"max_hp_loss":0.0,"gold_gain":222.0,"event_name":"Tomb of Lord Red Mask","player_choice":"Wore Mask","floor":38.0,"gold_loss":0.0,"damage_taken":0.0},{"cards_removed":["Shockwave"],"damage_healed":0.0,"max_hp_gain":0.0,"max_hp_loss":0.0,"gold_gain":0.0,"event_name":"Falling","player_choice":"Removed Skill","floor":39.0,"gold_loss":0.0,"damage_taken":0.0}],"is_beta":false,"boss_relics":[{"not_picked":["Black Star","Sozu"],"picked":"Snecko Eye"},{"not_picked":["Mark of Pain","Astrolabe"],"picked":"SlaversCollar"}],"items_purged_floors":[],"is_endless":false,"potions_floor_spawned":[4,5,14,16,20,21,30,37,44,45,46,47,48],"ascension_level":1}}