{"host":"t6r1isv2bex5ovch","time":1614281577,"event":{"mods":["AchievementEnabler","Act Like it!","Aspiration","BaseMod","Better Altar","Better Match","Better Note","Better Sensory Stone","Better Skull","Better Third Choice","Better Vampires","Bossed Relics","Colored Powertips","Displayed Cursed Tome","Evolution","Fox Events","Gremlin Skip","Halation","Hallownest","Highlight Path","Hubris","Infinite Spire","Minty Spire (QoL Compilation)","Reliquary","Ruina","Spire Arcade","StSLib","The Bug Knight"],"gold_per_floor":[109,127,52,71,71,71,71,88,88,88,88,105,105,124,124,124,124],"floor_reached":16,"language":"ENG","playtime":919,"items_purged":["Strike_B"],"score":120,"play_id":"9ebd6a5d-15ed-4ccb-9ca2-d7483bd8cc70","local_time":"20210226063257","is_ascension_mode":true,"campfire_choices":[{"data":"Dualcast","floor":6,"key":"SMITH"},{"floor":11,"key":"DIG"},{"floor":13,"key":"DIG"},{"floor":15,"key":"DIG"}],"circlet_count":0,"master_deck":["Strike_B","Strike_B","Strike_B","Defend_B","Defend_B","Defend_B","Defend_B","Zap+1","Dualcast+1"],"relics":["Cracked Core","EVO:Axolotl","Hallownest:DreamNailRelic","Shovel","Ancient Tea Set","Singing Bowl","aspiration:ChemicalBlood"],"acts_visited":["Hallownest:Greenpath"],"potions_floor_usage":[16,16,16,16,16],"damage_taken":[{"damage":0,"enemies":"Hallownest:monsterHuskWarrior","floor":1,"turns":3},{"damage":3,"enemies":"Hallownest:2_Baldur","floor":2,"turns":3},{"damage":6,"enemies":"Hallownest:2_Tiktiks_and_1_Crawlid","floor":4,"turns":5},{"damage":0,"enemies":"Hallownest:monsterAspidMother","floor":8,"turns":5},{"damage":6,"enemies":"Hallownest:MossCreep_and_Mosskin","floor":12,"turns":6},{"damage":9,"enemies":"Hallownest:2_Tiktiks_1_Baldur_1_Crawlid","floor":14,"turns":4},{"damage":47,"enemies":"Hallownest:BossBrokenVessel","floor":16,"turns":11}],"seed_played":"-2045836124188102429","potions_obtained":[{"floor":2,"key":"Weak Potion"},{"floor":4,"key":"FocusPotion"},{"floor":14,"key":"Ancient Potion"}],"is_trial":false,"path_per_floor":["M","M","$","M","?","R","?","M","T","$","R","M","R","M","R","B"],"character_chosen":"DEFECT","items_purchased":[],"campfire_rested":0,"item_purchase_floors":[],"current_hp_per_floor":[68,65,65,59,59,59,59,59,59,59,59,53,53,46,46,0,0],"gold":124,"neow_bonus":"UPGRADE_CARD","is_daily":false,"chose_seed":false,"campfire_upgraded":1,"win_rate":0.0,"timestamp":1614281577,"path_taken":["M","M","$","M","?","R","?","?","T","$","R","M","R","M","R","BOSS"],"items_purchased_type":[],"build_version":"2020-12-22","purchased_purges":1,"victory":false,"max_hp_per_floor":[75,75,75,75,75,75,75,75,75,75,75,75,75,77,77,77,77],"card_choices":[{"not_picked":["Cold Snap","Turbo","Self Repair"],"picked":"SKIP","floor":1},{"not_picked":["Beam Cell","Barrage","Hello World"],"picked":"SKIP","floor":2},{"not_picked":["Coolheaded","Sweeping Beam","Turbo"],"picked":"SKIP","floor":4},{"not_picked":["Rebound","Beam Cell","Static Discharge"],"picked":"SKIP","floor":8},{"not_picked":["Rainbow","Capacitor","Go for the Eyes"],"picked":"SKIP","floor":12},{"not_picked":["Stack","Compile Driver","Steam"],"picked":"Singing Bowl","floor":14}],"player_experience":577627,"relics_obtained":[{"floor":9,"key":"Shovel"},{"floor":11,"key":"Ancient Tea Set"},{"floor":13,"key":"Singing Bowl"},{"floor":15,"key":"aspiration:ChemicalBlood"}],"event_choices":[],"is_beta":false,"boss_relics":[],"items_purged_floors":[3],"is_endless":false,"potions_floor_spawned":[2,4,14],"killed_by":"Hallownest:BossBrokenVessel","ascension_level":6}}