{"host":"f8krwbl1oysf3v6f","time":1614297534,"event":{"mods":["AchievementEnabler","BaseMod","Colored Map","DeckTracker","Minty Spire (QoL Compilation)","Permanent Neow","READ ME - Snecko Mod","StSLib","SuperFastMode","Td1madao Mod"],"gold_per_floor":[113,113,123,123,140,173,173,98,98,118,118,135,149,178,178,281,281,291,309,309,309,309,309,309,309,332,332,332,332,332,732,732,828,828,844,374,426,451,451,478,498,510,533,533,533,562,574,592,592,592,592],"floor_reached":50,"language":"KOR","playtime":2005,"items_purged":["Dropkick"],"score":1095,"play_id":"2d348bbc-1dea-419b-bb6a-e4bd4a5d631b","local_time":"20210226085854","is_ascension_mode":true,"campfire_choices":[{"data":"Immolate","floor":7.0,"key":"SMITH"},{"data":"Battle Trance","floor":15.0,"key":"SMITH"},{"floor":23.0,"key":"RECALL"},{"data":"Second Wind","floor":25.0,"key":"SMITH"},{"data":"Whirlwind","floor":32,"key":"SMITH"},{"data":"Burning Pact","floor":49,"key":"SMITH"}],"circlet_count":0,"master_deck":["AscendersBane","Defend_R","Defend_R+1","Defend_R","Bash","Clash","Clash","Clash","Clash","Clash","Pommel Strike+1","Flex+1","Immolate+1","Whirlwind+1","Battle Trance+1","Second Wind+1","Dropkick","Reaper","Offering","Burning Pact+1","Fire Breathing+1","Dark Embrace+1","Feel No Pain+1"],"relics":["Burning Blood","Vajra","StoneCalendar","Sundial","Prayer Wheel","Magic Flower","SlaversCollar","Old Coin","Mercury Hourglass","Sozu","Medical Kit","Paper Frog","Ginger","Pen Nib","War Paint","Anchor","Frozen Egg 2"],"acts_visited":["Exordium","TheCity","TheBeyond"],"potions_floor_usage":[31,33,34,37,42],"damage_taken":[{"damage":0.0,"enemies":"2 Louse","floor":1.0,"turns":1.0},{"damage":0.0,"enemies":"Cultist","floor":3.0,"turns":1.0},{"damage":8.0,"enemies":"Small Slimes","floor":5.0,"turns":2.0},{"damage":10.0,"enemies":"Lagavulin","floor":6.0,"turns":3.0},{"damage":0.0,"enemies":"2 Fungi Beasts","floor":10.0,"turns":2.0},{"damage":1.0,"enemies":"Exordium Thugs","floor":12.0,"turns":3.0},{"damage":3.0,"enemies":"Blue Slaver","floor":13.0,"turns":2.0},{"damage":15.0,"enemies":"3 Sentries","floor":14.0,"turns":5.0},{"damage":39.0,"enemies":"Hexaghost","floor":16.0,"turns":7.0},{"damage":28.0,"enemies":"2 Thieves","floor":18.0,"turns":3.0},{"damage":25.0,"enemies":"Shell Parasite","floor":19.0,"turns":4.0},{"damage":0.0,"enemies":"Snake Plant","floor":20.0,"turns":1.0},{"damage":0.0,"enemies":"Chosen and Byrds","floor":21.0,"turns":1.0},{"damage":0.0,"enemies":"Snecko","floor":22.0,"turns":1.0},{"damage":0.0,"enemies":"Book of Stabbing","floor":24.0,"turns":1.0},{"damage":0.0,"enemies":"Gremlin Leader","floor":27.0,"turns":1.0},{"damage":0.0,"enemies":"Book of Stabbing","floor":29.0,"turns":1.0},{"damage":0.0,"enemies":"Centurion and Healer","floor":30.0,"turns":1.0},{"damage":30,"enemies":"Colosseum Slavers","floor":31,"turns":4},{"damage":0,"enemies":"Colosseum Nobs","floor":31,"turns":2},{"damage":55,"enemies":"Automaton","floor":33,"turns":7},{"damage":8,"enemies":"3 Shapes","floor":35,"turns":2},{"damage":37,"enemies":"2 Orb Walkers","floor":37,"turns":3},{"damage":20,"enemies":"Giant Head","floor":40,"turns":5},{"damage":17,"enemies":"Orb Walker","floor":41,"turns":2},{"damage":41,"enemies":"Writhing Mass","floor":42,"turns":3},{"damage":20,"enemies":"Nemesis","floor":46,"turns":3},{"damage":24,"enemies":"3 Darklings","floor":47,"turns":2},{"damage":6,"enemies":"Transient","floor":48,"turns":5},{"damage":73,"enemies":"Time Eater","floor":50,"turns":5}],"seed_played":"5345564803932737515","potions_obtained":[{"floor":3.0,"key":"SpeedPotion"},{"floor":10.0,"key":"Strength Potion"},{"floor":12.0,"key":"Regen Potion"},{"floor":19.0,"key":"Block Potion"},{"floor":31,"key":"EntropicBrew"}],"is_trial":false,"path_per_floor":["M","?","M","?","M","E","R","$","T","M","$","M","M","E","R","B",null,"M","M","M","M","M","R","E","R","T","E","?","E","M","?","R","B",null,"M","$","?","T","?","E","M","M","T","?","?","E","M","M","R","B"],"character_chosen":"IRONCLAD","items_purchased":["Whirlwind","Medical Kit","Paper Frog"],"campfire_rested":0,"item_purchase_floors":[8,36,36],"current_hp_per_floor":[78,66,72,72,70,66,66,66,66,72,72,77,80,71,71,55,74,70,54,63,72,80,80,80,80,80,80,80,80,80,68,68,34,69,80,80,52,52,52,68,80,48,48,38,70,59,55,58,58,0,0],"gold":592,"neow_bonus":"RANDOM_COMMON_RELIC","is_daily":false,"chose_seed":false,"campfire_upgraded":5,"win_rate":0.0,"timestamp":1614297534,"path_taken":["M","?","M","?","M","E","R","$","T","M","$","M","?","E","R","BOSS","M","M","M","M","M","R","E","R","T","E","?","E","M","?","R","BOSS","M","$","?","?","?","E","M","M","T","?","?","E","M","M","R","BOSS"],"items_purchased_type":["Card","Relic","Relic"],"build_version":"2020-12-22","purchased_purges":1,"victory":false,"max_hp_per_floor":[80,80,80,80,80,80,80,80,80,80,80,80,80,80,80,80,80,80,80,80,80,80,80,80,80,80,80,80,80,80,80,80,80,80,80,80,80,80,80,80,80,80,80,80,70,70,70,70,70,70,70],"card_choices":[{"not_picked":["Clothesline","Sword Boomerang"],"picked":"Pommel Strike","floor":1.0},{"not_picked":["Shockwave","Infernal Blade"],"picked":"Flex","floor":3.0},{"not_picked":["Clash","Shockwave","Bloodletting"],"picked":"SKIP","floor":5.0},{"not_picked":["Berserk","Dark Embrace"],"picked":"Immolate","floor":6.0},{"not_picked":["Clash","Thunderclap","Ghostly Armor"],"picked":"SKIP","floor":10.0},{"not_picked":["Warcry","Perfected Strike","Flex"],"picked":"SKIP","floor":10.0},{"not_picked":["Heavy Blade","Armaments"],"picked":"Battle Trance","floor":12.0},{"not_picked":["Headbutt","Rampage"],"picked":"Dropkick","floor":12.0},{"not_picked":["Havoc","Warcry"],"picked":"Second Wind","floor":13.0},{"not_picked":["Havoc","Carnage","Warcry"],"picked":"SKIP","floor":13.0},{"not_picked":["Inflame","Thunderclap"],"picked":"Dropkick","floor":14.0},{"not_picked":["Bludgeon","Limit Break"],"picked":"Reaper","floor":16.0},{"not_picked":["Cleave","Heavy Blade","Iron Wave"],"picked":"SKIP","floor":18.0},{"not_picked":["Anger","Twin Strike","True Grit"],"picked":"SKIP","floor":18.0},{"not_picked":["Cleave","Searing Blow","Shrug It Off"],"picked":"SKIP","floor":19.0},{"not_picked":["Evolve","Havoc","Hemokinesis+1"],"picked":"SKIP","floor":19.0},{"not_picked":["Sword Boomerang","Thunderclap","Armaments"],"picked":"SKIP","floor":20.0},{"not_picked":["Perfected Strike","Heavy Blade+1","Impervious"],"picked":"SKIP","floor":20.0},{"not_picked":["Spot Weakness","Searing Blow","Armaments"],"picked":"SKIP","floor":21.0},{"not_picked":["Havoc","Clash+1","Body Slam"],"picked":"SKIP","floor":21.0},{"not_picked":["Thunderclap+1","Shrug It Off","Twin Strike"],"picked":"SKIP","floor":22.0},{"not_picked":["Dark Embrace+1","Sentinel","Shrug It Off"],"picked":"SKIP","floor":22.0},{"not_picked":["Heavy Blade","Entrench","Fire Breathing"],"picked":"SKIP","floor":24.0},{"not_picked":["Anger+1","Sword Boomerang+1","Heavy Blade"],"picked":"SKIP","floor":27.0},{"not_picked":["Dropkick","Shrug It Off","Offering"],"picked":"SKIP","floor":29.0},{"not_picked":["Warcry","Flex","Shrug It Off"],"picked":"SKIP","floor":30.0},{"not_picked":["Battle Trance","Headbutt","Shrug It Off+1"],"picked":"SKIP","floor":30.0},{"not_picked":["Brutality","Feed"],"picked":"Offering","floor":33},{"not_picked":["Sword Boomerang+1","Sever Soul"],"picked":"Burning Pact","floor":35},{"not_picked":["Heavy Blade+1","Thunderclap","Havoc+1"],"picked":"SKIP","floor":35},{"not_picked":["Shrug It Off+1","Anger+1"],"picked":"Fire Breathing+1","floor":37},{"not_picked":["Juggernaut","Infernal Blade+1","Perfected Strike+1"],"picked":"SKIP","floor":40},{"not_picked":["Pommel Strike+1","Uppercut"],"picked":"Dark Embrace+1","floor":41},{"not_picked":["Ghostly Armor","Armaments+1","Seeing Red+1"],"picked":"SKIP","floor":41},{"not_picked":["Fire Breathing+1","Iron Wave+1","Offering"],"picked":"SKIP","floor":42},{"not_picked":["True Grit","Heavy Blade+1","Dropkick+1"],"picked":"SKIP","floor":42},{"not_picked":["Dropkick","Havoc","Dark Embrace+1"],"picked":"SKIP","floor":46},{"not_picked":["Dual Wield+1","Twin Strike"],"picked":"Feel No Pain+1","floor":47},{"not_picked":["Anger","Iron Wave+1","Flex"],"picked":"SKIP","floor":47},{"not_picked":["Havoc","Iron Wave+1","Body Slam+1"],"picked":"SKIP","floor":48},{"not_picked":["Dropkick+1","Flex+1","Perfected Strike"],"picked":"SKIP","floor":48}],"player_experience":253266,"relics_obtained":[{"floor":6.0,"key":"Sundial"},{"floor":9.0,"key":"Prayer Wheel"},{"floor":14.0,"key":"Magic Flower"},{"floor":31,"key":"Old Coin"},{"floor":31,"key":"Mercury Hourglass"},{"floor":37,"key":"Ginger"},{"floor":38,"key":"Pen Nib"},{"floor":40,"key":"War Paint"},{"floor":43,"key":"Anchor"},{"floor":46,"key":"Frozen Egg 2"}],"event_choices":[{"damage_healed":0.0,"max_hp_gain":0.0,"max_hp_loss":0.0,"gold_gain":0.0,"event_name":"Scrap Ooze","player_choice":"Success","floor":2.0,"gold_loss":0.0,"damage_taken":12.0,"relics_obtained":["StoneCalendar"]},{"damage_healed":0.0,"max_hp_gain":0.0,"max_hp_loss":0.0,"gold_gain":0.0,"event_name":"Upgrade Shrine","player_choice":"Upgraded","floor":4.0,"gold_loss":0.0,"damage_taken":0.0,"cards_upgraded":["Pommel Strike"]},{"damage_healed":0.0,"max_hp_gain":0.0,"max_hp_loss":0.0,"gold_gain":0.0,"event_name":"The Mausoleum","player_choice":"Ignored","floor":28.0,"gold_loss":0.0,"damage_taken":0.0},{"damage_healed":0,"gold_gain":0,"player_choice":"Fight","damage_taken":0,"max_hp_gain":0,"max_hp_loss":0,"event_name":"Colosseum","floor":31,"gold_loss":0},{"damage_healed":0,"gold_gain":0,"player_choice":"Fought Nobs","damage_taken":0,"max_hp_gain":0,"max_hp_loss":0,"event_name":"Colosseum","floor":31,"gold_loss":0},{"damage_healed":0,"gold_gain":0,"player_choice":"Fight","damage_taken":0,"max_hp_gain":0,"max_hp_loss":0,"event_name":"Mysterious Sphere","floor":37,"gold_loss":0},{"cards_removed":["Defend_R"],"damage_healed":0,"gold_gain":0,"player_choice":"Removed Skill","damage_taken":0,"max_hp_gain":0,"max_hp_loss":0,"event_name":"Falling","floor":39,"gold_loss":0},{"damage_healed":0,"gold_gain":0,"player_choice":"Memory 3","damage_taken":10,"max_hp_gain":0,"max_hp_loss":0,"event_name":"SensoryStone","floor":44,"gold_loss":0},{"damage_healed":70,"gold_gain":0,"player_choice":"Heal","damage_taken":0,"max_hp_gain":0,"max_hp_loss":10,"event_name":"The Moai Head","floor":45,"gold_loss":0}],"is_beta":false,"boss_relics":[{"not_picked":["Runic Dome","Snecko Eye"],"picked":"SlaversCollar"},{"not_picked":["Astrolabe","Velvet Choker"],"picked":"Sozu"}],"items_purged_floors":[36],"is_endless":false,"potions_floor_spawned":[3,10,12,14,19,24,27,31,31,35,37,40],"killed_by":"Time Eater","ascension_level":11}}