{"host":"l4lyu1jo6nvtq6u8","time":1614213020,"event":{"mods":["Act Like it!","Aspiration","BaseMod","Better Sensory Stone","Better Third Choice","CapriCore","Conspire","Curses Come First","Energized Spire","FetchMod","Gensokyo","Halation","Hubris","Infinite Spire","Jedi Mod","Marisa????????","Minty Spire (QoL Compilation)","Pale of the Ancients","Poor People Problems","Quick Restart","Random Character Button","RatMod","Relic Sorter","Replay The Spire","StSLib","The Immortal","The Poker Player","Yakumo Yukari mod","slay the spire mod where everything is the same but ironclad has a cowboy hat"],"gold_per_floor":[109,109,109,109,109,143,23,34,79,205,45,45,45,60,60,163,163,181,181,81,97,97,97,110,110,158,158,158,173,200,200,200,302,302,316,336,336,336,351,351,366,376,376,376,170,190,205,13,13,13,30,48,73,98,98,115,115,115,115,115],"floor_reached":61,"language":"ENG","playtime":2611,"items_purged":["Delirium","MokouMod:Strike","MokouMod:Strike"],"score":1699,"play_id":"3a341252-d132-4807-a0f3-e560b059814b","local_time":"20210224183020","is_ascension_mode":false,"campfire_choices":[{"data":"MokouMod:FujiyamaVolcano","floor":12.0,"key":"SMITH"},{"data":"MokouMod:InfernalWave","floor":12.0,"key":"SMITH"},{"data":"MokouMod:Firecracker","floor":15.0,"key":"SMITH"},{"data":"Survey Options","floor":15.0,"key":"SMITH"},{"data":"MokouMod:RadiantBlade","floor":23.0,"key":"SMITH"},{"data":"MokouMod:HeatSpark","floor":23.0,"key":"SMITH"},{"floor":25.0,"key":"RECALL"},{"data":"MokouMod:Defend","floor":28.0,"key":"SMITH"},{"data":"MokouMod:Defend","floor":28.0,"key":"SMITH"},{"data":"MokouMod:ExplosiveFlame","floor":32.0,"key":"SMITH"},{"data":"MokouMod:Sear","floor":32.0,"key":"SMITH"},{"data":"MokouMod:Rebirth","floor":40.0,"key":"SMITH"},{"data":"MokouMod:Defend","floor":40.0,"key":"SMITH"},{"floor":49.0,"key":"REST"},{"floor":55,"key":"REST"},{"floor":57,"key":"REST"}],"circlet_count":0,"master_deck":["MokouMod:Defend+1","MokouMod:Defend+1","MokouMod:HeatSpark+1","MokouMod:FujiyamaVolcano+1","Survey Options+1","MokouMod:InfernalWave+1","MokouMod:Firecracker+1","MokouMod:RadiantBlade+1","MokouMod:GuidingSmoke+1","MokouMod:Sear+1","MokouMod:ExplosiveFlame+1","MokouMod:Rebirth+1","MokouMod:EnchantingBambooForest"],"relics":["MokouMod:PhoenixFeather","hubris:Icosahedron","NeowsBlessing","halation:PenCase","hubris:CrystalStatue","Nilry\u0027s Codex","Gensokyo:LunaticRedEyes","Runic Dome","Ancient Tea Set","ReplayTheSpireMod:TigerMarble","hubris:CuriousFeather","jedi:maincommand","Sozu","hubris:Towel","jedi:heavyjacket","Chemical X","ClockworkSouvenir","paleoftheancients:Timepiece","paleoftheancients:KeyRelic","Meat on the Bone","Gremlin Horn","paleoftheancients:SoulOfTheCollector","hubris:OldNail","hubris:TenFootPole","FossilizedHelix"],"acts_visited":["Gensokyo:Gensokyo","Gensokyo:Gensokyoer","Gensokyo:Gensokyoest","paleoftheancients:PaleOfTheAncients"],"potions_floor_usage":[],"damage_taken":[{"damage":0.0,"enemies":"Gensokyo:Gryphon","floor":1.0,"turns":1.0},{"damage":9.0,"enemies":"Gensokyo:Mamizou","floor":6.0,"turns":3.0},{"damage":0.0,"enemies":"Gensokyo:2_Kodama","floor":8.0,"turns":1.0},{"damage":24.0,"enemies":"Gensokyo:Cirno","floor":10.0,"turns":4.0},{"damage":0.0,"enemies":"Gensokyo:Python","floor":14.0,"turns":2.0},{"damage":2.0,"enemies":"Gensokyo:Reimu","floor":16.0,"turns":8.0},{"damage":16.0,"enemies":"Gensokyo:AngelMirror","floor":18.0,"turns":3.0},{"damage":0.0,"enemies":"Gensokyo:Chomper","floor":21.0,"turns":2.0},{"damage":0.0,"enemies":"Gensokyo:Slime_Group","floor":24.0,"turns":2.0},{"damage":0.0,"enemies":"Gensokyo:Swordslinger","floor":29.0,"turns":2.0},{"damage":0.0,"enemies":"Gensokyo:Reisen","floor":30.0,"turns":2.0},{"damage":1.0,"enemies":"Gensokyo:Eiki","floor":33.0,"turns":6.0},{"damage":0.0,"enemies":"Gensokyo:AncientGuardian","floor":35.0,"turns":2.0},{"damage":0.0,"enemies":"Gensokyo:3_Bats","floor":36.0,"turns":1.0},{"damage":49.0,"enemies":"Gensokyo:Rafflesia","floor":39.0,"turns":4.0},{"damage":0.0,"enemies":"Gensokyo:Dusk_and_Dawn","floor":41.0,"turns":2.0},{"damage":0.0,"enemies":"Gensokyo:3_Boulders","floor":42.0,"turns":3.0},{"damage":3.0,"enemies":"Gensokyo:Rafflesia","floor":46.0,"turns":3.0},{"damage":0.0,"enemies":"Gensokyo:Dusk_and_Dawn","floor":47.0,"turns":2.0},{"damage":0.0,"enemies":"Gensokyo:Shinki","floor":50.0,"turns":4.0},{"damage":2.0,"enemies":"Gensokyo:Shinki","floor":51.0,"turns":3.0},{"damage":0.0,"enemies":"Gensokyo:Shinki","floor":52.0,"turns":2.0},{"damage":0.0,"enemies":"conspire:MimicChest","floor":53.0,"turns":1.0},{"damage":0,"enemies":"conspire:MimicChest","floor":56,"turns":1},{"damage":0,"enemies":"paleoftheancients:N","floor":60,"turns":3}],"seed_played":"-4459753812471830863","potions_obtained":[{"floor":1.0,"key":"Explosive Potion"},{"floor":8.0,"key":"Strength Potion"},{"floor":21.0,"key":"SpeedPotion"},{"floor":33.0,"key":"AttackPotion"}],"is_trial":false,"path_per_floor":["M","?","?","?","?","E","$","M","T","E","?","R","?","M","R","B",null,"M","?","$","M","?","R","M","R","T","AVR","R","M","E","?","R","B",null,"M","M","?","?","M","R","M","M","T","?","$","M","M","$","R","B","M","M","?","T","R","M","R","T","?","B",null],"character_chosen":"MKU","items_purchased":["MokouMod:InfernalWave","jedi:command_shop","jedi:command_shop"],"campfire_rested":3,"item_purchase_floors":[7,45,48],"current_hp_per_floor":[75,75,45,45,45,36,36,36,36,12,12,12,12,12,12,10,75,59,59,59,59,67,67,67,67,67,67,67,67,67,18,18,17,75,75,75,75,75,26,26,26,26,26,26,26,23,23,23,45,75,74,75,75,75,75,77,77,77,77,77],"gold":115,"neow_bonus":"THREE_ENEMY_KILL","is_daily":false,"chose_seed":false,"campfire_upgraded":12,"win_rate":0.0,"timestamp":1614213020,"path_taken":["M","?","?","?","?","E","$","?","T","E","?","R","?","M","R","BOSS","M","?","$","M","?","R","?","R","T","AVR","R","M","E","?","R","BOSS","M","?","?","?","M","R","M","?","T","?","?","M","M","$","R","BOSS","M","M","?","T","R","M","R","T","?","BOSS"],"items_purchased_type":["Card","Relic","Relic"],"build_version":"2020-12-22","purchased_purges":3,"victory":true,"max_hp_per_floor":[75,75,75,75,75,75,75,75,75,75,75,75,75,75,75,75,75,75,75,75,75,75,75,75,75,75,75,75,75,75,75,75,75,75,75,75,75,75,75,75,75,75,75,75,75,75,75,75,75,75,75,75,75,75,75,77,77,77,77,77],"card_choices":[{"not_picked":["MokouMod:Stoke","MokouMod:HeartofFire"],"picked":"MokouMod:FujiyamaVolcano","floor":1.0},{"not_picked":["Purity","Swift Strike"],"picked":"Survey Options","floor":5.0},{"not_picked":["MokouMod:RisingSunBarrier","MokouMod:Ember","MokouMod:ScorchingColumn"],"picked":"SKIP","floor":6.0},{"not_picked":["MokouMod:Fireball","MokouMod:IgnitionBlast","MokouMod:Overheat"],"picked":"SKIP","floor":8.0},{"not_picked":["MokouMod:TemporalFireSeal","MokouMod:Overheat","MokouMod:Ember"],"picked":"SKIP","floor":10.0},{"not_picked":["MokouMod:InfernalWave","MokouMod:UncontrollableSolarReaction"],"picked":"MokouMod:Firecracker","floor":14.0},{"not_picked":["MokouMod:ResonatingAura","MokouMod:SearingBlow"],"picked":"MokouMod:RadiantBlade","floor":16.0},{"not_picked":["MokouMod:UncontrollableSolarReaction","MokouMod:CrimsonFlare+1","MokouMod:FlamingFireTalons"],"picked":"SKIP","floor":18.0},{"not_picked":["MokouMod:Wildfire","MokouMod:AdaptivePyromancy","MokouMod:HeartofFire"],"picked":"SKIP","floor":21.0},{"not_picked":["MokouMod:ScorchingColumn","MokouMod:ResoluteFlare"],"picked":"MokouMod:GuidingSmoke+1","floor":24.0},{"not_picked":["MokouMod:ScorchingColumn+1","MokouMod:UncontrollableSolarReaction","MokouMod:Sear"],"picked":"SKIP","floor":29.0},{"not_picked":["MokouMod:ScorchingColumn+1","MokouMod:UncontrollableSolarReaction"],"picked":"MokouMod:Sear","floor":29.0},{"not_picked":["MokouMod:ThermalPressure","MokouMod:InfernalWave+1"],"picked":"MokouMod:ExplosiveFlame","floor":30.0},{"not_picked":["MokouMod:Rekindle","MokouMod:ProfanedFlare"],"picked":"MokouMod:Rebirth","floor":33.0},{"not_picked":["MokouMod:TemporalFireSeal+1","MokouMod:Firecracker","MokouMod:ResoluteFlare"],"picked":"SKIP","floor":35.0},{"not_picked":["MokouMod:FujiyamaVolcano","MokouMod:ImperishableFlame+1","MokouMod:HeartofFire+1"],"picked":"SKIP","floor":36.0},{"not_picked":["MokouMod:ResoluteFlare+1","MokouMod:Overheat+1","MokouMod:EternalBurstReactor"],"picked":"SKIP","floor":39.0},{"not_picked":["MokouMod:EternalBurstReactor+1","MokouMod:Trailblazer+1","MokouMod:InfernalWave"],"picked":"SKIP","floor":41.0},{"not_picked":["MokouMod:FujiyamaVolcano","MokouMod:Firecracker","MokouMod:ImperishableFlame"],"picked":"SKIP","floor":42.0},{"not_picked":["MokouMod:IgneousBlow","MokouMod:ResoluteFlare+1","MokouMod:Overheat"],"picked":"SKIP","floor":46.0},{"not_picked":["MokouMod:ThermalPressure+1","MokouMod:SubterraneanCore","MokouMod:HeatCyclone"],"picked":"SKIP","floor":47.0},{"not_picked":["MokouMod:IgneousBlow+1","MokouMod:ScorchingColumn","MokouMod:RoaringFlare"],"picked":"SKIP","floor":51.0},{"not_picked":["MokouMod:FlareStarter","MokouMod:SpontaneousHumanCombustion","MokouMod:FujiyamaVolcano+1"],"picked":"SKIP","floor":52.0},{"not_picked":["MokouMod:FlickeringFlame","MokouMod:Refresh","MokouMod:SacredFire"],"picked":"SKIP","floor":56}],"player_experience":518338,"relics_obtained":[{"floor":6.0,"key":"halation:PenCase"},{"floor":9.0,"key":"jedi:crownofsimplicity"},{"floor":10.0,"key":"hubris:CrystalStatue"},{"floor":26.0,"key":"Ancient Tea Set"},{"floor":30.0,"key":"hubris:CuriousFeather"},{"floor":43.0,"key":"jedi:command_uncommon"},{"floor":51.0,"key":"paleoftheancients:SoulOfTheCollector"},{"floor":53.0,"key":"jedi:command_common"},{"floor":54.0,"key":"jedi:command_common"},{"floor":58,"key":"jedi:command_rare"}],"event_choices":[{"damage_healed":0.0,"max_hp_gain":0.0,"max_hp_loss":0.0,"gold_gain":1.0,"event_name":"betterStone:BetterStone","player_choice":"1","floor":5.0,"gold_loss":0.0,"damage_taken":0.0}],"is_beta":false,"boss_relics":[{"not_picked":["hubris:CrackedHourglass","hubris:VirtuousBlindfold"],"picked":"Runic Dome"},{"not_picked":["jedi:command_boss","jedi:command_boss"],"picked":"jedi:command_boss"}],"items_purged_floors":[7,20,27],"is_endless":false,"potions_floor_spawned":[1,8,21,33,35,39,51,52,53],"ascension_level":0}}