{"host":"o88u0awh8mkwl1l8","time":1614228417,"event":{"mods":["BaseMod","Colored Map","Highlight Path","Minty Spire (QoL Compilation)","Relic Sorter"],"gold_per_floor":[114,114,124,138,63,63,91,91,91,102,121,139,139,165,165,239,239,250,250,250,250,250],"floor_reached":21,"language":"JPN","playtime":830,"items_purged":["Doubt"],"score":382,"play_id":"939ca5a6-728e-42fa-ab35-daf58953b8ec","local_time":"20210225134657","is_ascension_mode":true,"campfire_choices":[{"data":"All Out Attack","floor":6,"key":"SMITH"},{"data":"Well Laid Plans","floor":8,"key":"SMITH"},{"data":"Footwork","floor":13,"key":"SMITH"},{"data":"Caltrops","floor":15,"key":"SMITH"}],"circlet_count":0,"master_deck":["AscendersBane","Strike_G","Strike_G","Strike_G","Strike_G","Strike_G","Defend_G","Defend_G","Defend_G","Defend_G","Defend_G","Survivor","Neutralize","Die Die Die","Well Laid Plans+1","Die Die Die","Neutralize","All Out Attack+1","Poisoned Stab","Terror","Caltrops+1","Backflip","Footwork+1","Blade Dance","Corpse Explosion","CurseOfTheBell"],"relics":["Ring of the Snake","Incense Burner","Pen Nib","Orichalcum","Question Card","Ancient Tea Set","Calling Bell","Toxic Egg 2"],"acts_visited":["Exordium","TheCity"],"potions_floor_usage":[7,7,16,20],"damage_taken":[{"damage":0,"enemies":"2 Louse","floor":1,"turns":2},{"damage":6,"enemies":"Cultist","floor":3,"turns":3},{"damage":0,"enemies":"Small Slimes","floor":4,"turns":2},{"damage":23,"enemies":"Lagavulin","floor":7,"turns":7},{"damage":2,"enemies":"Blue Slaver","floor":10,"turns":3},{"damage":0,"enemies":"Large Slime","floor":11,"turns":3},{"damage":1,"enemies":"Looter","floor":12,"turns":3},{"damage":11,"enemies":"3 Sentries","floor":14,"turns":3},{"damage":14,"enemies":"Hexaghost","floor":16,"turns":9},{"damage":14,"enemies":"Spheric Guardian","floor":18,"turns":6},{"damage":0,"enemies":"2 Thieves","floor":20,"turns":1}],"seed_played":"4948454866462438263","potions_obtained":[{"floor":1,"key":"ColorlessPotion"},{"floor":3,"key":"ColorlessPotion"},{"floor":7,"key":"ColorlessPotion"},{"floor":11,"key":"BlessingOfTheForge"},{"floor":14,"key":"SpeedPotion"},{"floor":18,"key":"SmokeBomb"}],"is_trial":false,"path_per_floor":["M","?","M","M","$","R","E","R","T","M","M","M","R","E","R","B",null,"M","?","M","?"],"character_chosen":"THE_SILENT","items_purchased":[],"campfire_rested":0,"item_purchase_floors":[],"current_hp_per_floor":[59,59,53,53,53,53,30,30,30,28,28,27,27,16,16,2,50,36,18,18,18,18],"gold":250,"neow_bonus":"THREE_RARE_CARDS","is_daily":false,"chose_seed":false,"campfire_upgraded":4,"win_rate":0.0,"timestamp":1614228417,"path_taken":["M","?","M","M","$","R","E","R","T","M","M","?","R","E","R","BOSS","M","?","M","?"],"items_purchased_type":[],"build_version":"2020-12-22","purchased_purges":1,"victory":false,"max_hp_per_floor":[66,66,66,66,66,66,66,66,66,66,66,66,66,66,66,66,66,66,71,71,71,71],"card_choices":[{"not_picked":["Phantasmal Killer","Storm of Steel"],"picked":"Die Die Die","floor":0},{"not_picked":["Heel Hook","PiercingWail"],"picked":"Well Laid Plans","floor":1},{"not_picked":["Well Laid Plans","Quick Slash"],"picked":"All Out Attack","floor":3},{"not_picked":["Noxious Fumes","Reflex"],"picked":"Poisoned Stab","floor":4},{"not_picked":["Slice","Backflip"],"picked":"Terror","floor":7},{"not_picked":["Deflect","Endless Agony","Eviscerate"],"picked":"Caltrops","floor":10},{"not_picked":["Catalyst","Sucker Punch","Eviscerate"],"picked":"Backflip","floor":11},{"not_picked":["Riddle With Holes","Quick Slash","Deadly Poison"],"picked":"Footwork","floor":12},{"not_picked":["Bane","Dagger Throw","Sucker Punch"],"picked":"Blade Dance","floor":14},{"not_picked":["Phantasmal Killer","After Image","Venomology"],"picked":"Corpse Explosion","floor":16},{"not_picked":["Caltrops","Eviscerate","Underhanded Strike","Choke"],"picked":"SKIP","floor":18}],"player_experience":1346809,"relics_obtained":[{"floor":7,"key":"Question Card"},{"floor":9,"key":"Orichalcum"},{"floor":14,"key":"Ancient Tea Set"},{"floor":17,"key":"Pen Nib"},{"floor":17,"key":"Toxic Egg 2"},{"floor":17,"key":"Incense Burner"}],"event_choices":[{"damage_healed":0,"gold_gain":0,"player_choice":"2 cards matched","damage_taken":0,"max_hp_gain":0,"max_hp_loss":0,"event_name":"Match and Keep!","floor":2,"gold_loss":0,"cards_obtained":["Die Die Die","Neutralize"]},{"damage_healed":0,"gold_gain":0,"player_choice":"Shed Blood","damage_taken":23,"max_hp_gain":5,"max_hp_loss":0,"event_name":"Forgotten Altar","floor":19,"gold_loss":0}],"is_beta":false,"boss_relics":[{"not_picked":["WristBlade","Ring of the Serpent"],"picked":"Calling Bell"}],"items_purged_floors":[5],"is_endless":false,"potions_floor_spawned":[1,3,7,11,14,18],"ascension_level":20}}