{"host":"q8ewzd1tf4mqkgtb","time":1614216943,"event":{"mods":["Ascension Unlocker","BaseMod","Colored Map","Faster Ascension Climbing","Minty Spire (QoL Compilation)","Relic Stats","StSLib","UnlockEverythingMod"],"gold_per_floor":[113,113,8,25,36,64,64,64,64,81,81,91,91,118,118,190,190,208,223,237,248,88,123,123,123,123,123,123],"floor_reached":27,"language":"ENG","playtime":6412,"items_purged":["Strike_R"],"score":536,"play_id":"f1659a24-949d-405b-bb88-ca8ec9130862","local_time":"20210224193543","is_ascension_mode":true,"campfire_choices":[{"data":"Blood for Blood","floor":8.0,"key":"SMITH"},{"data":"Fire Breathing","floor":15.0,"key":"SMITH"},{"floor":25,"key":"REST"}],"circlet_count":0,"master_deck":["AscendersBane","Strike_R","Strike_R","Defend_R","Defend_R","Defend_R","Defend_R","Bash","Fire Breathing+1","Wild Strike","Blood for Blood+1","Evolve","Feed","Shrug It Off","Corruption","Burning Pact","Dual Wield","Burning Pact","Armaments"],"relics":["Burning Blood","Meat on the Bone","Happy Flower","Orichalcum","Mark of Pain","OrangePellets","Bag of Preparation","Strawberry"],"acts_visited":["Exordium","TheCity"],"potions_floor_usage":[20,21,27],"damage_taken":[{"damage":7.0,"enemies":"Small Slimes","floor":1.0,"turns":4.0},{"damage":7.0,"enemies":"Cultist","floor":4.0,"turns":4.0},{"damage":0.0,"enemies":"2 Louse","floor":5.0,"turns":4.0},{"damage":56.0,"enemies":"Gremlin Nob","floor":6.0,"turns":5.0},{"damage":22.0,"enemies":"Large Slime","floor":10.0,"turns":7.0},{"damage":4.0,"enemies":"Blue Slaver","floor":12.0,"turns":4.0},{"damage":17.0,"enemies":"Lagavulin","floor":14.0,"turns":7.0},{"damage":26.0,"enemies":"Hexaghost","floor":16.0,"turns":9.0},{"damage":18,"enemies":"Spheric Guardian","floor":18,"turns":4},{"damage":5,"enemies":"Chosen","floor":19,"turns":4},{"damage":20,"enemies":"Snecko","floor":20,"turns":4},{"damage":14,"enemies":"Cultist and Chosen","floor":21,"turns":4},{"damage":44,"enemies":"Book of Stabbing","floor":23,"turns":5},{"damage":50,"enemies":"Gremlin Leader","floor":27,"turns":5}],"seed_played":"886145455351373917","potions_obtained":[{"floor":1.0,"key":"Fruit Juice"},{"floor":5.0,"key":"ColorlessPotion"},{"floor":10.0,"key":"EssenceOfSteel"},{"floor":12.0,"key":"Block Potion"},{"floor":16.0,"key":"SteroidPotion"},{"floor":20,"key":"Fruit Juice"},{"floor":21,"key":"DistilledChaos"}],"is_trial":false,"path_per_floor":["M","?","$","M","M","E","?","R","T","M","?","M","?","E","R","B",null,"M","M","M","M","$","E","?","R","T","E"],"character_chosen":"IRONCLAD","items_purchased":["Wild Strike","OrangePellets"],"campfire_rested":1,"item_purchase_floors":[3,22],"current_hp_per_floor":[74,74,74,73,79,29,29,29,29,28,21,38,38,42,42,39,82,73,74,65,60,60,34,2,35,42,0,0],"gold":123,"neow_bonus":"TEN_PERCENT_HP_BONUS","is_daily":false,"chose_seed":false,"campfire_upgraded":2,"win_rate":0.0,"timestamp":1614216943,"path_taken":["M","?","?","M","M","E","?","R","T","M","?","M","?","E","R","BOSS","M","M","M","M","$","E","?","R","T","E"],"items_purchased_type":["Card","Relic"],"build_version":"2020-12-22","purchased_purges":1,"victory":false,"max_hp_per_floor":[82,82,82,82,82,82,82,82,82,85,85,88,88,91,91,96,96,99,99,104,107,107,107,112,112,119,119,119],"relic_stats":{"OrangePellets":[0],"Happy Flower":[17],"counters":[14,70],"Bag of Preparation":[2],"Orichalcum":[72],"obtain_stats":[{"OrangePellets":22,"Happy Flower":9,"Strawberry":26,"Mark of Pain":17,"Bag of Preparation":23,"Orichalcum":14,"Burning Blood":0,"Meat on the Bone":6},{"OrangePellets":12,"Happy Flower":4,"Strawberry":13,"Mark of Pain":8,"Bag of Preparation":13,"Orichalcum":7,"Burning Blood":0,"Meat on the Bone":4},{"OrangePellets":60,"Happy Flower":17,"Strawberry":65,"Mark of Pain":44,"Bag of Preparation":65,"Orichalcum":35,"Burning Blood":0,"Meat on the Bone":17}],"Burning Blood":78,"Meat on the Bone":60},"card_choices":[{"not_picked":["Heavy Blade","Metallicize"],"picked":"Fire Breathing","floor":1.0},{"not_picked":["Body Slam","Warcry"],"picked":"Blood for Blood","floor":4.0},{"not_picked":["Flex","Headbutt"],"picked":"Evolve","floor":5.0},{"not_picked":["Rupture","Battle Trance"],"picked":"Feed","floor":6.0},{"not_picked":["Sever Soul","Whirlwind","Combust"],"picked":"SKIP","floor":10.0},{"not_picked":["Cleave","Anger"],"picked":"Shrug It Off","floor":12.0},{"not_picked":["Warcry","Body Slam","Limit Break"],"picked":"SKIP","floor":14.0},{"not_picked":["Feed","Exhume"],"picked":"Corruption","floor":16.0},{"not_picked":["Havoc+1","Dropkick"],"picked":"Burning Pact","floor":18},{"not_picked":["Rampage","Warcry"],"picked":"Dual Wield","floor":19},{"not_picked":["Searing Blow+1","Seeing Red+1"],"picked":"Burning Pact","floor":20},{"not_picked":["Flame Barrier","Havoc"],"picked":"Armaments","floor":21},{"not_picked":["Burning Pact","Inflame","Metallicize"],"picked":"SKIP","floor":23}],"player_experience":574280,"relics_obtained":[{"floor":6.0,"key":"Meat on the Bone"},{"floor":9.0,"key":"Happy Flower"},{"floor":14.0,"key":"Orichalcum"},{"floor":23,"key":"Bag of Preparation"},{"floor":26,"key":"Strawberry"}],"event_choices":[{"cards_removed":["Strike_R"],"damage_healed":0.0,"max_hp_gain":0.0,"max_hp_loss":0.0,"gold_gain":0.0,"event_name":"Purifier","player_choice":"Purged","floor":2.0,"gold_loss":0.0,"damage_taken":0.0},{"damage_healed":0.0,"max_hp_gain":0.0,"max_hp_loss":0.0,"gold_gain":0.0,"event_name":"Liars Game","player_choice":"Ignored","floor":7.0,"gold_loss":0.0,"damage_taken":0.0},{"cards_removed":["Strike_R"],"damage_healed":0.0,"max_hp_gain":0.0,"max_hp_loss":0.0,"gold_gain":0.0,"event_name":"Golden Wing","player_choice":"Card Removal","floor":11.0,"gold_loss":0.0,"damage_taken":7.0},{"damage_healed":0.0,"max_hp_gain":0.0,"max_hp_loss":0.0,"gold_gain":0.0,"event_name":"Scrap Ooze","player_choice":"Fled","floor":13.0,"gold_loss":0.0,"damage_taken":0.0},{"damage_healed":0,"gold_gain":0,"player_choice":"Shed Blood","damage_taken":37,"max_hp_gain":5,"max_hp_loss":0,"event_name":"Forgotten Altar","floor":24,"gold_loss":0}],"is_beta":false,"boss_relics":[{"not_picked":["Philosopher\u0027s Stone","Ectoplasm"],"picked":"Mark of Pain"}],"items_purged_floors":[3],"is_endless":false,"potions_floor_spawned":[1,5,10,12,16,19,20,21],"killed_by":"Gremlin Leader","ascension_level":20}}