{"host":"gzz35fplm60aw28t","time":1614295646,"event":{"mods":["AchievementEnabler","BaseMod","Colored Powertips","DeckTracker","Minty Spire (QoL Compilation)","SuperFastMode"],"gold_per_floor":[116,116,126,140,120,120,146,146,225,238,249,263,292,303,303,407,407,419,419,419,419,433,433,460,460,486,517,529,555,150,150,150,253,253,270,285,304,18,35,35,35,60,60,60,95,95,95,111,111,111],"floor_reached":51,"language":"ENG","playtime":3222,"items_purged":["Strike_G","Strike_G"],"score":952,"play_id":"6faf2907-fc00-4866-8ff2-989579ffd84b","local_time":"20210226002726","is_ascension_mode":true,"campfire_choices":[{"data":"Noxious Fumes","floor":6.0,"key":"SMITH"},{"data":"Neutralize","floor":8.0,"key":"SMITH"},{"floor":15.0,"key":"REST"},{"floor":23.0,"key":"REST"},{"floor":25,"key":"REST"},{"floor":28,"key":"REST"},{"data":"Tools of the Trade","floor":32,"key":"SMITH"},{"data":"After Image","floor":40,"key":"SMITH"},{"data":"Leg Sweep","floor":47,"key":"SMITH"},{"data":"Cloak And Dagger","floor":49,"key":"SMITH"}],"circlet_count":0,"master_deck":["Strike_G","Strike_G","Defend_G","Defend_G","Defend_G","Defend_G","Survivor","Neutralize+1","Tools of the Trade+1","Cloak And Dagger+1","Dodge and Roll+1","Noxious Fumes+1","Cloak And Dagger","Underhanded Strike","Leg Sweep+1","Underhanded Strike","Corpse Explosion","RitualDagger","Footwork+1","Accuracy","Backflip+1","PiercingWail+1","After Image+1","Backstab+1","Writhe","PiercingWail","Terror+1"],"relics":["Ring of the Serpent","Akabeko","The Courier","Happy Flower","WristBlade","Lantern","Nilry\u0027s Codex","Ninja Scroll","MawBank","War Paint","Toy Ornithopter","Blood Vial","Mummified Hand","Orichalcum","Bottled Lightning","Molten Egg 2"],"acts_visited":["Exordium","TheCity","TheBeyond"],"potions_floor_usage":[33,33,39,50,50,50],"damage_taken":[{"damage":4.0,"enemies":"Small Slimes","floor":1.0,"turns":4.0},{"damage":9.0,"enemies":"Cultist","floor":3.0,"turns":5.0},{"damage":0.0,"enemies":"2 Louse","floor":4.0,"turns":4.0},{"damage":18.0,"enemies":"3 Sentries","floor":7.0,"turns":9.0},{"damage":0.0,"enemies":"Exordium Wildlife","floor":10.0,"turns":2.0},{"damage":4.0,"enemies":"Blue Slaver","floor":11.0,"turns":5.0},{"damage":0.0,"enemies":"3 Louse","floor":12.0,"turns":4.0},{"damage":14.0,"enemies":"Gremlin Nob","floor":13.0,"turns":4.0},{"damage":3.0,"enemies":"Lots of Slimes","floor":14.0,"turns":4.0},{"damage":19.0,"enemies":"Slime Boss","floor":16.0,"turns":10.0},{"damage":10.0,"enemies":"2 Thieves","floor":18.0,"turns":4.0},{"damage":15.0,"enemies":"3 Byrds","floor":22.0,"turns":4.0},{"damage":21,"enemies":"Book of Stabbing","floor":24,"turns":10},{"damage":0,"enemies":"3 Cultists","floor":27,"turns":2},{"damage":10,"enemies":"Chosen and Byrds","floor":29,"turns":6},{"damage":60,"enemies":"Champ","floor":33,"turns":15},{"damage":1,"enemies":"Orb Walker","floor":35,"turns":4},{"damage":2,"enemies":"3 Shapes","floor":36,"turns":7},{"damage":1,"enemies":"Maw","floor":37,"turns":10},{"damage":19,"enemies":"Transient","floor":39,"turns":5},{"damage":10,"enemies":"Nemesis","floor":42,"turns":9},{"damage":8,"enemies":"Reptomancer","floor":45,"turns":11},{"damage":0,"enemies":"4 Shapes","floor":48,"turns":2},{"damage":46,"enemies":"Awakened One","floor":50,"turns":17}],"seed_played":"-8866647501130386569","potions_obtained":[{"floor":4.0,"key":"CunningPotion"},{"floor":5.0,"key":"ColorlessPotion"},{"floor":7.0,"key":"SpeedPotion"},{"floor":13.0,"key":"Swift Potion"},{"floor":14.0,"key":"SteroidPotion"},{"floor":18.0,"key":"SpeedPotion"},{"floor":27,"key":"Regen Potion"},{"floor":29,"key":"Poison Potion"},{"floor":33,"key":"Ancient Potion"},{"floor":36,"key":"Explosive Potion"},{"floor":39,"key":"Ancient Potion"},{"floor":45,"key":"CunningPotion"}],"is_trial":false,"path_per_floor":["M","?","M","M","?","R","E","R","T","M","M","M","E","M","R","B",null,"M","?","T","?","M","R","E","R","T","M","R","M","$","?","R","B",null,"M","M","M","$","M","R","?","E","T","?","E","$","R","M","R","B",null],"character_chosen":"THE_SILENT","items_purchased":["War Paint","Toy Ornithopter","Blood Vial","Mummified Hand"],"campfire_rested":4,"item_purchase_floors":[30,30,30,38],"current_hp_per_floor":[59,52,43,43,43,43,25,25,25,25,21,21,7,4,25,6,54,44,38,38,22,7,28,7,28,28,28,49,39,39,39,39,6,54,55,55,56,56,44,44,62,54,54,54,48,48,48,50,50,21],"gold":111,"neow_bonus":"ONE_RANDOM_RARE_CARD","is_daily":false,"chose_seed":false,"campfire_upgraded":6,"win_rate":0.0,"timestamp":1614295646,"path_taken":["M","?","M","M","?","R","E","R","T","?","M","M","E","M","R","BOSS","M","?","?","?","M","R","E","R","T","M","R","M","$","?","R","BOSS","M","?","?","?","?","R","?","E","T","?","E","?","R","M","R","BOSS"],"items_purchased_type":["Relic","Relic","Relic","Relic"],"build_version":"2020-12-22","purchased_purges":2,"victory":true,"max_hp_per_floor":[70,70,70,70,70,70,70,70,70,70,70,70,70,70,70,70,70,70,70,70,70,70,70,70,70,70,70,70,70,70,70,70,70,70,70,70,70,70,70,70,70,70,70,70,70,70,70,70,70,70],"card_choices":[{"not_picked":["Deadly Poison","Poisoned Stab"],"picked":"Cloak And Dagger","floor":1.0},{"not_picked":["Calculated Gamble","Dagger Throw"],"picked":"Dodge and Roll","floor":3.0},{"not_picked":["Underhanded Strike","All Out Attack"],"picked":"Noxious Fumes","floor":4.0},{"not_picked":["Outmaneuver","Riddle With Holes"],"picked":"Cloak And Dagger","floor":7.0},{"not_picked":["Dash","Deflect"],"picked":"Underhanded Strike","floor":10.0},{"not_picked":["Reflex","Cloak And Dagger","Concentrate"],"picked":"SKIP","floor":11.0},{"not_picked":["Venomology","Flying Knee","Reflex"],"picked":"SKIP","floor":12.0},{"not_picked":["Masterful Stab","PiercingWail"],"picked":"Leg Sweep","floor":13.0},{"not_picked":["Flying Knee","Eviscerate"],"picked":"Underhanded Strike","floor":14.0},{"not_picked":["Tools of the Trade","Doppelganger"],"picked":"Corpse Explosion","floor":16.0},{"not_picked":["Choke+1","Deadly Poison","Deflect"],"picked":"SKIP","floor":18.0},{"not_picked":["Accuracy","Masterful Stab+1"],"picked":"Footwork","floor":22.0},{"not_picked":["Dodge and Roll","Escape Plan"],"picked":"Accuracy","floor":24},{"not_picked":["Prepared","Sucker Punch"],"picked":"Backflip+1","floor":27},{"not_picked":["Flying Knee","Poisoned Stab"],"picked":"PiercingWail","floor":29},{"not_picked":["Tools of the Trade","Night Terror"],"picked":"After Image","floor":33},{"not_picked":["PiercingWail+1","Dash+1"],"picked":"Backstab+1","floor":35},{"not_picked":["Backflip","Reflex","Underhanded Strike"],"picked":"SKIP","floor":36},{"not_picked":["Quick Slash","Deflect+1","Dagger Spray"],"picked":"SKIP","floor":37},{"not_picked":["Dagger Throw","Heel Hook","Deadly Poison+1"],"picked":"SKIP","floor":39},{"not_picked":["Slice+1","Riddle With Holes"],"picked":"PiercingWail","floor":42},{"not_picked":["Accuracy","Deflect+1","Doppelganger"],"picked":"SKIP","floor":45},{"not_picked":["Flechettes+1","Sucker Punch+1"],"picked":"Terror+1","floor":48}],"player_experience":80953,"relics_obtained":[{"floor":7.0,"key":"Akabeko"},{"floor":9.0,"key":"The Courier"},{"floor":13.0,"key":"Happy Flower"},{"floor":20.0,"key":"Lantern"},{"floor":21.0,"key":"Nilry\u0027s Codex"},{"floor":24,"key":"Ninja Scroll"},{"floor":26,"key":"MawBank"},{"floor":42,"key":"Orichalcum"},{"floor":43,"key":"Bottled Lightning"},{"floor":45,"key":"Molten Egg 2"}],"event_choices":[{"cards_removed":["Defend_G"],"damage_healed":0.0,"max_hp_gain":0.0,"max_hp_loss":0.0,"gold_gain":0.0,"event_name":"Golden Wing","player_choice":"Card Removal","floor":2.0,"gold_loss":0.0,"damage_taken":7.0},{"damage_healed":0.0,"max_hp_gain":0.0,"max_hp_loss":0.0,"gold_gain":0.0,"event_name":"The Woman in Blue","player_choice":"Bought 1 Potion","floor":5.0,"gold_loss":0.0,"damage_taken":0.0},{"damage_healed":0.0,"max_hp_gain":0.0,"max_hp_loss":0.0,"gold_gain":0.0,"event_name":"Nest","player_choice":"Joined the Cult","floor":19.0,"gold_loss":0.0,"damage_taken":6.0,"cards_obtained":["RitualDagger"]},{"damage_healed":0.0,"max_hp_gain":0.0,"max_hp_loss":0.0,"gold_gain":0.0,"event_name":"Cursed Tome","player_choice":"Obtained Book","floor":21.0,"gold_loss":0.0,"damage_taken":16.0},{"damage_healed":0,"gold_gain":0,"player_choice":"Forge","damage_taken":0,"max_hp_gain":0,"max_hp_loss":0,"event_name":"Accursed Blacksmith","floor":31,"gold_loss":0,"cards_upgraded":["Footwork"]},{"damage_healed":18,"gold_gain":0,"player_choice":"Writhe","damage_taken":0,"max_hp_gain":0,"max_hp_loss":0,"event_name":"Winding Halls","floor":41,"gold_loss":0,"cards_obtained":["Writhe"]},{"cards_removed":["Strike_G"],"damage_healed":0,"gold_gain":0,"player_choice":"Removed Attack","damage_taken":0,"max_hp_gain":0,"max_hp_loss":0,"event_name":"Falling","floor":44,"gold_loss":0}],"is_beta":false,"boss_relics":[{"not_picked":["Busted Crown","Runic Pyramid"],"picked":"WristBlade"},{"not_picked":["Astrolabe","Pandora\u0027s Box"],"picked":"Ring of the Serpent"}],"items_purged_floors":[30,38],"is_endless":false,"potions_floor_spawned":[4,7,13,14,18,27,29,33,36,39,45],"ascension_level":7}}