{"host":"f7915vm1ahl7kex1","time":1614289387,"event":{"mods":["BaseMod","Colored Map","Downfall","Minty Spire (QoL Compilation)","Quick Restart","Spire Arcade","StSLib"],"gold_per_floor":[199,212,222,222,10,29,29,29,55,55,55,55,55],"floor_reached":11,"language":"ENG","playtime":257,"items_purged":[],"score":75,"play_id":"7dcc37b0-d064-472c-a88e-d95f93cb1ae0","local_time":"20210225154307","is_ascension_mode":true,"campfire_choices":[{"floor":1,"key":"RECALL"},{"data":"Slimebound:Schlurp","floor":8,"key":"SMITH"}],"circlet_count":0,"master_deck":["sneckomod:Strike","sneckomod:Strike","sneckomod:Strike","sneckomod:Defend","sneckomod:Defend","sneckomod:Defend","sneckomod:TailWhip","sneckomod:SnekBite","Slimebound:Schlurp+1","sneckomod:WideSting","Slimebound:FinishingTackle"],"relics":["sneckomod:SneckoSoul","Omamori","Sundial","Lizard Tail"],"acts_visited":["Exordium"],"potions_floor_usage":[9],"damage_taken":[{"damage":2,"enemies":"Small Slimes","floor":2,"turns":3},{"damage":0,"enemies":"Cultist","floor":3,"turns":2},{"damage":4,"enemies":"downfall:FleeingMerchant","floor":5,"turns":4},{"damage":2,"enemies":"2 Louse","floor":6,"turns":2},{"damage":16,"enemies":"Gremlin Nob","floor":9,"turns":3},{"damage":1,"enemies":"3 Sentries","floor":11,"turns":2}],"seed_played":"-3271811719385541640","potions_obtained":[{"floor":3,"key":"Strength Potion"},{"floor":6,"key":"AttackPotion"}],"is_trial":false,"path_per_floor":["R","M","M","?","$","M","T","R","E","R","E"],"character_chosen":"THE_SNECKO","items_purchased":["Omamori","sneckomod:WideSting"],"campfire_rested":0,"item_purchase_floors":[5,5],"current_hp_per_floor":[90,88,88,88,84,82,82,82,66,66,65,65,65],"gold":55,"neow_bonus":"HUNDRED_GOLD","is_daily":false,"chose_seed":false,"campfire_upgraded":1,"win_rate":0.0,"timestamp":1614289387,"path_taken":["R","M","M","?","$","M","T","R","E","R","E"],"items_purchased_type":["Relic","Card"],"build_version":"2020-12-22","purchased_purges":0,"victory":false,"max_hp_per_floor":[90,90,90,90,90,90,90,90,90,90,90,90,90],"card_choices":[{"not_picked":["sneckomod:SoulDraw","sneckomod:Nope"],"picked":"sneckomod:Memorize","floor":2},{"not_picked":["sneckomod:MixItUp","sneckomod:SoulCleanse","sneckomod:SnekBeam"],"picked":"SKIP","floor":3},{"not_picked":["sneckomod:UnknownCommonSkill","sneckomod:RainOfDice","sneckomod:DiceBlock"],"picked":"SKIP","floor":5},{"not_picked":["sneckomod:UnknownBlock","sneckomod:IronFang","sneckomod:UnknownUncommonSkill"],"picked":"SKIP","floor":6},{"not_picked":["sneckomod:Unknown3Cost","sneckomod:UnknownDraw","sneckomod:UnknownBlock"],"picked":"SKIP","floor":9}],"player_experience":1248497,"relics_obtained":[{"floor":7,"key":"Sundial"},{"floor":9,"key":"Lizard Tail"}],"event_choices":[],"is_beta":false,"boss_relics":[],"items_purged_floors":[],"is_endless":false,"potions_floor_spawned":[3,6],"killed_by":"3 Sentries","ascension_level":1}}