{"host":"to2s10i0cynxbiqz","time":1614246258,"event":{"mods":["BaseMod","Colored Powertips","Highlight Path","Minty Spire (QoL Compilation)","Quick Restart","StSLib","slay the spire mod where everything is the same but ironclad has a cowboy hat"],"gold_per_floor":[111,286,236,256,29,60,73,91,116,136,36,56,56,66,66,163,163,177,193,206,206,240,240,259,274,301,312,331,331,331,11,11,11,11],"floor_reached":33,"language":"ZHS","playtime":1546,"items_purged":["Strike_R","Strike_R","Strike_R"],"score":439,"play_id":"f7b4af38-7924-4579-a112-a833fa310b06","local_time":"20210225174418","is_ascension_mode":true,"campfire_choices":[{"data":"Armaments","floor":13.0,"key":"SMITH"},{"data":"Evolve","floor":15.0,"key":"SMITH"},{"floor":23.0,"key":"REST"},{"floor":29,"key":"REST"},{"data":"Offering","floor":32,"key":"SMITH"}],"circlet_count":0,"master_deck":["Strike_R","Strike_R","Defend_R","Defend_R","Defend_R","Defend_R","Bash","Inflame","Warcry","Evolve+1","True Grit","Feel No Pain","Warcry","Second Wind","Flame Barrier","Armaments+1","Body Slam","Offering+1","Sentinel","Necronomicurse","Ghostly Armor","Exhume","Warcry+1","Decay","Shrug It Off"],"relics":["Burning Blood","NeowsBlessing","Nunchaku","Centennial Puzzle","Cursed Key","Necronomicon","Red Mask","MealTicket"],"acts_visited":["Exordium","TheCity"],"potions_floor_usage":[27,33,33],"damage_taken":[{"damage":0.0,"enemies":"Jaw Worm","floor":1.0,"turns":1.0},{"damage":0.0,"enemies":"Small Slimes","floor":4.0,"turns":1.0},{"damage":0.0,"enemies":"Lagavulin","floor":6.0,"turns":2.0},{"damage":2.0,"enemies":"2 Louse","floor":7.0,"turns":3.0},{"damage":10.0,"enemies":"Large Slime","floor":8.0,"turns":6.0},{"damage":1.0,"enemies":"Looter","floor":10.0,"turns":3.0},{"damage":12.0,"enemies":"Lots of Slimes","floor":12.0,"turns":6.0},{"damage":1.0,"enemies":"Exordium Wildlife","floor":14.0,"turns":4.0},{"damage":35.0,"enemies":"Hexaghost","floor":16.0,"turns":10.0},{"damage":6.0,"enemies":"Chosen","floor":18.0,"turns":3.0},{"damage":10.0,"enemies":"3 Byrds","floor":19.0,"turns":4.0},{"damage":7.0,"enemies":"Cultist and Chosen","floor":20.0,"turns":5.0},{"damage":20.0,"enemies":"Masked Bandits","floor":22.0,"turns":5.0},{"damage":16.0,"enemies":"Sentry and Sphere","floor":24.0,"turns":5.0},{"damage":15.0,"enemies":"3 Cultists","floor":25.0,"turns":7.0},{"damage":25,"enemies":"Snecko","floor":27,"turns":5},{"damage":12,"enemies":"Centurion and Healer","floor":28,"turns":7},{"damage":34,"enemies":"Automaton","floor":33,"turns":10}],"seed_played":"709727284105235306","potions_obtained":[{"floor":1.0,"key":"SpeedPotion"},{"floor":7.0,"key":"Energy Potion"},{"floor":8.0,"key":"Weak Potion"},{"floor":16.0,"key":"Block Potion"},{"floor":24.0,"key":"EssenceOfSteel"},{"floor":25.0,"key":"PowerPotion"},{"floor":28,"key":"SteroidPotion"},{"floor":30,"key":"Fire Potion"},{"floor":30,"key":"Regen Potion"},{"floor":30,"key":"Dexterity Potion"}],"is_trial":false,"path_per_floor":["M","?","?","M","$","E","M","M","T","M","$","M","R","M","R","B",null,"M","M","M","?","?","R","M","M","T","M","M","R","?","$","R","B"],"character_chosen":"IRONCLAD","items_purchased":["Warcry","Evolve","True Grit","Shrug It Off","MealTicket"],"campfire_rested":2,"item_purchase_floors":[5,5,5,31,31],"current_hp_per_floor":[78,78,78,80,80,80,80,76,76,80,80,74,74,79,79,50,73,73,69,68,52,38,62,52,43,43,24,18,42,42,42,42,23,23],"gold":11,"neow_bonus":"THREE_ENEMY_KILL","is_daily":false,"chose_seed":false,"campfire_upgraded":3,"win_rate":0.0,"timestamp":1614246258,"path_taken":["M","?","?","M","$","E","M","M","T","M","$","M","R","M","R","BOSS","M","M","M","?","?","R","M","M","T","M","M","R","?","$","R","BOSS"],"items_purchased_type":["Card","Card","Card","Card","Relic"],"build_version":"2020-12-22","purchased_purges":3,"victory":false,"max_hp_per_floor":[80,80,80,80,80,80,80,80,80,80,80,80,80,80,80,80,80,80,80,80,80,80,80,80,80,80,80,80,80,80,80,80,80,80],"card_choices":[{"not_picked":["Uppercut","Heavy Blade","Wild Strike"],"picked":"SKIP","floor":1.0},{"not_picked":["Seeing Red","Headbutt"],"picked":"Inflame","floor":4.0},{"not_picked":["Flex","Dropkick"],"picked":"Feel No Pain","floor":6.0},{"not_picked":["Pommel Strike","Cleave"],"picked":"Warcry","floor":7.0},{"not_picked":["Seeing Red","Uppercut"],"picked":"Second Wind","floor":8.0},{"not_picked":["Heavy Blade","Rampage"],"picked":"Flame Barrier","floor":10.0},{"not_picked":["Clash","Iron Wave"],"picked":"Armaments","floor":12.0},{"not_picked":["Thunderclap","Warcry"],"picked":"Body Slam","floor":14.0},{"not_picked":["Exhume","Juggernaut"],"picked":"Offering","floor":16.0},{"not_picked":["Twin Strike","Clash","Cleave"],"picked":"SKIP","floor":18.0},{"not_picked":["Headbutt","Thunderclap","Evolve+1"],"picked":"SKIP","floor":19.0},{"not_picked":["Rage","Clash"],"picked":"Sentinel","floor":20.0},{"not_picked":["Pommel Strike+1","Twin Strike"],"picked":"Ghostly Armor","floor":22.0},{"not_picked":["Sword Boomerang","Perfected Strike"],"picked":"Exhume","floor":24.0},{"not_picked":["Thunderclap+1","Wild Strike"],"picked":"Warcry+1","floor":25.0},{"not_picked":["Pummel","Limit Break","Feel No Pain"],"picked":"SKIP","floor":27},{"not_picked":["Wild Strike","Carnage","Second Wind"],"picked":"SKIP","floor":28}],"player_experience":217132,"relics_obtained":[{"floor":6.0,"key":"Nunchaku"},{"floor":9.0,"key":"Centennial Puzzle"},{"floor":21.0,"key":"Necronomicon"},{"floor":22.0,"key":"Red Mask"}],"event_choices":[{"damage_healed":0.0,"max_hp_gain":0.0,"max_hp_loss":0.0,"gold_gain":175.0,"event_name":"Liars Game","player_choice":"AGREE","floor":2.0,"gold_loss":0.0,"damage_taken":0.0,"cards_obtained":["Doubt"]},{"cards_removed":["Doubt"],"damage_healed":0.0,"max_hp_gain":0.0,"max_hp_loss":0.0,"gold_gain":0.0,"event_name":"The Cleric","player_choice":"Card Removal","floor":3.0,"gold_loss":50.0,"damage_taken":0.0},{"damage_healed":0.0,"max_hp_gain":0.0,"max_hp_loss":0.0,"gold_gain":0.0,"event_name":"Cursed Tome","player_choice":"Obtained Book","floor":21.0,"gold_loss":0.0,"damage_taken":16.0},{"damage_healed":0.0,"max_hp_gain":0.0,"max_hp_loss":0.0,"gold_gain":0.0,"event_name":"Masked Bandits","player_choice":"Fought Bandits","floor":22.0,"gold_loss":0.0,"damage_taken":0.0},{"damage_healed":0,"gold_gain":0,"player_choice":"Got Potions","damage_taken":0,"max_hp_gain":0,"max_hp_loss":0,"event_name":"Lab","floor":30,"gold_loss":0}],"is_beta":false,"boss_relics":[{"not_picked":["Tiny House","Velvet Choker"],"picked":"Cursed Key"}],"items_purged_floors":[5,11,31],"is_endless":false,"potions_floor_spawned":[1,7,8,16,24,25,28],"killed_by":"Automaton","ascension_level":9}}