{"host":"3zmssa4s99zhxek5","time":1614222007,"event":{"mods":["AchievementEnabler","BaseMod","Minty Spire (QoL Compilation)","Permanent Neow","Relic Stats"],"gold_per_floor":[209,209,223,242,242,242,242,242,242,242,277,277,277,309,309,309,309],"floor_reached":16,"language":"KOR","playtime":469,"items_purged":[],"score":232,"play_id":"63f689da-150c-4641-8188-8063973a5ad4","local_time":"20210225120007","is_ascension_mode":true,"campfire_choices":[{"data":"Searing Blow","floor":6,"key":"SMITH"},{"data":"Searing Blow+1","floor":8,"key":"SMITH"},{"data":"Searing Blow+2","floor":10,"key":"SMITH"},{"data":"Searing Blow+3","floor":12,"key":"SMITH"},{"data":"Searing Blow+4","floor":15,"key":"SMITH"}],"circlet_count":0,"master_deck":["AscendersBane","Strike_R","Strike_R","Strike_R","Strike_R","Strike_R","Defend_R","Defend_R","Defend_R","Defend_R","Bash","Searing Blow+5","Headbutt","Shrug It Off","Armaments","Double Tap"],"relics":["Burning Blood","Question Card","Ancient Tea Set","Smiling Mask","Mummified Hand"],"acts_visited":["Exordium"],"potions_floor_usage":[7,16,16],"damage_taken":[{"damage":21,"enemies":"Jaw Worm","floor":1,"turns":6},{"damage":7,"enemies":"2 Louse","floor":3,"turns":3},{"damage":6,"enemies":"Cultist","floor":4,"turns":3},{"damage":0,"enemies":"3 Sentries","floor":7,"turns":1},{"damage":31,"enemies":"Gremlin Nob","floor":11,"turns":4},{"damage":17,"enemies":"3 Sentries","floor":14,"turns":5},{"damage":26,"enemies":"Slime Boss","floor":16,"turns":6}],"seed_played":"-3385436535920028581","potions_obtained":[{"floor":1,"key":"SmokeBomb"},{"floor":3,"key":"Weak Potion"},{"floor":11,"key":"AttackPotion"}],"is_trial":false,"path_per_floor":["M","?","M","M","T","R","E","R","T","R","E","R","?","E","R","B"],"character_chosen":"IRONCLAD","items_purchased":[],"campfire_rested":0,"item_purchase_floors":[],"current_hp_per_floor":[53,53,52,52,52,52,58,58,58,58,33,33,33,22,22,0,0],"gold":309,"neow_bonus":"HUNDRED_GOLD","is_daily":false,"chose_seed":false,"campfire_upgraded":5,"win_rate":0.0,"timestamp":1614222007,"path_taken":["M","?","M","M","?","R","E","R","T","R","E","R","?","E","R","BOSS"],"items_purchased_type":[],"build_version":"2020-12-22","purchased_purges":0,"victory":false,"max_hp_per_floor":[75,75,75,75,75,75,75,75,75,75,75,75,75,75,75,75,75],"relic_stats":{"counters":[7,28],"Mummified Hand":[0],"Question Card":2,"Smiling Mask":0,"obtain_stats":[{"Mummified Hand":14,"Question Card":5,"Ancient Tea Set":9,"Smiling Mask":11,"Burning Blood":0},{"Mummified Hand":6,"Question Card":3,"Ancient Tea Set":4,"Smiling Mask":5,"Burning Blood":0},{"Mummified Hand":22,"Question Card":12,"Ancient Tea Set":13,"Smiling Mask":17,"Burning Blood":0}],"Burning Blood":36},"card_choices":[{"not_picked":["Warcry","Flex"],"picked":"Searing Blow","floor":1},{"not_picked":["Feel No Pain","Pummel"],"picked":"Headbutt","floor":3},{"not_picked":["Searing Blow","Flex"],"picked":"Shrug It Off","floor":4},{"not_picked":["Power Through","Thunderclap","Anger"],"picked":"Armaments","floor":11},{"not_picked":["Spot Weakness","Wild Strike","Pummel","Rage"],"picked":"SKIP","floor":14}],"player_experience":1690469,"relics_obtained":[{"floor":5,"key":"Question Card"},{"floor":9,"key":"Ancient Tea Set"},{"floor":11,"key":"Smiling Mask"},{"floor":14,"key":"Mummified Hand"}],"event_choices":[{"damage_healed":0,"gold_gain":0,"player_choice":"Ignored","damage_taken":0,"max_hp_gain":0,"max_hp_loss":0,"event_name":"Liars Game","floor":2,"gold_loss":0},{"damage_healed":0,"gold_gain":0,"player_choice":"1 cards matched","damage_taken":0,"max_hp_gain":0,"max_hp_loss":0,"event_name":"Match and Keep!","floor":13,"gold_loss":0,"cards_obtained":["Double Tap"]}],"is_beta":false,"boss_relics":[],"items_purged_floors":[],"is_endless":false,"potions_floor_spawned":[1,3,11],"killed_by":"Slime Boss","ascension_level":20}}