{"host":"xr2w6q7a088fu8w2","time":1614261610,"event":{"mods":["AchievementEnabler","BaseMod","Colored Powertips","Good Game Mod","Koishi","Minty Spire (QoL Compilation)","MostiFishMod","Reimu（博丽灵梦）","Reliquary","StSLib","SuperFastMode","UnlockEverythingMod"],"gold_per_floor":[118,118,118,118,118,118,43,61,112,150,-1350,-1350,-1330,-1289,-1289,-1160,-1160],"floor_reached":16,"language":"ZHS","playtime":236,"items_purged":["Poor:ReiMu","Defend_G"],"score":381,"play_id":"b6fda2ea-4483-45cc-b61d-d432912d415d","local_time":"20210225220010","daily_mods":["Vintage","Green Cards","Heirloom","Time Dilation","Elite Swarm"],"is_ascension_mode":false,"campfire_choices":[{"floor":6,"key":"REST"},{"data":"1","floor":15,"key":"LIFT"}],"circlet_count":0,"master_deck":["Strike_G","Strike_G","Strike_G","Strike_G","Strike_G","Defend_G+1","Defend_G","Defend_G","Defend_G","Survivor","Neutralize+1","OctopathSalyBorderN:ReiMu"],"relics":["Ring of the Snake","REME:ComplimentaryCards","DaveBox","ExusiaiGun","Mango","Gremlin Horn","SynthV:TestCard","Golden Idol","YidongShenshe:ReiMu","White Beast Statue","Akabeko","Unceasing Top","SynthV:MejaisSoulstealer","reliquary:JackalopeAntler","Girya","reliquary:SilkGlove"],"acts_visited":["Exordium"],"potions_floor_usage":[],"damage_taken":[{"damage":0,"enemies":"Small Slimes","floor":1,"turns":1},{"damage":0,"enemies":"2 Louse","floor":8,"turns":1},{"damage":0,"enemies":"Gremlin Nob","floor":10,"turns":1},{"damage":0,"enemies":"Jaw Worm","floor":13,"turns":1},{"damage":0,"enemies":"Lagavulin","floor":14,"turns":1},{"damage":0,"enemies":"Slime Boss","floor":16,"turns":1}],"seed_played":"7260993875054924222","potions_obtained":[{"floor":8,"key":"GrandPatriotsElixir:ReiMu"},{"floor":10,"key":"EssenceOfSteel"},{"floor":13,"key":"Strength Potion"}],"is_trial":true,"path_per_floor":["M","?","?","?","?","R","$","M","T","E","$","T","M","E","R","B"],"character_chosen":"THE_SILENT","items_purchased":["SynthV:MejaisSoulstealer"],"campfire_rested":1,"item_purchase_floors":[11],"current_hp_per_floor":[84,89,71,49,49,75,75,75,75,75,75,75,75,75,75,75,75],"gold":-1160,"neow_bonus":"","is_daily":false,"chose_seed":false,"campfire_upgraded":0,"win_rate":0.0,"timestamp":1614261610,"path_taken":["M","?","?","?","?","R","$","M","T","E","?","?","M","E","R","BOSS"],"items_purchased_type":["Relic"],"build_version":"2020-12-22","purchased_purges":2,"victory":false,"max_hp_per_floor":[84,89,89,89,89,89,89,89,89,89,89,89,89,89,89,89,89],"card_choices":[{"not_picked":["RunawayExorcism:ReiMu","Koishi:PerfectMindControl","Koishi:FadingMemory","Doppelganger"],"picked":"OctopathSalyBorderN:ReiMu","floor":10},{"not_picked":["MostiFishMod:Dislodge","Koishi:GrowingPain","Koishi:FadingMemory","Die Die Die","MostiFishMod:FullyArmed"],"picked":"SKIP","floor":14}],"player_experience":160324,"relics_obtained":[{"floor":1,"key":"Gremlin Horn"},{"floor":1,"key":"SynthV:TestCard"},{"floor":8,"key":"White Beast Statue"},{"floor":9,"key":"Akabeko"},{"floor":10,"key":"Unceasing Top"},{"floor":12,"key":"reliquary:JackalopeAntler"},{"floor":13,"key":"Girya"},{"floor":14,"key":"reliquary:SilkGlove"}],"event_choices":[{"damage_healed":0,"gold_gain":0,"player_choice":"Donut","damage_taken":0,"max_hp_gain":5,"max_hp_loss":0,"event_name":"Big Fish","floor":2,"gold_loss":0},{"damage_healed":0,"gold_gain":0,"player_choice":"Entered Light","damage_taken":18,"max_hp_gain":0,"max_hp_loss":0,"event_name":"Shining Light","floor":3,"gold_loss":0,"cards_upgraded":["Neutralize","Defend_G"]},{"damage_healed":0,"gold_gain":0,"player_choice":"Take Damage","damage_taken":22,"relics_obtained":["Golden Idol"],"max_hp_gain":0,"max_hp_loss":0,"event_name":"Golden Idol","floor":4,"gold_loss":0},{"damage_healed":0,"gold_gain":0,"player_choice":"带走神社","damage_taken":0,"relics_obtained":["YidongShenshe:ReiMu"],"max_hp_gain":0,"max_hp_loss":0,"event_name":"yidonshenshe","floor":5,"gold_loss":0,"cards_obtained":["Poor:ReiMu"]}],"is_beta":false,"boss_relics":[],"items_purged_floors":[7,11],"is_endless":true,"potions_floor_spawned":[8,10,13,14,16],"killed_by":"Slime Boss","ascension_level":0}}