{"host":"tnuwi4l1p9i8nc6x","time":1614262780,"event":{"mods":["Act Like it!","Aspiration","Astrologer","BaseMod","Beaked The Cultist","Better Third Choice","BetterRewards","Colored Map","Colored Powertips","Conspire","Defuse TimeMaze Blight","Downfall","Extra Virgin Snecko Oil","Friendly Minions","Hermit","Hubris","Infinite Spire","Jorbs\u0027s Wanderer Trilogy","Marisa????????","Minty Spire (QoL Compilation)","Permanent Neow","Quick Restart","Rare Cards Sparkle","Remilia??????","Replay The Spire","Shop Mod","StSLib","The Bug Knight","The Construct","The Cursed","The Disciple","The Hierophant","The Jungle","The Marked","The Necromancer","The Poker Player","The Runesmith","The Senshi","The Servant 0.9.4","TheBandit"],"gold_per_floor":[110,110,120,139,139,170,170,184,211,240,240,240,240,190,190,281,281,284,284,284,284,284,284,282,282,309,182,206,206,121,147,147,263,263,296,75,75,75,35,35,96,125,125,125,125,125,125,152,152,152],"floor_reached":49,"language":"ENG","playtime":2699,"items_purged":[],"score":510,"play_id":"f6ffe4f6-53a7-4b24-8321-ea2502cd19cb","local_time":"20210225091940","is_ascension_mode":false,"campfire_choices":[{"floor":7,"key":"REST"},{"floor":11,"key":"REST"},{"floor":13,"key":"REST"},{"floor":15,"key":"REST"},{"data":"hubris:Rewind","floor":29,"key":"SMITH"},{"floor":32,"key":"REST"},{"data":"ReplayTheSpireMod:Black Plague","floor":32,"key":"SMITH"},{"data":"astrologer:HeatDeath","floor":40,"key":"SMITH"},{"floor":47,"key":"REST"},{"data":"astrologer:Prismatic","floor":47,"key":"SMITH"}],"circlet_count":0,"master_deck":["astrologer:Strike","astrologer:Strike","astrologer:Defend","astrologer:Defend","astrologer:NorthStar+1","astrologer:WheelofFortune","astrologer:NeutronStar","astrologer:GlassStar","astrologer:RejectReality","astrologer:Sunrise+1","astrologer:TheEmperor+1","astrologer:Starfield+1","astrologer:SolarFlare+1","ReplayTheSpireMod:Black Plague+1","hubris:Rewind+1","astrologer:Eclipse","astrologer:Strength","astrologer:Fireball","astrologer:Fireball","astrologer:CosmicExpanse","astrologer:SolarFlare","astrologer:ReadTheStars+1","astrologer:HeatDeath+1","astrologer:CometStrike+1","astrologer:Prismatic+1","astrologer:Eclipse+1","astrologer:CometStrike+1","CurseOfTheBell","astrologer:Stardust+1"],"relics":["astrologer:SkyMirror","Snecko Eye","aspiration:SecretTechniqueScroll","infinitespire:Bottled Soul","Blue Doll","aspiration:TomeofQuesting","HornCleat","Astrolabe","WingedGreaves","Du-Vu Doll","Replay:Bandana","infinitespire:Magic Flask","aspiration:RitualDagger","Sling","hubris:Icosahedron","Anchor","The Courier","Calling Bell","ReplayFunnel","Toxic Egg 2","Ginger"],"acts_visited":["Exordium","TheCity","TheBeyond"],"potions_floor_usage":[6,24,41],"damage_taken":[{"damage":5,"enemies":"Jaw Worm","floor":1,"turns":4},{"damage":2,"enemies":"Cultist","floor":3,"turns":6},{"damage":7,"enemies":"2 Louse","floor":4,"turns":3},{"damage":31,"enemies":"3 Sentries","floor":6,"turns":8},{"damage":18,"enemies":"Lots of Slimes","floor":8,"turns":4},{"damage":18,"enemies":"Lagavulin","floor":10,"turns":8},{"damage":12,"enemies":"Slime Boss","floor":16,"turns":15},{"damage":0,"enemies":"Shell Parasite","floor":18,"turns":3},{"damage":1,"enemies":"Slavers","floor":24,"turns":4},{"damage":0,"enemies":"Chosen","floor":28,"turns":4},{"damage":16,"enemies":"Centurion and Healer","floor":31,"turns":3},{"damage":16,"enemies":"Champ","floor":33,"turns":8},{"damage":15,"enemies":"3 Darklings","floor":35,"turns":3},{"damage":28,"enemies":"Giant Head","floor":41,"turns":5},{"damage":23,"enemies":"3 Shapes","floor":42,"turns":5},{"damage":92,"enemies":"Transient","floor":48,"turns":5},{"damage":13,"enemies":"Sphere and 2 Shapes","floor":49,"turns":1}],"seed_played":"803052064074458029","potions_obtained":[{"floor":3,"key":"Adrenaline Potion"},{"floor":4,"key":"Dexterity Potion"},{"floor":18,"key":"SneckoOil"},{"floor":31,"key":"Dexterity Potion"},{"floor":33,"key":"CultistPotion"},{"floor":39,"key":"Strength Potion"},{"floor":39,"key":"Fire Potion"},{"floor":48,"key":"SkillPotion"}],"is_trial":false,"path_per_floor":["M","?","M","M","?","E","R","M","T","E","R","T","R","?","R","B",null,"M","?","?","AVR","?","R","E","?","T","$","M","R","?","M","R","B",null,"M","$","?","$","?","R","E","M","PTL","PTL","T","AVR","R","M","M"],"character_chosen":"ASTROLOGER","items_purchased":["astrologer:Fireball","astrologer:CosmicExpanse","astrologer:Prismatic","Sling"],"campfire_rested":6,"item_purchase_floors":[27,27,36,36],"current_hp_per_floor":[65,65,63,56,63,32,53,35,35,17,38,38,59,59,70,58,70,70,54,54,54,54,54,53,53,53,53,53,53,53,37,58,42,70,55,55,55,55,55,55,27,4,4,4,4,4,25,4,0,0],"gold":152,"neow_bonus":"DOUBLE_BOSS_RELIC","is_daily":false,"chose_seed":false,"campfire_upgraded":4,"win_rate":0.0,"timestamp":1614262780,"path_taken":["M","?","?","M","?","E","R","?","T","E","R","?","R","?","R","BOSS","M","?","?","AVR","?","R","E","?","T","$","?","R","?","M","R","BOSS","M","$","?","?","?","R","E","?","PTL","PTL","T","AVR","R","?","M"],"items_purchased_type":["Card","Card","Card","Relic"],"build_version":"2020-12-22","purchased_purges":0,"victory":false,"max_hp_per_floor":[70,70,70,70,70,70,70,70,70,70,70,70,70,70,70,70,70,70,70,70,70,70,70,70,70,70,70,70,70,70,70,70,70,70,70,70,70,70,70,70,70,70,70,70,70,70,70,70,70,70],"card_choices":[{"not_picked":["astrologer:Radiance","astrologer:Stardust","astrologer:Conjunction"],"picked":"SKIP","floor":1},{"not_picked":["astrologer:Justice","astrologer:ReadTheStars","astrologer:FrozenStar"],"picked":"SKIP","floor":3},{"not_picked":["astrologer:ReadTheStars","astrologer:TheHangedMan"],"picked":"astrologer:WheelofFortune","floor":4},{"not_picked":["astrologer:ReadTheStars","astrologer:Sunrise"],"picked":"astrologer:NeutronStar","floor":6},{"not_picked":["astrologer:CometStrike","astrologer:Strength"],"picked":"astrologer:GlassStar","floor":8},{"not_picked":["astrologer:Divination","astrologer:TheHierophant"],"picked":"astrologer:Starfield","floor":10},{"not_picked":["astrologer:DarkMatter","astrologer:Fate"],"picked":"astrologer:RejectReality","floor":16},{"not_picked":["astrologer:Radiance","astrologer:ReadTheStars"],"picked":"astrologer:SolarFlare+1","floor":18},{"not_picked":["infinitespire:SealOfDarkness+","infinitespire:Fortify"],"picked":"ReplayTheSpireMod:Black Plague","floor":19},{"not_picked":["astrologer:ReadTheStars","astrologer:TheWorld"],"picked":"astrologer:Eclipse","floor":24},{"not_picked":["astrologer:Still+1","astrologer:CometStrike"],"picked":"astrologer:SolarFlare","floor":28},{"not_picked":["astrologer:TheDevil","astrologer:Conjunction"],"picked":"astrologer:ReadTheStars+1","floor":31},{"not_picked":["astrologer:Fate","astrologer:WheelofFortune"],"picked":"astrologer:HeatDeath","floor":33},{"not_picked":["astrologer:ReadTheStars","astrologer:StarOfMisfortune"],"picked":"astrologer:CometStrike+1","floor":35},{"not_picked":["astrologer:Moonlight","astrologer:CometStrike+1"],"picked":"astrologer:Eclipse+1","floor":41},{"not_picked":["astrologer:ShootingStar+1","astrologer:MeteorShower"],"picked":"astrologer:CometStrike+1","floor":42},{"not_picked":["astrologer:Moonlight+1","astrologer:TheHermit+1"],"picked":"astrologer:Stardust+1","floor":48}],"player_experience":771206,"relics_obtained":[{"floor":6,"key":"infinitespire:Bottled Soul"},{"floor":9,"key":"Blue Doll"},{"floor":10,"key":"aspiration:TomeofQuesting"},{"floor":12,"key":"HornCleat"},{"floor":24,"key":"Du-Vu Doll"},{"floor":26,"key":"Replay:Bandana"},{"floor":41,"key":"Anchor"},{"floor":45,"key":"The Courier"},{"floor":46,"key":"ReplayFunnel"},{"floor":46,"key":"Toxic Egg 2"},{"floor":46,"key":"Ginger"}],"event_choices":[{"damage_healed":0,"gold_gain":0,"player_choice":"Upgraded","damage_taken":0,"max_hp_gain":0,"max_hp_loss":0,"event_name":"Upgrade Shrine","floor":2,"gold_loss":0,"cards_upgraded":["astrologer:NorthStar"]},{"cards_removed":["astrologer:Strike"],"damage_healed":0,"gold_gain":0,"player_choice":"Card Removal","damage_taken":0,"max_hp_gain":0,"max_hp_loss":0,"event_name":"The Cleric","floor":14,"gold_loss":50},{"damage_healed":0,"gold_gain":0,"player_choice":"Ignored","damage_taken":0,"max_hp_gain":0,"max_hp_loss":0,"event_name":"Ghosts","floor":20,"gold_loss":0},{"cards_removed":["astrologer:Starfield"],"damage_healed":0,"gold_gain":0,"player_choice":"Elegance","damage_taken":0,"max_hp_gain":0,"max_hp_loss":0,"event_name":"betterThird:BetterWriting","floor":22,"gold_loss":0},{"damage_healed":0,"gold_gain":0,"cards_transformed":["astrologer:TheFool"],"player_choice":"Transformed","damage_taken":0,"max_hp_gain":0,"max_hp_loss":0,"event_name":"Transmorgrifier","floor":25,"gold_loss":0,"cards_obtained":["astrologer:Strength"]},{"damage_healed":0,"gold_gain":0,"player_choice":"Obtained Relic","damage_taken":0,"relics_obtained":["infinitespire:Magic Flask"],"max_hp_gain":0,"max_hp_loss":0,"event_name":"Addict","floor":30,"gold_loss":85},{"damage_healed":0,"gold_gain":0,"player_choice":"Bought 3 Potions","damage_taken":0,"max_hp_gain":0,"max_hp_loss":0,"event_name":"The Woman in Blue","floor":39,"gold_loss":0}],"is_beta":false,"boss_relics":[{"not_picked":["aspiration:WatcherSkillbook","Replay:Fungal Core"],"picked":"Astrolabe"},{"not_picked":["Pandora\u0027s Box","ReplayTheSpireMod:DimensionalGlitch"],"picked":"aspiration:RitualDagger"}],"items_purged_floors":[],"is_endless":false,"potions_floor_spawned":[3,4,18,31,33,48],"killed_by":"Sphere and 2 Shapes","ascension_level":0}}