{"host":"atej3g1v0kkmhusa","time":1614281807,"event":{"mods":["BaseMod","Hubris","Marisa????????","Minty Spire (QoL Compilation)","Rare Cards Sparkle","Relic Stats","Remilia??????","Replay The Spire","StSLib","The Runesmith","Youmu??????"],"gold_per_floor":[109,109,119,136,156,156,96,107,107,127,152,152,179,32,32,132,132,144,158,158,158,185,223,235,247,247],"floor_reached":25,"language":"ENG","playtime":1312,"items_purged":[],"score":248,"play_id":"b1159463-812d-41f9-91c8-d2fa4cc09298","local_time":"20210225163647","is_ascension_mode":false,"campfire_choices":[{"data":"Runesmith:Reinforce","floor":6,"key":"SMITH"},{"data":"Runesmith:MetallurgicalResearch","floor":12,"key":"SMITH"},{"floor":15,"key":"REST"},{"data":"Runesmith:HeatExchange","floor":24,"key":"SMITH"}],"circlet_count":0,"master_deck":["Runesmith:Strike_RS","Runesmith:Strike_RS","Runesmith:Strike_RS","Runesmith:Strike_RS","Runesmith:Defend_RS","Runesmith:Defend_RS","Runesmith:Defend_RS","Runesmith:Defend_RS","Runesmith:CraftFirestone","Runesmith:Fortify","Runesmith:UnstableHammer","Runesmith:Reinforce+1","Runesmith:Refine","Runesmith:RuneHurl","Runesmith:RunicBlueprint+1","Runesmith:MetallurgicalResearch+1","Runesmith:PerfectChisel","Runesmith:EnergizedChisel","Runesmith:CreatorForm","Runesmith:ChiselStab+1","Runesmith:Firestorm+1","Writhe","Runesmith:HeatExchange+1","Runesmith:GrandSlam"],"relics":["Runesmith:BrokenRuby","NeowsBlessing","hubris:Metronome","hubris:OldNail","Replay:WaspNest","Runesmith:EmergencyProvisions","Honey Jar","hubris:BottledHeart","MawBank","Orichalcum"],"acts_visited":["Exordium","TheCity"],"potions_floor_usage":[22,23,23],"damage_taken":[{"damage":0,"enemies":"Jaw Worm","floor":1,"turns":1},{"damage":0,"enemies":"Cultist","floor":3,"turns":1},{"damage":0,"enemies":"Small Slimes","floor":4,"turns":1},{"damage":12,"enemies":"Exordium Wildlife","floor":5,"turns":5},{"damage":0,"enemies":"Looter","floor":8,"turns":3},{"damage":12,"enemies":"3 Louse","floor":10,"turns":3},{"damage":13,"enemies":"Replay:BlueRogue","floor":13,"turns":5},{"damage":7,"enemies":"The Guardian","floor":16,"turns":7},{"damage":0,"enemies":"Spheric Guardian","floor":18,"turns":2},{"damage":1,"enemies":"2 Thieves","floor":19,"turns":3},{"damage":0,"enemies":"Chosen and Byrds","floor":22,"turns":3},{"damage":0,"enemies":"Replay:Snechameleon","floor":23,"turns":4}],"seed_played":"-9071642999678087474","potions_obtained":[{"floor":3,"key":"Weak Potion"},{"floor":10,"key":"Strength Potion"},{"floor":13,"key":"PowerPotion"},{"floor":18,"key":"GamblersBrew"},{"floor":22,"key":"Dexterity Potion"}],"is_trial":false,"path_per_floor":["M","?","M","M","M","R","$","M","T","M","T","R","E","$","R","B",null,"M","M","?","?","M","E","R","?"],"character_chosen":"RUNESMITH_CLASS","items_purchased":["Runesmith:RunicBlueprint+1","Runesmith:EmergencyProvisions"],"campfire_rested":1,"item_purchase_floors":[7,14],"current_hp_per_floor":[70,70,70,70,58,58,58,58,58,46,46,46,33,33,54,47,70,70,69,1,1,1,1,1,0,0],"gold":247,"neow_bonus":"THREE_ENEMY_KILL","is_daily":false,"chose_seed":false,"campfire_upgraded":3,"win_rate":0.0,"timestamp":1614281807,"path_taken":["M","?","M","?","M","R","?","M","T","M","?","R","E","$","R","BOSS","M","M","?","?","M","E","R","?"],"items_purchased_type":["Card","Relic"],"build_version":"2020-12-13","purchased_purges":0,"victory":false,"max_hp_per_floor":[70,70,70,70,70,70,70,70,70,70,70,70,70,70,70,70,70,70,70,1,1,1,1,1,1,1],"relic_stats":{"counters":[12,38],"Orichalcum":[0],"MawBank":48,"obtain_stats":[{"Runesmith:BrokenRuby":0,"hubris:Metronome":9,"NeowsBlessing":0,"hubris:BottledHeart":20,"Honey Jar":17,"Replay:WaspNest":13,"Runesmith:EmergencyProvisions":14,"Orichalcum":23,"MawBank":21,"hubris:OldNail":11},{"Runesmith:BrokenRuby":0,"hubris:Metronome":5,"NeowsBlessing":0,"hubris:BottledHeart":10,"Honey Jar":8,"Replay:WaspNest":7,"Runesmith:EmergencyProvisions":7,"Orichalcum":12,"MawBank":10,"hubris:OldNail":6},{"Runesmith:BrokenRuby":0,"hubris:Metronome":11,"NeowsBlessing":0,"hubris:BottledHeart":31,"Honey Jar":26,"Replay:WaspNest":19,"Runesmith:EmergencyProvisions":19,"Orichalcum":38,"MawBank":31,"hubris:OldNail":14}]},"card_choices":[{"not_picked":["Runesmith:Repurpose","Runesmith:Accelerate"],"picked":"Runesmith:UnstableHammer","floor":1},{"not_picked":["Runesmith:Accelerate","Runesmith:Repurpose"],"picked":"Runesmith:Reinforce","floor":3},{"not_picked":["Runesmith:OneForEveryone","Runesmith:HammerThrow"],"picked":"Runesmith:Refine","floor":4},{"not_picked":["Runesmith:Repurpose","Runesmith:GoWithTheFlow"],"picked":"Runesmith:RuneHurl","floor":5},{"not_picked":["Runesmith:HeatedChisel","Runesmith:ChiselStab"],"picked":"Runesmith:MetallurgicalResearch","floor":8},{"not_picked":["Runesmith:Permafrost","Runesmith:CraftMagma"],"picked":"Runesmith:PerfectChisel","floor":10},{"not_picked":["Runesmith:MakeshiftArmor","Runesmith:Permafrost"],"picked":"Runesmith:EnergizedChisel","floor":13},{"not_picked":["Runesmith:DuctTape","Runesmith:UnlimitedPower"],"picked":"Runesmith:CreatorForm","floor":16},{"not_picked":["Runesmith:HeatedChisel","Runesmith:Permafrost","Runesmith:HammerThrow"],"picked":"Runesmith:ChiselStab+1","floor":18},{"not_picked":["Runesmith:FrozenChisel","Runesmith:ChiselStab","Runesmith:RuneHurl"],"picked":"Runesmith:Firestorm+1","floor":19},{"not_picked":["Runesmith:HeatedChisel","Runesmith:Grindstone","Runesmith:LithiumIon"],"picked":"Runesmith:HeatExchange","floor":22},{"not_picked":["Runesmith:CraftReservo","Runesmith:OneForEveryone","Runesmith:RuneHurl"],"picked":"Runesmith:GrandSlam","floor":23}],"player_experience":0,"relics_obtained":[{"floor":9,"key":"hubris:Metronome"},{"floor":11,"key":"hubris:OldNail"},{"floor":13,"key":"Replay:WaspNest"},{"floor":23,"key":"Orichalcum"}],"event_choices":[{"damage_healed":0,"gold_gain":0,"player_choice":"Bought 0 Potions","damage_taken":0,"max_hp_gain":0,"max_hp_loss":0,"event_name":"The Woman in Blue","floor":2,"gold_loss":0},{"damage_healed":0,"gold_gain":0,"player_choice":"Opened","damage_taken":0,"relics_obtained":["MawBank"],"max_hp_gain":0,"max_hp_loss":0,"event_name":"The Mausoleum","floor":21,"gold_loss":0,"cards_obtained":["Writhe"]}],"is_beta":false,"boss_relics":[{"not_picked":["Replay:Bronze Core","Empty Cage"],"picked":"Honey Jar"}],"items_purged_floors":[],"is_endless":false,"potions_floor_spawned":[3,10,13,18,22],"ascension_level":0}}