{"host":"k7mar46pww1g9iom","time":1614266394,"event":{"mods":["AchievementEnabler","BaseMod","BetterRewards","Colored Powertips","Custom Start","DeckTracker","Downfall","Hermit","Hubris","Marisa????????","Minty Spire (QoL Compilation)","Rare Cards Sparkle","Relic Stats","Replay The Spire","StSLib","The Animator","The Cursed","The Runesmith","The Servant 0.9.4","The Wild Card"],"gold_per_floor":[112,125,142,142,107,36,36,36,36,50,50,50,63,77,77,77,77],"floor_reached":16,"language":"ENG","playtime":363,"items_purged":[],"score":92,"play_id":"fa49edee-3dfe-467d-8ff2-2ac625b18025","local_time":"20210225161954","is_ascension_mode":false,"campfire_choices":[{"data":"Demon Form","floor":8,"key":"SMITH"},{"data":"Rampage","floor":11,"key":"SMITH"},{"data":"Anger","floor":11,"key":"SMITH"},{"floor":15,"key":"RECALL"}],"circlet_count":0,"master_deck":["Strike_R","Strike_R","Strike_R+1","Strike_R","Strike_R","Defend_R","Defend_R","Defend_R","Defend_R","Bash","Disarm","Anger+1","Rampage+1","Demon Form+1","Sword Boomerang","Clash","ReplayTheSpireMod:Stacked"],"relics":["Burning Blood","ReplayTheSpireMod:Lightbulb","Red Skull","Replay:Arrowhead"],"acts_visited":["Exordium"],"potions_floor_usage":[16],"damage_taken":[{"damage":6,"enemies":"2 Louse","floor":1,"turns":4},{"damage":19,"enemies":"Jaw Worm","floor":2,"turns":7},{"damage":0,"enemies":"Cultist","floor":3,"turns":3},{"damage":22,"enemies":"3 Louse","floor":10,"turns":4},{"damage":16,"enemies":"Exordium Wildlife","floor":13,"turns":3},{"damage":16,"enemies":"Looter","floor":14,"turns":3},{"damage":55,"enemies":"The Guardian","floor":16,"turns":8}],"seed_played":"-6618534482327577370","potions_obtained":[{"floor":3,"key":"ElixirPotion"},{"floor":13,"key":"bronze:BurnAndBuffPotion"},{"floor":14,"key":"Death Potion"}],"is_trial":false,"path_per_floor":["M","M","M","?","?","$","$","R","T","M","R","?","M","M","R","B"],"character_chosen":"IRONCLAD","items_purchased":["Demon Form"],"campfire_rested":0,"item_purchase_floors":[6],"current_hp_per_floor":[80,67,73,61,80,80,80,80,80,64,64,64,54,44,44,0,0],"gold":77,"neow_bonus":"RANDOM_COMMON_RELIC","is_daily":false,"chose_seed":false,"campfire_upgraded":3,"win_rate":0.0,"timestamp":1614266394,"path_taken":["M","M","M","?","?","?","$","R","T","?","R","?","M","M","R","BOSS"],"items_purchased_type":["Card"],"build_version":"2020-12-22","purchased_purges":0,"victory":false,"max_hp_per_floor":[80,80,80,80,80,80,80,80,80,80,80,80,80,80,80,80,80],"relic_stats":{"counters":[7,32],"obtain_stats":[{"ReplayTheSpireMod:Lightbulb":0,"Burning Blood":0,"Red Skull":4,"Replay:Arrowhead":9},{"ReplayTheSpireMod:Lightbulb":0,"Burning Blood":0,"Red Skull":3,"Replay:Arrowhead":3},{"ReplayTheSpireMod:Lightbulb":0,"Burning Blood":0,"Red Skull":14,"Replay:Arrowhead":14}],"Burning Blood":36},"card_choices":[{"not_picked":["hubris:ReadiedAction","Havoc"],"picked":"Disarm","floor":1},{"not_picked":["Replay:Undeath\u0027s Touch","Cleave"],"picked":"Anger","floor":2},{"not_picked":["Wild Strike","hubris:ReadiedAction"],"picked":"Rampage","floor":3},{"not_picked":["Havoc","ReplayTheSpireMod:LeadingStrike"],"picked":"Sword Boomerang","floor":10},{"not_picked":["Battle Trance","Defy Death"],"picked":"Clash","floor":13},{"not_picked":["Heavy Blade","Rupture"],"picked":"ReplayTheSpireMod:Stacked","floor":14}],"player_experience":197356,"relics_obtained":[{"floor":9,"key":"Replay:Arrowhead"}],"event_choices":[{"damage_healed":0,"gold_gain":0,"player_choice":"Success","damage_taken":12,"relics_obtained":["Red Skull"],"max_hp_gain":0,"max_hp_loss":0,"event_name":"Scrap Ooze","floor":4,"gold_loss":0},{"damage_healed":20,"gold_gain":0,"player_choice":"Healed","damage_taken":0,"max_hp_gain":0,"max_hp_loss":0,"event_name":"The Cleric","floor":5,"gold_loss":35}],"is_beta":false,"boss_relics":[],"items_purged_floors":[],"is_endless":false,"potions_floor_spawned":[3,13,14],"killed_by":"The Guardian","ascension_level":0}}