{"host":"3mt4w4o4jnuk8q1t","time":1614250681,"event":{"mods":["Act Like it!","BaseMod","Colored Map","Colored Powertips","Decade(王小明)","Gensokyo","GungeonMod","Hermit","Jedi Mod","Marisa（F雨　魔理沙）","Minty Spire (QoL Compilation)","Red Circlet Mod","Reimu（博丽灵梦）","Remilia（蕾米莉亚）","Replay The Spire","Robot Space Explorer","RumiaBox-露米娅的神秘盒子","Shop Mod","Spicy Shops","StSLib","TestMod","The Jungle","Waifu the Spire","Yakumo Yukari mod","Youmu（魂魄妖梦）","[IsaacMod]以撒尖塔","【功能Mod】混沌之环修复补丁","【功能Mod】聪明的最终Boss"],"gold_per_floor":[115,132,83,83,103,103,103,28,28,57,71,86,96,112,112,215,215,226,242,281,301,171,171,178,217,242,242,295,42,56,6,6,41,41],"floor_reached":33,"language":"ZHS","playtime":6587,"items_purged":["DenO_Ax"],"score":532,"play_id":"20da94b6-6ebd-4652-a71e-2f0c044640a6","local_time":"20210225185801","daily_mods":["SealedDeck"],"is_ascension_mode":false,"campfire_choices":[{"data":"KamenRideDenO","floor":6.0,"key":"SMITH"},{"data":"AttackRide","floor":15.0,"key":"SMITH"},{"data":"DenO_Climax","floor":23.0,"key":"SMITH"}],"circlet_count":0,"master_deck":["Blade_Slash","AutoVajin","UnarmedAttack3","RideBooker_Skill_1","UnarmedAttack1","AttackRide+1","Decade_Defend2","DenO_Rod","KamenRideDenO+1","PrometheusPower","AttackRide","DenO_Sword","DenO_Sword+1","DenO_Ax","DenO_Sword","DragClaw","UnarmedAttack8","RideBooker","ReplayTheSpireMod:Doomed","DenO_Climax+1","UnarmedAttack7+1","Kiva_Frozen","Decade_Dash1","Decade_Dash1","DenO_Ax","DenO_Rod","UnarmedAttack5+1","Gensokyo:ScrapIron","Gensokyo:RustyChest","Gensokyo:TarnishedGold","UnarmedAttack1","Decade_Slash"],"relics":["Decadriver","replay:Trail_Library","HushsDoor","testmod-TestBox","SalivaCoin","testmod-TimeTraveler","Incense Burner","Baka2","Gensokyo:OccultBall","DemoMod:MonsterBlood","Ccalipers","Ring of Chaos","MerchantsRug","Replay:Wax Seal","TheBean","Boot","Frozen Eye","Ancient Tea Set","jedi:fakemustache","Garlic","PlanX","testmod-TimeTraveler"],"acts_visited":["Exordium","Gensokyo:Gensokyo"],"potions_floor_usage":[],"damage_taken":[{"damage":0.0,"enemies":"Gensokyo:3_Fairies","floor":1.0,"turns":3.0},{"damage":0.0,"enemies":"Gensokyo:2_Kodama","floor":2.0,"turns":2.0},{"damage":1.0,"enemies":"Gensokyo:Gryphon","floor":5.0,"turns":5.0},{"damage":0.0,"enemies":"Gensokyo:Cirno","floor":10.0,"turns":6.0},{"damage":0.0,"enemies":"Gensokyo:CorruptedTreant","floor":11.0,"turns":2.0},{"damage":0.0,"enemies":"Gensokyo:Python_and_Kodama","floor":12.0,"turns":2.0},{"damage":0.0,"enemies":"Gensokyo:3_Kodama","floor":13.0,"turns":2.0},{"damage":0.0,"enemies":"Gensokyo:VengefulSpirit","floor":14.0,"turns":2.0},{"damage":0.0,"enemies":"Gensokyo:Reimu","floor":16.0,"turns":6.0},{"damage":0.0,"enemies":"Gensokyo:2_Gloops","floor":18.0,"turns":5.0},{"damage":0.0,"enemies":"Gensokyo:CosmicMonolith","floor":19.0,"turns":3.0},{"damage":9.0,"enemies":"Gensokyo:Mirror_and_Dog","floor":20.0,"turns":4.0},{"damage":0.0,"enemies":"Gensokyo:3_Gloops","floor":21.0,"turns":3.0},{"damage":21.0,"enemies":"Gensokyo:Tenshi","floor":25.0,"turns":5.0},{"damage":12.0,"enemies":"Gensokyo:Koishi","floor":28.0,"turns":4.0},{"damage":7.0,"enemies":"Gensokyo:Tenshi","floor":30.0,"turns":3.0},{"damage":25,"enemies":"Gensokyo:Eiki","floor":33,"turns":2}],"seed_played":"-3740820263612256318","potions_obtained":[{"floor":2.0,"key":"Languid Potion"},{"floor":5.0,"key":"jedi:StrikingPotion"},{"floor":10.0,"key":"Swift Potion"},{"floor":12.0,"key":"ColorlessPotion"},{"floor":14.0,"key":"SteroidPotion"},{"floor":18.0,"key":"SteroidPotion"},{"floor":21.0,"key":"Elixir"},{"floor":25.0,"key":"ZuzhouPotion:ReiMu"}],"is_trial":true,"path_per_floor":["M","M","$","?","M","R","T","$","T","E","M","M","M","M","R","B",null,"M","M","M","M","$","R","?","E","T","?","E","COS","E","$","R_BF","B"],"character_chosen":"Decade","items_purchased":["DenO_Sword","MerchantsRug","Decade_Dash1","Diplopia"],"campfire_rested":0,"item_purchase_floors":[3,22,22,31],"current_hp_per_floor":[70,70,70,70,70,70,77,77,77,77,77,77,77,77,77,77,77,77,77,68,77,77,77,62,41,41,41,29,39,32,37,37,28,28],"gold":41,"neow_bonus":"","is_daily":false,"chose_seed":false,"campfire_upgraded":3,"win_rate":0.0,"timestamp":1614250681,"path_taken":["M","M","$","?","M","R","?","?","T","E","M","M","?","M","R","BOSS","M","M","M","M","$","R","?","E","T","?","E","COS","E","$","R_BF","BOSS"],"items_purchased_type":["Card","Relic","Card","Relic"],"build_version":"2020-12-22","purchased_purges":1,"victory":false,"max_hp_per_floor":[70,70,70,70,70,70,77,77,77,77,77,77,77,77,77,77,77,77,77,77,77,77,77,77,77,77,77,77,77,77,77,77,77,77],"card_choices":[{"not_picked":[],"picked":"ChaosCard","floor":0.0},{"not_picked":["Blade_Beat","KamenRideFaiz"],"picked":"PrometheusPower","floor":1.0},{"not_picked":["Decade_Illusion","RideBooker"],"picked":"AttackRide","floor":2.0},{"not_picked":["RideBooker_Skill_1","FormRidePegasus"],"picked":"DenO_Ax","floor":10.0},{"not_picked":["RideBooker_Skill_1","FormRideDogga"],"picked":"DenO_Sword","floor":11.0},{"not_picked":["KamenRideDecade","Blade_Metal"],"picked":"DragClaw","floor":12.0},{"not_picked":["Blade_Mach","UnarmedAttack3"],"picked":"UnarmedAttack8","floor":13.0},{"not_picked":["Decade_Defend2+1","UnarmedAttack3"],"picked":"RideBooker","floor":18.0},{"not_picked":["FormRidePegasus","UnarmedAttack7"],"picked":"DenO_Climax","floor":19.0},{"not_picked":["KamenRideKiva+1","KamenRideDenO"],"picked":"UnarmedAttack7+1","floor":20.0},{"not_picked":["KamenRideBlade","FormRideGaruru"],"picked":"Kiva_Frozen","floor":21.0},{"not_picked":["KamenRideHibiki","KamenRideKiva"],"picked":"DenO_Ax","floor":25.0},{"not_picked":["Kuuga_Rising","Blade_Slash"],"picked":"UnarmedAttack5+1","floor":28.0},{"not_picked":["FormRideBasshaa","FormRideDogga"],"picked":"UnarmedAttack1","floor":30.0}],"player_experience":231504,"relics_obtained":[{"floor":1.0,"key":"Baka"},{"floor":2.0,"key":"Incense Burner"},{"floor":2.0,"key":"Baka2"},{"floor":7.0,"key":"DemoMod:MonsterBlood"},{"floor":10.0,"key":"Ccalipers"},{"floor":16.0,"key":"Gensokyo:OccultBall"},{"floor":21.0,"key":"Gensokyo:OccultBall"},{"floor":25.0,"key":"TheBean"},{"floor":26.0,"key":"Boot"},{"floor":28.0,"key":"Ancient Tea Set"},{"floor":30.0,"key":"Garlic"},{"floor":30.0,"key":"PlanX"}],"event_choices":[{"damage_healed":0.0,"max_hp_gain":0.0,"max_hp_loss":0.0,"gold_gain":0.0,"event_name":"给自己的盒子","player_choice":"Ignored","floor":27.0,"gold_loss":0.0,"damage_taken":0.0}],"is_beta":false,"boss_relics":[{"not_picked":["Busted Crown","Cursed Key"],"picked":"Ring of Chaos"},{"not_picked":[]}],"items_purged_floors":[8],"is_endless":true,"potions_floor_spawned":[2,5,10,12,14,18,21,25,30],"killed_by":"Gensokyo:Eiki","ascension_level":0}}