{"host":"nolo0osttpwefhwj","time":1614263109,"event":{"mods":["AchievementEnabler","BaseMod","Bestiary","Colored Powertips","Minty Spire (QoL Compilation)","Permanent Neow","Quick Restart","Relic Stats"],"gold_per_floor":[51,108,258,333,372,422,178,228,228,228,228],"floor_reached":10,"language":"ENG","playtime":398,"items_purged":["Doubt"],"score":129,"play_id":"d1d68bc6-be02-41ea-999a-b6e0183037c1","local_time":"20210225152509","is_ascension_mode":true,"campfire_choices":[],"circlet_count":0,"master_deck":["AscendersBane","Strike_R","Strike_R","Strike_R","Strike_R","Strike_R","Defend_R","Defend_R","Defend_R","Defend_R","Bash","HandOfGreed","Hemokinesis","Ghostly Armor","Flame Barrier"],"relics":["Burning Blood","Mummified Hand","Orichalcum","Odd Mushroom","Magic Flower"],"acts_visited":["Exordium"],"potions_floor_usage":[8,10],"damage_taken":[{"damage":14,"enemies":"Small Slimes","floor":1,"turns":4},{"damage":0,"enemies":"2 Louse","floor":2,"turns":4},{"damage":2,"enemies":"Cultist","floor":5,"turns":2},{"damage":56,"enemies":"Lagavulin","floor":6,"turns":6},{"damage":8,"enemies":"The Mushroom Lair","floor":8,"turns":4},{"damage":10,"enemies":"Gremlin Nob","floor":10,"turns":3}],"seed_played":"-6537909999389561058","potions_obtained":[{"floor":1,"key":"CultistPotion"},{"floor":6,"key":"PowerPotion"},{"floor":8,"key":"HeartOfIron"}],"is_trial":false,"path_per_floor":["M","M","?","?","M","E","$","?","T","E"],"character_chosen":"IRONCLAD","items_purchased":["Orichalcum"],"campfire_rested":0,"item_purchase_floors":[7],"current_hp_per_floor":[60,66,66,55,59,9,9,7,7,0,0],"gold":228,"neow_bonus":"RANDOM_COLORLESS_2","is_daily":false,"chose_seed":false,"campfire_upgraded":0,"win_rate":0.0,"timestamp":1614263109,"path_taken":["M","M","?","?","M","E","$","?","T","E"],"items_purchased_type":["Relic"],"build_version":"2020-12-22","purchased_purges":1,"victory":false,"max_hp_per_floor":[75,75,75,75,75,75,75,75,75,75,75],"relic_stats":{"counters":[6,23],"Mummified Hand":[1],"Magic Flower":[0],"Orichalcum":[36],"obtain_stats":[{"Mummified Hand":6,"Magic Flower":9,"Orichalcum":7,"Odd Mushroom":8,"Burning Blood":0},{"Mummified Hand":4,"Magic Flower":5,"Orichalcum":4,"Odd Mushroom":5,"Burning Blood":0},{"Mummified Hand":16,"Magic Flower":20,"Orichalcum":16,"Odd Mushroom":20,"Burning Blood":0}],"Burning Blood":30},"card_choices":[{"not_picked":["Transmutation","Master of Strategy"],"picked":"HandOfGreed","floor":0},{"not_picked":["Flex","Searing Blow"],"picked":"Hemokinesis","floor":1},{"not_picked":["Searing Blow","Flex","Heavy Blade"],"picked":"SKIP","floor":2},{"not_picked":["Sever Soul","Bludgeon","Cleave"],"picked":"SKIP","floor":5},{"not_picked":["Wild Strike","Headbutt"],"picked":"Ghostly Armor","floor":6},{"not_picked":["Anger","Metallicize"],"picked":"Flame Barrier","floor":8}],"player_experience":315854,"relics_obtained":[{"floor":6,"key":"Mummified Hand"},{"floor":8,"key":"Odd Mushroom"},{"floor":9,"key":"Magic Flower"}],"event_choices":[{"damage_healed":0,"gold_gain":150,"player_choice":"AGREE","damage_taken":0,"max_hp_gain":0,"max_hp_loss":0,"event_name":"Liars Game","floor":3,"gold_loss":0,"cards_obtained":["Doubt"]},{"damage_healed":0,"gold_gain":75,"player_choice":"Gather Gold","damage_taken":11,"max_hp_gain":0,"max_hp_loss":0,"event_name":"World of Goop","floor":4,"gold_loss":0},{"damage_healed":0,"gold_gain":0,"player_choice":"Fought Mushrooms","damage_taken":0,"max_hp_gain":0,"max_hp_loss":0,"event_name":"Mushrooms","floor":8,"gold_loss":0}],"is_beta":false,"boss_relics":[],"items_purged_floors":[7],"is_endless":false,"potions_floor_spawned":[1,6,8],"killed_by":"Gremlin Nob","ascension_level":19}}