{"host":"ymmeoa1x24ihslbm","time":1614276674,"event":{"mods":["AchievementEnabler","BaseMod","Colored Map","Colored Powertips","Defuse TimeMaze Blight","Hermit","Highlight Path","Minty Spire (QoL Compilation)","Permanent Neow","Quick Restart","StSLib","Unceasing Turn Reminder"],"gold_per_floor":[111,131,131,306,12,47,47,73,73,73,87,87,103,123,123,223,223,240,240,240,250,266,300,168,168,217,217,237,270,291,298,298],"floor_reached":31,"language":"ENG","playtime":2127,"items_purged":[],"score":314,"play_id":"ed186df7-cf7e-40a3-abec-c7cd1afbd584","local_time":"20210225191114","is_ascension_mode":true,"campfire_choices":[{"data":"hermit:Showdown","floor":7.0,"key":"SMITH"},{"data":"hermit:Snapshot","floor":10.0,"key":"SMITH"},{"data":"hermit:HeroicBravado","floor":12.0,"key":"SMITH"},{"data":"hermit:HighCaliber","floor":15.0,"key":"SMITH"},{"data":"hermit:FinalCanter","floor":25.0,"key":"SMITH"},{"data":"hermit:Dissolve","floor":27.0,"key":"SMITH"}],"circlet_count":0,"master_deck":["hermit:Strike_Hermit","hermit:Strike_Hermit","hermit:Strike_Hermit","hermit:Strike_Hermit","hermit:Defend_Hermit","hermit:Defend_Hermit","hermit:Defend_Hermit","hermit:Defend_Hermit+1","hermit:Snapshot+1","hermit:Covet","hermit:FinalCanter+1","hermit:Showdown+1","hermit:LowProfile+1","Doubt","hermit:FatalDesire","hermit:HeroicBravado+1","hermit:FlashPowder","hermit:Scavenge","hermit:HighCaliber+1","hermit:Dissolve+1","hermit:HoleUp","Shame","Pain","hermit:BigShot+1","hermit:Shortfuse+1","hermit:Glare","hermit:Dive+1","hermit:FullyLoaded"],"relics":["hermit:Momento","Ginger","Letter Opener","Boot","Turnip","SlaversCollar","Du-Vu Doll","WarpedTongs","Kunai","Bronze Scales","Blood Vial","War Paint"],"acts_visited":["Exordium","TheCity"],"potions_floor_usage":[31],"damage_taken":[{"damage":0.0,"enemies":"Cultist","floor":1.0,"turns":3.0},{"damage":1.0,"enemies":"2 Louse","floor":2.0,"turns":3.0},{"damage":40.0,"enemies":"3 Sentries","floor":6.0,"turns":12.0},{"damage":30.0,"enemies":"Gremlin Nob","floor":8.0,"turns":5.0},{"damage":1.0,"enemies":"Jaw Worm","floor":11.0,"turns":3.0},{"damage":1.0,"enemies":"Exordium Wildlife","floor":13.0,"turns":4.0},{"damage":0.0,"enemies":"3 Louse","floor":14.0,"turns":1.0},{"damage":1.0,"enemies":"Slime Boss","floor":16.0,"turns":10.0},{"damage":4.0,"enemies":"Shell Parasite","floor":18.0,"turns":7.0},{"damage":1.0,"enemies":"Spheric Guardian","floor":21.0,"turns":3.0},{"damage":5.0,"enemies":"Centurion and Healer","floor":22.0,"turns":8.0},{"damage":38.0,"enemies":"Slavers","floor":23.0,"turns":6.0},{"damage":1,"enemies":"Snecko","floor":28,"turns":3},{"damage":27,"enemies":"Gremlin Leader","floor":29,"turns":8},{"damage":0,"enemies":"Snake Plant","floor":30,"turns":2},{"damage":9,"enemies":"Book of Stabbing","floor":31,"turns":4}],"seed_played":"-4457857949626458329","potions_obtained":[{"floor":8.0,"key":"DistilledChaos"},{"floor":14.0,"key":"LiquidMemories"},{"floor":16.0,"key":"Energy Potion"},{"floor":18.0,"key":"Explosive Potion"},{"floor":21.0,"key":"CultistPotion"},{"floor":30,"key":"PowerPotion"}],"is_trial":false,"path_per_floor":["M","M","$","?","$","E","R","E","T","R","M","R","M","M","R","B",null,"M","?","?","M","M","E","?","R","T","R","M","E","M","E"],"character_chosen":"HERMIT","items_purchased":["Ginger"],"campfire_rested":0,"item_purchase_floors":[5],"current_hp_per_floor":[75,74,74,74,74,34,34,4,4,4,3,3,2,2,2,1,75,71,71,71,70,65,27,27,27,27,27,28,3,5,0,0],"gold":298,"neow_bonus":"ONE_RANDOM_RARE_CARD","is_daily":false,"chose_seed":false,"campfire_upgraded":6,"win_rate":0.0,"timestamp":1614276674,"path_taken":["M","M","?","?","?","E","R","E","T","R","M","R","M","?","R","BOSS","M","?","?","M","?","E","?","R","T","R","M","E","M","E"],"items_purchased_type":["Relic"],"build_version":"2020-12-22","purchased_purges":0,"victory":false,"max_hp_per_floor":[75,75,75,75,75,75,75,75,75,75,75,75,75,75,75,75,75,75,75,75,75,75,75,75,75,75,75,75,75,75,75,75],"card_choices":[{"not_picked":["hermit:TrackingShot","hermit:Dive"],"picked":"hermit:Showdown","floor":1.0},{"not_picked":["hermit:Combo","hermit:Misfire"],"picked":"hermit:LowProfile","floor":2.0},{"not_picked":["hermit:Roulette","hermit:CursedWeapon"],"picked":"hermit:FatalDesire","floor":6.0},{"not_picked":["hermit:ShadowCloak","hermit:Magnum"],"picked":"hermit:HeroicBravado","floor":8.0},{"not_picked":["hermit:Deadeye","hermit:SprayPray"],"picked":"hermit:FlashPowder","floor":11.0},{"not_picked":["hermit:Enervate","hermit:Combo"],"picked":"hermit:Scavenge","floor":13.0},{"not_picked":["hermit:LowProfile","hermit:BodyArmor"],"picked":"hermit:HighCaliber","floor":14.0},{"not_picked":["hermit:Reprieve","hermit:FinalCanter"],"picked":"hermit:Dissolve","floor":16.0},{"not_picked":["hermit:Manifest","hermit:Glare"],"picked":"hermit:HoleUp","floor":18.0},{"not_picked":["hermit:Ricochet","hermit:NoHoldsBarred"],"picked":"hermit:BigShot+1","floor":21.0},{"not_picked":["hermit:Malice+1","hermit:Enervate+1"],"picked":"hermit:Shortfuse+1","floor":22.0},{"not_picked":["hermit:LowProfile","hermit:HoleUp"],"picked":"hermit:Glare","floor":23.0},{"not_picked":["hermit:Horror","hermit:NoHoldsBarred"],"picked":"hermit:Dive+1","floor":28},{"not_picked":["hermit:FatalDesire","hermit:Feint","hermit:CalledShot"],"picked":"SKIP","floor":29},{"not_picked":["hermit:Coalescence","hermit:Spite"],"picked":"hermit:FullyLoaded","floor":30}],"player_experience":698950,"relics_obtained":[{"floor":6.0,"key":"Letter Opener"},{"floor":8.0,"key":"Boot"},{"floor":9.0,"key":"Turnip"},{"floor":23.0,"key":"Kunai"},{"floor":26.0,"key":"Blood Vial"},{"floor":29,"key":"War Paint"}],"event_choices":[{"damage_healed":0.0,"max_hp_gain":0.0,"max_hp_loss":0.0,"gold_gain":175.0,"event_name":"Liars Game","player_choice":"AGREE","floor":4.0,"gold_loss":0.0,"damage_taken":0.0,"cards_obtained":["Doubt"]},{"damage_healed":0.0,"max_hp_gain":0.0,"max_hp_loss":0.0,"gold_gain":0.0,"event_name":"Addict","player_choice":"Stole Relic","floor":19.0,"gold_loss":0.0,"damage_taken":0.0,"relics_obtained":["Du-Vu Doll"],"cards_obtained":["Shame"]},{"damage_healed":0.0,"max_hp_gain":0.0,"max_hp_loss":0.0,"gold_gain":0.0,"event_name":"Accursed Blacksmith","player_choice":"Rummage","floor":20.0,"gold_loss":0.0,"damage_taken":0.0,"relics_obtained":["WarpedTongs"],"cards_obtained":["Pain"]},{"damage_healed":0.0,"max_hp_gain":0.0,"max_hp_loss":0.0,"gold_gain":0.0,"event_name":"WeMeetAgain","player_choice":"Paid Gold","floor":24.0,"gold_loss":132.0,"damage_taken":0.0,"relics_obtained":["Bronze Scales"]}],"is_beta":false,"boss_relics":[{"not_picked":["Philosopher\u0027s Stone","Runic Pyramid"],"picked":"SlaversCollar"}],"items_purged_floors":[],"is_endless":false,"potions_floor_spawned":[8,14,16,18,21,30],"killed_by":"Book of Stabbing","ascension_level":2}}