{"host":"mmqs5ul2bvb60kyc","time":1614242751,"event":{"mods":["AchievementEnabler","BaseMod","Colored Map","Colored Powertips","Minty Spire (QoL Compilation)","Quick Restart","StSLib"],"gold_per_floor":[117,117,131,145,165,165,197,209,247,292,319,331,363,375,387,475,487,477,87,137,137,157,157,157],"floor_reached":23,"language":"ZHS","playtime":860,"items_purged":["Strike_B"],"score":477,"play_id":"135b5455-82f9-4c62-a641-c0696fd919c1","local_time":"20210225164551","is_ascension_mode":true,"campfire_choices":[{"data":"Defragment","floor":6.0,"key":"SMITH"},{"data":"Turbo","floor":8.0,"key":"SMITH"},{"floor":15.0,"key":"REST"}],"circlet_count":0,"master_deck":["AscendersBane","Defend_B","Defend_B+1","Defend_B+1","Defend_B","Zap","Dualcast+1","Buffer","Melter","Defragment+1","Hologram+1","Genetic Algorithm","Turbo+1","Glacier","Cold Snap","Electrodynamics","Hello World","Recycle"],"relics":["FrozenCore","MawBank","War Paint","PrismaticShard","PreservedInsect"],"acts_visited":["Exordium","TheCity"],"potions_floor_usage":[],"damage_taken":[{"damage":2.0,"enemies":"Jaw Worm","floor":1.0,"turns":4.0},{"damage":0.0,"enemies":"Cultist","floor":3.0,"turns":4.0},{"damage":5.0,"enemies":"Small Slimes","floor":4.0,"turns":4.0},{"damage":0.0,"enemies":"Looter","floor":5.0,"turns":5.0},{"damage":7.0,"enemies":"3 Sentries","floor":7.0,"turns":12.0},{"damage":22.0,"enemies":"Gremlin Nob","floor":10.0,"turns":4.0},{"damage":0.0,"enemies":"2 Fungi Beasts","floor":11.0,"turns":2.0},{"damage":3.0,"enemies":"3 Louse","floor":13.0,"turns":3.0},{"damage":0.0,"enemies":"Hexaghost","floor":16.0,"turns":9.0},{"damage":13.0,"enemies":"2 Thieves","floor":18.0,"turns":4.0},{"damage":0.0,"enemies":"3 Byrds","floor":22.0,"turns":5.0},{"damage":46,"enemies":"Book of Stabbing","floor":23,"turns":7}],"seed_played":"-8703356321684254168","potions_obtained":[{"floor":3.0,"key":"EntropicBrew"},{"floor":4.0,"key":"Strength Potion"},{"floor":10.0,"key":"Block Potion"},{"floor":22.0,"key":"LiquidMemories"}],"is_trial":false,"path_per_floor":["M","?","M","M","M","R","E","R","T","E","M","?","M","?","R","B",null,"M","$","?","?","M","E"],"character_chosen":"DEFECT","items_purchased":["PrismaticShard","PreservedInsect"],"campfire_rested":1,"item_purchase_floors":[19,19],"current_hp_per_floor":[62,62,62,57,57,57,50,50,50,28,28,28,25,6,25,25,54,41,41,41,41,41,0,0],"gold":157,"neow_bonus":"TRANSFORM_TWO_CARDS","is_daily":false,"chose_seed":false,"campfire_upgraded":2,"win_rate":0.0,"timestamp":1614242751,"path_taken":["M","?","M","?","M","R","E","R","T","E","M","?","?","?","R","BOSS","M","$","?","?","M","E"],"items_purchased_type":["Relic","Relic"],"build_version":"2020-12-22","purchased_purges":1,"victory":false,"max_hp_per_floor":[64,64,64,64,64,64,64,64,64,64,64,64,64,64,64,64,64,64,64,64,64,64,64,64],"card_choices":[{"not_picked":["Cold Snap","Barrage"],"picked":"Defragment","floor":1.0},{"not_picked":["Steam","Cold Snap"],"picked":"Turbo","floor":3.0},{"not_picked":["Barrage","Self Repair"],"picked":"Glacier","floor":4.0},{"not_picked":["Rebound","Leap"],"picked":"Cold Snap","floor":5.0},{"not_picked":["Capacitor","Conserve Battery"],"picked":"Electrodynamics","floor":7.0},{"not_picked":["Redo","Leap"],"picked":"Hello World","floor":10.0},{"not_picked":["Hello World","Streamline","Sunder"],"picked":"SKIP","floor":11.0},{"not_picked":["Reinforced Body","Gash","Leap"],"picked":"SKIP","floor":13.0},{"not_picked":["Hologram","Go for the Eyes","Barrage+1"],"picked":"SKIP","floor":18.0},{"not_picked":["CutThroughFate","Hemokinesis","Combust"],"picked":"SKIP","floor":22.0}],"player_experience":380683,"relics_obtained":[{"floor":7.0,"key":"MawBank"},{"floor":10.0,"key":"War Paint"}],"event_choices":[{"damage_healed":0.0,"max_hp_gain":0.0,"max_hp_loss":0.0,"gold_gain":0.0,"event_name":"Match and Keep!","player_choice":"2 cards matched","floor":2.0,"gold_loss":0.0,"damage_taken":0.0,"cards_obtained":["Hologram","Genetic Algorithm"]},{"cards_removed":["Strike_B"],"damage_healed":0.0,"max_hp_gain":0.0,"max_hp_loss":0.0,"gold_gain":0.0,"event_name":"Purifier","player_choice":"Purged","floor":12.0,"gold_loss":0.0,"damage_taken":0.0},{"damage_healed":0.0,"max_hp_gain":0.0,"max_hp_loss":0.0,"gold_gain":0.0,"event_name":"Shining Light","player_choice":"Entered Light","floor":14.0,"gold_loss":0.0,"damage_taken":19.0,"cards_upgraded":["Defend_B","Dualcast"]},{"damage_healed":0.0,"max_hp_gain":0.0,"max_hp_loss":0.0,"gold_gain":50.0,"event_name":"Nest","player_choice":"Stole From Cult","floor":20.0,"gold_loss":0.0,"damage_taken":0.0},{"damage_healed":0.0,"max_hp_gain":0.0,"max_hp_loss":0.0,"gold_gain":0.0,"event_name":"The Library","player_choice":"Read","floor":21.0,"gold_loss":0.0,"damage_taken":0.0,"cards_obtained":["Recycle"]}],"is_beta":false,"boss_relics":[{"not_picked":["Nuclear Battery","SlaversCollar"],"picked":"FrozenCore"}],"items_purged_floors":[19],"is_endless":false,"potions_floor_spawned":[3,4,10,13,22],"killed_by":"Book of Stabbing","ascension_level":18}}