{"host":"2hz3p8f82lqex3pd","time":1614226398,"event":{"mods":["AchievementEnabler","BaseMod","Better Third Choice","Colored Powertips","Minty Spire (QoL Compilation)","StSLib"],"gold_per_floor":[115,38,52,30,30,59,59,76,99,125,125,125,143,170,170,265,315,328,315,17,27,100,126,126,396,420,432,432,446,446,446],"floor_reached":30,"language":"ENG","playtime":1631,"items_purged":[],"score":308,"play_id":"18ced176-c7ee-4f4b-a264-253f869f8138","local_time":"20210224231318","is_ascension_mode":true,"campfire_choices":[{"data":"Blizzard","floor":7.0,"key":"SMITH"},{"data":"FTL","floor":12.0,"key":"SMITH"},{"floor":15.0,"key":"REST"},{"floor":24,"key":"REST"},{"floor":28,"key":"REST"}],"circlet_count":3,"master_deck":["Strike_B","Strike_B","Strike_B","Strike_B","Defend_B","Defend_B","Defend_B","Defend_B+1","Zap","Dualcast","Coolheaded","Blizzard+1","Barrage","FTL+1","Loop","Core Surge","Chill","Chill","Melter+1","Reboot","Cold Snap","Capacitor"],"relics":["Cracked Core","NeowsBlessing","Circlet","Potion Belt","Blood Vial","Shuriken","Lizard Tail","Tiny House","Ice Cream","Red Mask","Regal Pillow","Omamori"],"acts_visited":[],"potions_floor_usage":[22,30],"damage_taken":[{"damage":0.0,"enemies":"Jaw Worm","floor":1.0,"turns":1.0},{"damage":0.0,"enemies":"2 Louse","floor":3.0,"turns":1.0},{"damage":0.0,"enemies":"Gremlin Nob","floor":6.0,"turns":1.0},{"damage":0.0,"enemies":"Small Slimes","floor":8.0,"turns":2.0},{"damage":18.0,"enemies":"3 Sentries","floor":10.0,"turns":8.0},{"damage":13.0,"enemies":"Blue Slaver","floor":13.0,"turns":4.0},{"damage":32.0,"enemies":"Lagavulin","floor":14.0,"turns":9.0},{"damage":11.0,"enemies":"The Guardian","floor":16.0,"turns":14.0},{"damage":22.0,"enemies":"3 Byrds","floor":18.0,"turns":6.0},{"damage":28.0,"enemies":"2 Thieves","floor":19.0,"turns":4.0},{"damage":19,"enemies":"Shelled Parasite and Fungi","floor":21,"turns":9},{"damage":1,"enemies":"Masked Bandits","floor":22,"turns":4},{"damage":43,"enemies":"Slavers","floor":23,"turns":8},{"damage":25,"enemies":"Snake Plant","floor":27,"turns":5},{"damage":8,"enemies":"Chosen and Byrds","floor":29,"turns":5},{"damage":53,"enemies":"Book of Stabbing","floor":30,"turns":8}],"seed_played":"7947822141132824850","potions_obtained":[{"floor":6.0,"key":"Block Potion"},{"floor":8.0,"key":"DuplicationPotion"},{"floor":10.0,"key":"SpeedPotion"},{"floor":11.0,"key":"Dexterity Potion"},{"floor":11.0,"key":"SkillPotion"},{"floor":11.0,"key":"Weak Potion"},{"floor":17.0,"key":"Fruit Juice"},{"floor":21,"key":"ColorlessPotion"},{"floor":27,"key":"Fire Potion"}],"is_trial":false,"path_per_floor":["M","$","M","?","?","E","R","M","T","E","?","R","M","E","R","B",null,"M","M","$","M","?","E","R","?","T","M","R","M","E"],"character_chosen":"DEFECT","items_purchased":["Blizzard","Ice Cream"],"campfire_rested":3,"item_purchase_floors":[2,20],"current_hp_per_floor":[75,75,75,64,64,64,64,64,64,48,48,48,37,7,29,20,80,63,37,37,20,21,25,65,38,38,15,55,49,0,0],"gold":446,"neow_bonus":"THREE_ENEMY_KILL","is_daily":false,"chose_seed":false,"campfire_upgraded":2,"win_rate":0.0,"timestamp":1614226398,"path_taken":["M","$","M","?","?","E","R","M","T","E","?","R","M","E","R","BOSS","M","M","$","?","?","E","R","?","T","M","R","M","E"],"items_purchased_type":["Card","Relic"],"build_version":"2020-12-22","purchased_purges":0,"victory":false,"max_hp_per_floor":[75,75,75,75,75,75,75,75,75,75,75,75,75,75,75,75,80,85,85,85,85,85,85,85,85,85,85,85,85,85,85],"card_choices":[{"not_picked":["Go for the Eyes","Steam"],"picked":"Coolheaded","floor":1.0},{"not_picked":["Rebound","Hologram","Turbo"],"picked":"SKIP","floor":3.0},{"not_picked":["Sunder","Beam Cell"],"picked":"Barrage","floor":6.0},{"not_picked":["Compile Driver","Melter"],"picked":"FTL","floor":8.0},{"not_picked":["BootSequence","Chaos","Hologram"],"picked":"SKIP","floor":10.0},{"not_picked":["Stack","Blizzard","Compile Driver"],"picked":"SKIP","floor":13.0},{"not_picked":["Scrape","Coolheaded"],"picked":"Loop","floor":14.0},{"not_picked":["Buffer","Creative AI"],"picked":"Core Surge","floor":16.0},{"not_picked":["Self Repair","Melter","Lockon"],"picked":"SKIP","floor":18.0},{"not_picked":["Barrage","Turbo"],"picked":"Chill","floor":19.0},{"not_picked":["Doom and Gloom+1","Chaos"],"picked":"Chill","floor":21},{"not_picked":["Streamline","Hello World"],"picked":"Melter+1","floor":22},{"not_picked":["Creative AI","Ball Lightning+1"],"picked":"Reboot","floor":23},{"not_picked":["Stack","Sunder"],"picked":"Cold Snap","floor":27},{"not_picked":["Consume+1","Ball Lightning"],"picked":"Capacitor","floor":29}],"player_experience":208008,"relics_obtained":[{"floor":6.0,"key":"Potion Belt"},{"floor":9.0,"key":"Blood Vial"},{"floor":10.0,"key":"Shuriken"},{"floor":14.0,"key":"Lizard Tail"},{"floor":22,"key":"Red Mask"},{"floor":23,"key":"Regal Pillow"},{"floor":26,"key":"Omamori"}],"event_choices":[{"damage_healed":0.0,"max_hp_gain":0.0,"max_hp_loss":0.0,"gold_gain":0.0,"event_name":"betterThird:BetterGoop","player_choice":"Slimed","floor":4.0,"gold_loss":22.0,"damage_taken":11.0},{"damage_healed":0.0,"max_hp_gain":0.0,"max_hp_loss":0.0,"gold_gain":0.0,"event_name":"betterThird:BetterSerpent","player_choice":"Ignored","floor":5.0,"gold_loss":0.0,"damage_taken":30.0},{"damage_healed":0.0,"max_hp_gain":0.0,"max_hp_loss":0.0,"gold_gain":0.0,"event_name":"Lab","player_choice":"Got Potions","floor":11.0,"gold_loss":0.0,"damage_taken":0.0},{"damage_healed":0,"gold_gain":0,"player_choice":"Fought Bandits","damage_taken":0,"max_hp_gain":0,"max_hp_loss":0,"event_name":"Masked Bandits","floor":22,"gold_loss":0},{"damage_healed":0,"gold_gain":270,"player_choice":"GOLD GOLD GOLD ","damage_taken":27,"max_hp_gain":0,"max_hp_loss":0,"event_name":"Knowing Skull","floor":25,"potions_obtained":[],"gold_loss":0,"cards_obtained":[]}],"is_beta":false,"boss_relics":[{"not_picked":["Runic Dome","Pandora\u0027s Box"],"picked":"Tiny House"}],"items_purged_floors":[],"is_endless":false,"potions_floor_spawned":[6,8,10,21,27],"killed_by":"Book of Stabbing","ascension_level":1}}