{"host":"v0n6ky7dmveherv3","time":1614277281,"event":{"mods":["BaseMod","Better Third Choice","Downfall","Minty Spire (QoL Compilation)","StSLib"],"gold_per_floor":[349,361,380,436,456,381,408,424,450,450,290,305,155,480,492,589,589,439,450,550,333,333,365,415,428,440,473,86,86,36,87,99,202,202,152,163,210,260,277,227,254,265,293,310,310,343,360,392,409,409],"floor_reached":51,"language":"ENG","playtime":3025,"items_purged":["Injury"],"score":978,"play_id":"3e98a61d-86ec-49dc-be02-32969b00f42e","local_time":"20210225112121","is_ascension_mode":true,"campfire_choices":[{"floor":1,"key":"RECALL"},{"data":"Slimebound:Grow","floor":13,"key":"SMITH"},{"data":"Slimebound:CheckThePlaybook","floor":18,"key":"SMITH"},{"data":"1","floor":30,"key":"LIFT"},{"data":"2","floor":35,"key":"LIFT"},{"data":"3","floor":40,"key":"LIFT"}],"circlet_count":0,"master_deck":["Slimebound:Strike_Slimebound+1","Slimebound:Strike_Slimebound","Slimebound:Tackle+1","Slimebound:Defend_Slimebound","Slimebound:Defend_Slimebound+1","Slimebound:Defend_Slimebound","Slimebound:Defend_Slimebound","Slimebound:Split+1","Slimebound:CorrosiveSpit","Slimebound:Chomp","Slimebound:RollThrough+1","Slimebound:FormOfPuddle+1","Slimebound:SplitAcid","Slimebound:RollThrough","Slimebound:Grow+1","Slimebound:Prepare","Slimebound:SamplingLick","Slimebound:CheckThePlaybook+1","Slimebound:LivingWall+1","Slimebound:Grow+1","Slimebound:RollThrough+1","Slimebound:FinishingTackle","Slimebound:Dissolve","Slimebound:Prepare","Slimebound:GoopTackle+1","Slimebound:FlameTackle+1","Slimebound:GoopTackle+1","Slimebound:ComboTackle+1","Slimebound:DivideAndConquer+1","Slimebound:SlimeSpikes+1","downfall:Aged","Slimebound:HauntingLick+1","Slimebound:HauntingLick+1","expansioncontent:Chronoboost","Slimebound:GoopSpray+1","Slimebound:Recollect+1","Slimebound:ComboTackle+1"],"relics":["Slimebound:AbsorbEndCombat","Lantern","Slimebound:GreedOozeRelic","hexamod:BolsterEngine","Potion Belt","downfall:HeartBlessingRed","Old Coin","Black Star","downfall:HeartBlessingGreen","Girya","Pantograph","Cauldron","Pear","Molten Egg 2","War Paint","Boot","Unceasing Top","Whetstone","Toy Ornithopter","Pen Nib","Cursed Key","Calipers","Slimebound:PotencyRelic","Happy Flower","Ornamental Fan","The Courier","Smiling Mask","CaptainsWheel","hexamod:CandleOfCauterizing","Strawberry"],"acts_visited":["Exordium","TheCity","TheBeyond"],"potions_floor_usage":[4,9,20,20,23,25,33,33,37,46,47,49,50,50,50],"damage_taken":[{"damage":0,"enemies":"2 Louse","floor":2,"turns":3},{"damage":9,"enemies":"Jaw Worm","floor":3,"turns":4},{"damage":14,"enemies":"Gremlin Nob","floor":4,"turns":3},{"damage":5,"enemies":"Cultist","floor":5,"turns":4},{"damage":0,"enemies":"Large Slime","floor":8,"turns":4},{"damage":9,"enemies":"Lagavulin","floor":9,"turns":7},{"damage":5,"enemies":"downfall:FleeingMerchant","floor":11,"turns":4},{"damage":2,"enemies":"3 Louse","floor":12,"turns":4},{"damage":9,"enemies":"Gremlin Nob","floor":14,"turns":4},{"damage":0,"enemies":"Gremlin Gang","floor":15,"turns":2},{"damage":20,"enemies":"DF_ARCHETYPE_STREAMLINE","floor":16,"turns":9},{"damage":0,"enemies":"Chosen","floor":19,"turns":3},{"damage":34,"enemies":"Colosseum Nobs","floor":20,"turns":3},{"damage":0,"enemies":"downfall:FleeingMerchant","floor":21,"turns":4},{"damage":15,"enemies":"Book of Stabbing","floor":23,"turns":5},{"damage":0,"enemies":"Shell Parasite","floor":25,"turns":3},{"damage":2,"enemies":"Snecko","floor":26,"turns":6},{"damage":9,"enemies":"Gremlin Leader","floor":27,"turns":5},{"damage":0,"enemies":"downfall:FleeingMerchant","floor":28,"turns":4},{"damage":7,"enemies":"Snake Plant","floor":32,"turns":3},{"damage":8,"enemies":"IC_MUSHROOM_ARCHETYPE","floor":33,"turns":5},{"damage":0,"enemies":"3 Shapes","floor":36,"turns":2},{"damage":25,"enemies":"2 Orb Walkers","floor":37,"turns":3},{"damage":0,"enemies":"2 Orb Walkers","floor":38,"turns":4},{"damage":9,"enemies":"3 Darklings","floor":39,"turns":3},{"damage":6,"enemies":"Maw","floor":42,"turns":5},{"damage":8,"enemies":"Reptomancer","floor":43,"turns":3},{"damage":5,"enemies":"Sphere and 2 Shapes","floor":44,"turns":2},{"damage":0,"enemies":"Nemesis","floor":46,"turns":3},{"damage":0,"enemies":"Writhing Mass","floor":47,"turns":3},{"damage":18,"enemies":"Reptomancer","floor":48,"turns":5},{"damage":12,"enemies":"Spire Growth","floor":49,"turns":2},{"damage":0,"enemies":"WA_ARCHETYPE_DIVINITY","floor":50,"turns":7}],"seed_played":"6783133547322131634","potions_obtained":[{"floor":2,"key":"hexamod:SoulburnPotion"},{"floor":4,"key":"Slimebound:SlimedPotion"},{"floor":14,"key":"Energy Potion"},{"floor":15,"key":"sneckomod:MuddlingPotion"},{"floor":19,"key":"PowerPotion"},{"floor":21,"key":"EssenceOfSteel"},{"floor":21,"key":"Dexterity Potion"},{"floor":21,"key":"SteroidPotion"},{"floor":21,"key":"Weak Potion"},{"floor":21,"key":"Guardian:BlockOnCardUsePotion"},{"floor":23,"key":"bronze:BurnAndBuffPotion"},{"floor":25,"key":"Slimebound:SpawnSlimePotion"},{"floor":29,"key":"CultistPotion"},{"floor":32,"key":"Block Potion"},{"floor":39,"key":"AttackPotion"},{"floor":42,"key":"Swift Potion"},{"floor":47,"key":"hexamod:SoulburnPotion"},{"floor":48,"key":"EssenceOfSteel"}],"is_trial":false,"path_per_floor":["R","M","M","?","M","?","T","M","E","?","$","M","R","E","M","B",null,"R","M","?","$","?","E","T","M","M","E","$","?","R","T","M","B",null,"R","M","?","?","M","R","T","M","E","M","?","E","M","E","M","B",null],"character_chosen":"SLIMEBOUND","items_purchased":["Slimebound:Grow","Slimebound:FinishingTackle","Cauldron","Whetstone","Toy Ornithopter","Slimebound:FlameTackle+1"],"campfire_rested":0,"item_purchase_floors":[11,21,21,28,28,28],"current_hp_per_floor":[59,59,52,40,37,37,37,39,34,34,31,29,29,20,22,6,59,59,59,25,31,31,30,30,32,34,31,33,33,33,33,26,59,69,69,69,44,69,62,62,62,64,64,59,59,69,69,62,59,76],"gold":409,"neow_bonus":"TWO_FIFTY_GOLD","is_daily":false,"chose_seed":false,"campfire_upgraded":2,"win_rate":0.0,"timestamp":1614277281,"path_taken":["R","M","M","?","M","?","T","M","E","?","$","?","R","E","M","BOSS","R","M","?","$","?","E","T","M","?","E","$","?","R","?","M","BOSS","R","M","?","?","M","R","T","M","E","M","?","E","M","E","M","BOSS"],"items_purchased_type":["Card","Card","Relic","Relic","Relic","Card"],"build_version":"2020-12-22","purchased_purges":1,"victory":true,"max_hp_per_floor":[59,59,59,59,59,59,59,59,59,59,59,59,59,59,59,59,59,59,59,59,59,59,69,69,69,69,69,69,69,69,69,69,69,69,69,69,69,69,69,69,69,69,69,69,69,69,69,76,76,76],"card_choices":[{"not_picked":["Slimebound:LeechingTouch","Slimebound:Replication"],"picked":"Slimebound:Chomp","floor":2},{"not_picked":["Slimebound:PressTheAttack","Slimebound:SplitBruiser"],"picked":"Slimebound:RollThrough","floor":3},{"not_picked":["Slimebound:SlimeBarrage","Slimebound:HauntingLick"],"picked":"Slimebound:FormOfPuddle","floor":4},{"not_picked":["Slimebound:LeechEnergy","Slimebound:PressTheAttack"],"picked":"Slimebound:SplitAcid","floor":5},{"not_picked":["Slimebound:AcidTongue","Slimebound:FirmFortitude","Slimebound:SplitMire"],"picked":"SKIP","floor":8},{"not_picked":["Slimebound:SplitBruiser","Slimebound:LeechingTouch","Slimebound:SlimeBarrage"],"picked":"SKIP","floor":9},{"not_picked":["Slimebound:PressTheAttack","Slimebound:ServeAndProtect"],"picked":"Slimebound:RollThrough","floor":11},{"not_picked":["Slimebound:AcidTongue","Slimebound:LivingWall"],"picked":"Slimebound:Prepare","floor":12},{"not_picked":["Slimebound:SelfFormingGoo","Slimebound:MassRepurpose"],"picked":"Slimebound:SamplingLick","floor":14},{"not_picked":["Slimebound:LeechingTouch","Slimebound:ItLooksTasty","Slimebound:SlimeSpikes"],"picked":"SKIP","floor":15},{"not_picked":["Slimebound:MinionMaster","Slimebound:Teamwork"],"picked":"Slimebound:CheckThePlaybook","floor":16},{"not_picked":["Slimebound:SplitLeeching","Slimebound:Recollect+1"],"picked":"Slimebound:LivingWall+1","floor":19},{"not_picked":["Slimebound:RollThrough","Slimebound:SamplingLick"],"picked":"Slimebound:Grow+1","floor":20},{"not_picked":["Slimebound:MinionMaster","Slimebound:RejuvenatingLick+1"],"picked":"Slimebound:RollThrough+1","floor":21},{"not_picked":["Slimebound:GoopSpray","Slimebound:Schlurp","Slimebound:LeechingTouch+1"],"picked":"SKIP","floor":23},{"not_picked":["Slimebound:SamplingLick","Slimebound:SplitBruiser"],"picked":"Slimebound:Prepare","floor":25},{"not_picked":["Slimebound:LivingWall","Slimebound:TongueLash+1"],"picked":"Slimebound:GoopTackle+1","floor":26},{"not_picked":["Slimebound:LeechEnergy+1","Slimebound:Dissolve+1","Slimebound:DivideAndConquer+1"],"picked":"SKIP","floor":27},{"not_picked":["Slimebound:SlimeSpikes","Slimebound:PressTheAttack+1","Slimebound:FinishingTackle+1"],"picked":"SKIP","floor":28},{"not_picked":["Slimebound:SplitAcid","Slimebound:SplitLeeching","Slimebound:Repurpose+1"],"picked":"SKIP","floor":32},{"not_picked":["Slimebound:Schlurp","Slimebound:PressTheAttack+1"],"picked":"Slimebound:GoopTackle+1","floor":36},{"not_picked":["Slimebound:Recollect","Slimebound:LeechEnergy+1"],"picked":"Slimebound:ComboTackle+1","floor":37},{"not_picked":["Slimebound:SplitLeeching+1","Slimebound:SplitAcid"],"picked":"Slimebound:DivideAndConquer+1","floor":38},{"not_picked":["Slimebound:SplitLeeching+1","Slimebound:ProtectTheBoss+1"],"picked":"Slimebound:SlimeSpikes+1","floor":39},{"not_picked":["Slimebound:Repurpose","Slimebound:ViciousTackle+1"],"picked":"Slimebound:HauntingLick+1","floor":42},{"not_picked":["Slimebound:FinishingTackle+1","Slimebound:OozeBath","Slimebound:LeechEnergy+1"],"picked":"SKIP","floor":43},{"not_picked":["Slimebound:PressTheAttack+1","Slimebound:FlameTackle+1"],"picked":"Slimebound:HauntingLick+1","floor":44},{"not_picked":["expansioncontent:PolyBeam","expansioncontent:GuardianWhirl"],"picked":"expansioncontent:Chronoboost","floor":45},{"not_picked":["Slimebound:SlimeBarrage+1","Slimebound:DivideAndConquer+1","Slimebound:SlimeSlap+1"],"picked":"SKIP","floor":46},{"not_picked":["Slimebound:DisruptingSlam+1","Slimebound:SplitAcid"],"picked":"Slimebound:GoopSpray+1","floor":47},{"not_picked":["Slimebound:LevelUp","Slimebound:HauntingLick"],"picked":"Slimebound:Recollect+1","floor":48},{"not_picked":["Slimebound:GoopSpray+1","Slimebound:SplitAcid+1"],"picked":"Slimebound:ComboTackle+1","floor":49}],"player_experience":164079,"relics_obtained":[{"floor":4,"key":"Lantern"},{"floor":7,"key":"hexamod:BolsterEngine"},{"floor":9,"key":"Potion Belt"},{"floor":14,"key":"Old Coin"},{"floor":20,"key":"Girya"},{"floor":20,"key":"Pantograph"},{"floor":23,"key":"Pear"},{"floor":23,"key":"Molten Egg 2"},{"floor":24,"key":"War Paint"},{"floor":27,"key":"Boot"},{"floor":27,"key":"Unceasing Top"},{"floor":31,"key":"Pen Nib"},{"floor":37,"key":"Calipers"},{"floor":38,"key":"Slimebound:PotencyRelic"},{"floor":41,"key":"Happy Flower"},{"floor":43,"key":"Ornamental Fan"},{"floor":43,"key":"The Courier"},{"floor":46,"key":"Smiling Mask"},{"floor":46,"key":"CaptainsWheel"},{"floor":48,"key":"hexamod:CandleOfCauterizing"},{"floor":48,"key":"Strawberry"}],"event_choices":[{"damage_healed":0,"gold_gain":0,"player_choice":"Fight","damage_taken":0,"max_hp_gain":0,"max_hp_loss":0,"event_name":"Mysterious Sphere","floor":37,"gold_loss":0}],"is_beta":false,"boss_relics":[{"not_picked":["Slimebound:AbsorbEndCombatUpgraded","Astrolabe"],"picked":"Black Star"},{"not_picked":["Runic Pyramid","Fusion Hammer"],"picked":"Cursed Key"}],"items_purged_floors":[11],"is_endless":false,"potions_floor_spawned":[2,4,14,15,19,23,25,32,39,42,47,48],"ascension_level":1}}