{"host":"kzw87w9fb0mudblt","time":1614289284,"event":{"mods":["BaseMod","Colored Map","Minty Spire (QoL Compilation)","Replay The Spire","StSLib","SuperFastMode"],"gold_per_floor":[116,130,150,150,164,164,189,189,216,241,263,58,58,10,10,126,126,151,181,181,205,221,221],"floor_reached":22,"language":"ENG","playtime":1370,"items_purged":["Strike_P"],"score":238,"play_id":"3765cec6-4963-4c3f-893b-029cb7e01f25","local_time":"20210225224124","is_ascension_mode":false,"campfire_choices":[{"data":"Eruption","floor":6,"key":"SMITH"},{"data":"Indignation","floor":8,"key":"SMITH"},{"data":"Adaptation","floor":13,"key":"SMITH"},{"data":"Conclude","floor":15,"key":"SMITH"}],"circlet_count":0,"master_deck":["Strike_P","Strike_P","Strike_P","Defend_P","Defend_P","Defend_P","Defend_P","Eruption+1","Vigilance","Indignation+1","DevaForm","DeusExMachina","EmptyMind","Adaptation+1","Conclude+1","Conclude","Blasphemy","WreathOfFlame+1","CrushJoints+1"],"relics":["PureWater","Replay:Wax Seal","Replay:Bandana","VioletLotus"],"acts_visited":["Exordium","TheCity"],"potions_floor_usage":[2,3,3,7,11,16,18,21],"damage_taken":[{"damage":0,"enemies":"Cultist","floor":1,"turns":2},{"damage":2,"enemies":"Small Slimes","floor":2,"turns":2},{"damage":0,"enemies":"Jaw Worm","floor":3,"turns":2},{"damage":5,"enemies":"2 Fungi Beasts","floor":5,"turns":3},{"damage":1,"enemies":"Replay:BlueRogue","floor":7,"turns":5},{"damage":16,"enemies":"Lots of Slimes","floor":10,"turns":3},{"damage":5,"enemies":"Looter","floor":11,"turns":2},{"damage":0,"enemies":"Slime Boss","floor":16,"turns":6},{"damage":10,"enemies":"2 Thieves","floor":18,"turns":3},{"damage":17,"enemies":"Shell Parasite","floor":19,"turns":4},{"damage":15,"enemies":"Snake Plant","floor":21,"turns":4},{"damage":45,"enemies":"Cultist and Chosen","floor":22,"turns":4}],"seed_played":"-2960109282457554506","potions_obtained":[{"floor":0,"key":"LifebloodPotion"},{"floor":0,"key":"Swift Potion"},{"floor":0,"key":"Block Potion"},{"floor":2,"key":"Block Potion"},{"floor":10,"key":"AttackPotion"},{"floor":11,"key":"Flashbang"},{"floor":19,"key":"SkillPotion"},{"floor":21,"key":"Explosive Potion"}],"is_trial":false,"path_per_floor":["M","M","M","?","M","R","E","R","T","M","M","$","R","$","R_BF","B",null,"M","M","?","M","M"],"character_chosen":"WATCHER","items_purchased":["Adaptation","Conclude","Adrenaline Potion"],"campfire_rested":0,"item_purchase_floors":[12,12,14],"current_hp_per_floor":[72,70,70,75,70,70,69,69,69,53,48,48,48,48,48,48,77,67,50,50,35,0,0],"gold":221,"neow_bonus":"THREE_SMALL_POTIONS","is_daily":false,"chose_seed":false,"campfire_upgraded":4,"win_rate":0.0,"timestamp":1614289284,"path_taken":["M","?","M","?","M","R","E","R","T","M","M","$","R","$","R_BF","BOSS","M","M","?","M","M"],"items_purchased_type":["Card","Card","Potion"],"build_version":"2020-12-22","purchased_purges":1,"victory":false,"max_hp_per_floor":[72,72,72,77,77,77,77,77,77,77,77,77,77,77,77,77,77,77,77,77,77,77,77],"card_choices":[{"not_picked":["Replay:ManipulateFuture","ThirdEye"],"picked":"Indignation","floor":1},{"not_picked":["CutThroughFate","Evaluate","Replay:AtTheReady"],"picked":"SKIP","floor":2},{"not_picked":["Swivel","Nirvana"],"picked":"DevaForm","floor":3},{"not_picked":["Nirvana","PathToVictory","CutThroughFate"],"picked":"SKIP","floor":5},{"not_picked":["SignatureMove","FollowUp"],"picked":"DeusExMachina","floor":7},{"not_picked":["ClearTheMind","JustLucky","SashWhip"],"picked":"SKIP","floor":10},{"not_picked":["Brilliance","ThirdEye"],"picked":"EmptyMind","floor":11},{"not_picked":["Establishment","Devotion"],"picked":"Blasphemy","floor":16},{"not_picked":["Replay:Battleflow","WheelKick"],"picked":"WreathOfFlame+1","floor":18},{"not_picked":["Consecrate","ThirdEye+1","Replay:AtTheReady"],"picked":"SKIP","floor":19},{"not_picked":["FlyingSleeves","FlurryOfBlows"],"picked":"CrushJoints+1","floor":21}],"player_experience":30525,"relics_obtained":[{"floor":7,"key":"Replay:Wax Seal"},{"floor":9,"key":"Replay:Bandana"}],"event_choices":[{"damage_healed":0,"gold_gain":0,"player_choice":"Donut","damage_taken":0,"max_hp_gain":5,"max_hp_loss":0,"event_name":"Big Fish","floor":4,"gold_loss":0},{"damage_healed":0,"gold_gain":0,"player_choice":"Ignored","damage_taken":0,"max_hp_gain":0,"max_hp_loss":0,"event_name":"The Mausoleum","floor":20,"gold_loss":0}],"is_beta":false,"boss_relics":[{"not_picked":["Runic Dome","Kintsugi"],"picked":"VioletLotus"}],"items_purged_floors":[12],"is_endless":false,"potions_floor_spawned":[2,10,11,19,21],"killed_by":"Cultist and Chosen","ascension_level":0}}