{"host":"21o28mgl9u9ntir2","time":1614250799,"event":{"mods":["BaseMod","BetterRewards","Colored Powertips","Minty Spire (QoL Compilation)","Quick Restart","Remove Card Discount Mod","SOS（斯巴达之子）","Spicy Shops","StSLib","SuperFastMode","[IsaacMod]以撒尖塔","【遗物卡牌】REMEMod","残留之物"],"gold_per_floor":[119,119,119,59,74,107,107,58,58,58,89,89,100,100,100,100,100],"floor_reached":16,"language":"ZHS","playtime":249,"items_purged":["PlaceholderMod:BaseStrike","PlaceholderMod:BaseDefend"],"score":290,"play_id":"05950838-1934-4fd0-9984-5a46b3a54651","local_time":"20210225185959","is_ascension_mode":true,"campfire_choices":[{"floor":7.0,"key":"REST"},{"data":"PlaceholderMod:StrongAcid","floor":12.0,"key":"SMITH"},{"data":"PlaceholderMod:PoisonWhip","floor":15.0,"key":"SMITH"}],"circlet_count":0,"master_deck":["AscendersBane","PlaceholderMod:BaseStrike","PlaceholderMod:BaseStrike","PlaceholderMod:BaseStrike","PlaceholderMod:BaseStrike","PlaceholderMod:BaseDefend","PlaceholderMod:BaseDefend","PlaceholderMod:BaseDefend","PlaceholderMod:BaseDefend","PlaceholderMod:Crystal","PlaceholderMod:PoisonWhip+1","PlaceholderMod:StrongAcid+1"],"relics":["PlaceholderMod:Tancle","HushsDoor","REME_ComplimentaryCards","TheBean","Medical Kit","Juzu Bracelet","Regal Pillow","Sling","PlaceholderMod:DeVermisMysteriis","SalivaCoin","Omamori","Kunai","Matryoshka","SatanicBible","Ginger"],"acts_visited":["Exordium"],"potions_floor_usage":[],"damage_taken":[{"damage":4.0,"enemies":"2 Louse","floor":1.0,"turns":4.0},{"damage":0.0,"enemies":"Small Slimes","floor":5.0,"turns":3.0},{"damage":20.0,"enemies":"Lagavulin","floor":6.0,"turns":3.0},{"damage":0.0,"enemies":"Gremlin Nob","floor":11.0,"turns":2.0},{"damage":0.0,"enemies":"Cultist","floor":13.0,"turns":2.0},{"damage":0,"enemies":"The Guardian","floor":16,"turns":1}],"seed_played":"1624596167636734930","potions_obtained":[{"floor":1.0,"key":"Fruit Juice"},{"floor":6.0,"key":"SpeedPotion"},{"floor":13.0,"key":"SneckoOil"}],"is_trial":false,"path_per_floor":["M","?","?","$","M","E","R","$","T","?","E","R","M","$","R","B"],"character_chosen":"THE_PLACEHOLDER","items_purchased":["Medical Kit","Juzu Bracelet","Regal Pillow","Sling","PlaceholderMod:DeVermisMysteriis","SalivaCoin","Bomb","Omamori","PlaceholderMod:StrongAcid"],"campfire_rested":1,"item_purchase_floors":[0,0,0,0,0,0,0,4,8],"current_hp_per_floor":[23,23,50,50,50,30,69,69,69,69,69,69,69,69,69,69,69],"gold":100,"neow_bonus":"","is_daily":false,"chose_seed":false,"campfire_upgraded":2,"win_rate":0.0,"timestamp":1614250799,"path_taken":["M","?","?","$","M","E","R","?","T","?","E","R","M","$","R","BOSS"],"items_purchased_type":["Relic","Relic","Relic","Relic","Relic","Relic","Card","Relic","Card"],"build_version":"2020-12-22","purchased_purges":2,"victory":false,"max_hp_per_floor":[83,83,83,83,83,83,83,83,83,83,83,83,83,83,83,83,83],"card_choices":[{"not_picked":["PlaceholderMod:SevereHeat","PlaceholderMod:Turn","PlaceholderMod:ParasiteChange"],"picked":"SKIP","floor":1.0},{"not_picked":["PlaceholderMod:HardStrike","PlaceholderMod:Stratification"],"picked":"Bomb","floor":5.0},{"not_picked":["PlaceholderMod:SevereHeat","PlaceholderMod:HornyCollision"],"picked":"Bomb","floor":6.0},{"not_picked":["PlaceholderMod:InnerSoften","PlaceholderMod:HardStrike","PlaceholderMod:AttackAsDefend"],"picked":"SKIP","floor":11.0},{"not_picked":["PlaceholderMod:Crystallization","PlaceholderMod:OHStrongAttack","PlaceholderMod:ParasiteChange"],"picked":"SKIP","floor":13.0}],"player_experience":770833,"relics_obtained":[{"floor":6.0,"key":"Kunai"},{"floor":9.0,"key":"Matryoshka"},{"floor":11.0,"key":"Ginger"}],"event_choices":[{"damage_healed":0.0,"max_hp_gain":0.0,"max_hp_loss":0.0,"gold_gain":0.0,"event_name":"Golden Wing","player_choice":"Ignored","floor":2.0,"gold_loss":0.0,"damage_taken":0.0},{"damage_healed":27.0,"max_hp_gain":0.0,"max_hp_loss":0.0,"gold_gain":0.0,"event_name":"Big Fish","player_choice":"Banana","floor":3.0,"gold_loss":0.0,"damage_taken":0.0},{"damage_healed":0.0,"max_hp_gain":0.0,"max_hp_loss":0.0,"gold_gain":0.0,"event_name":"WeMeetAgain","player_choice":"Gave Potion","floor":10.0,"gold_loss":0.0,"damage_taken":0.0,"relics_obtained":["SatanicBible"]}],"is_beta":false,"boss_relics":[],"items_purged_floors":[8,8],"is_endless":false,"potions_floor_spawned":[1,6,13],"killed_by":"The Guardian","ascension_level":12}}