{"host":"2hea6pl5vmah38iy","time":1614254462,"event":{"mods":["AchievementEnabler","BaseMod","Colored Map","DeckTracker","Keyboard Shortcuts","Minty Spire (QoL Compilation)","Rare Cards Sparkle","StSLib","SuperFastMode","everything is the same but u backflip on backflip"],"gold_per_floor":[360,378,378,52,72,103,124,147,174,174,44,44,64,78,78,78,78],"floor_reached":16,"language":"KOR","playtime":733,"items_purged":["Clumsy"],"score":208,"play_id":"a12d5417-51ca-4ad6-9abb-f7a18f64b09f","local_time":"20210225210102","is_ascension_mode":true,"campfire_choices":[{"data":"Perfected Strike","floor":10,"key":"SMITH"},{"data":"True Grit","floor":12,"key":"SMITH"},{"data":"Perfected Strike","floor":15,"key":"SMITH"}],"circlet_count":0,"master_deck":["AscendersBane","Strike_R","Strike_R","Strike_R","Strike_R","Strike_R","Defend_R","Defend_R","Defend_R","Defend_R","Bash","Perfected Strike+1","Dark Embrace","Perfected Strike+1","Sentinel","Seeing Red","Twin Strike","Feel No Pain","Battle Trance","True Grit+1","Disarm"],"relics":["Burning Blood","Golden Idol","TheAbacus","Eternal Feather","Centennial Puzzle"],"acts_visited":["Exordium"],"potions_floor_usage":[8,14,16],"damage_taken":[{"damage":6.0,"enemies":"Cultist","floor":1.0,"turns":4.0},{"damage":7.0,"enemies":"Jaw Worm","floor":2.0,"turns":3.0},{"damage":10.0,"enemies":"Small Slimes","floor":5.0,"turns":3.0},{"damage":38.0,"enemies":"Gremlin Nob","floor":6.0,"turns":5.0},{"damage":13.0,"enemies":"Red Slaver","floor":7.0,"turns":3.0},{"damage":22,"enemies":"3 Louse","floor":8,"turns":3},{"damage":3,"enemies":"Blue Slaver","floor":13,"turns":3},{"damage":14,"enemies":"Exordium Thugs","floor":14,"turns":4},{"damage":36,"enemies":"Hexaghost","floor":16,"turns":11}],"seed_played":"-3495307640661377405","potions_obtained":[{"floor":1.0,"key":"SpeedPotion"},{"floor":2.0,"key":"Weak Potion"},{"floor":7.0,"key":"Dexterity Potion"},{"floor":8,"key":"PowerPotion"}],"is_trial":false,"path_per_floor":["M","M","?","$","M","E","M","M","T","R","$","R","M","M","R","B"],"character_chosen":"IRONCLAD","items_purchased":["Perfected Strike","Sentinel","TheAbacus","Battle Trance","True Grit"],"campfire_rested":0,"item_purchase_floors":[4,4,4,11,11],"current_hp_per_floor":[68,67,67,67,63,31,24,8,8,17,17,29,32,24,36,0,0],"gold":78,"neow_bonus":"TWO_FIFTY_GOLD","is_daily":false,"chose_seed":false,"campfire_upgraded":3,"win_rate":0.0,"timestamp":1614254462,"path_taken":["M","M","?","$","M","E","M","M","T","R","$","R","M","M","R","BOSS"],"items_purchased_type":["Card","Card","Relic","Card","Card"],"build_version":"2020-12-22","purchased_purges":1,"victory":false,"max_hp_per_floor":[75,75,68,68,68,68,68,68,68,68,68,68,68,68,68,68,68],"card_choices":[{"not_picked":["True Grit","Rampage"],"picked":"Perfected Strike","floor":1.0},{"not_picked":["Sword Boomerang","Entrench"],"picked":"Dark Embrace","floor":2.0},{"not_picked":["Iron Wave","Cleave","Ghostly Armor"],"picked":"SKIP","floor":5.0},{"not_picked":["Anger","Blood for Blood"],"picked":"Seeing Red","floor":6.0},{"not_picked":["Twin Strike","Searing Blow","Sever Soul"],"picked":"SKIP","floor":7.0},{"not_picked":["Searing Blow","Sever Soul"],"picked":"Twin Strike","floor":7.0},{"not_picked":["Sword Boomerang","True Grit"],"picked":"Feel No Pain","floor":8},{"not_picked":["Entrench","Sword Boomerang","Uppercut"],"picked":"SKIP","floor":13},{"not_picked":["Disarm","Heavy Blade","Havoc"],"picked":"SKIP","floor":14},{"not_picked":["Heavy Blade","Havoc"],"picked":"Disarm","floor":14}],"player_experience":616045,"relics_obtained":[{"floor":6.0,"key":"Eternal Feather"},{"floor":9,"key":"Centennial Puzzle"}],"event_choices":[{"damage_healed":0.0,"max_hp_gain":0.0,"max_hp_loss":7.0,"gold_gain":0.0,"event_name":"Golden Idol","player_choice":"Lose Max HP","floor":3.0,"gold_loss":0.0,"damage_taken":0.0,"relics_obtained":["Golden Idol"]}],"is_beta":false,"boss_relics":[],"items_purged_floors":[4],"is_endless":false,"potions_floor_spawned":[1,2,7,8],"killed_by":"Hexaghost","ascension_level":20}}