{"host":"ju1b3c4x8n2jtjm7","time":1614294205,"event":{"mods":["AchievementEnabler","BaseMod","Colored Map","Colored Powertips","Highlight Path","Minty Spire (QoL Compilation)","Quick Restart","Rare Cards Sparkle","Relic Stats","StSLib"],"gold_per_floor":[116,131,131,131,131,131,156,43,121,142,142,185,204,219,219,309,309,334,355,376,4,17,17,30,30,53,84,127,127,168,168,168,248,248,260,7,43,70,93,133,145,158,158,186,186,212,222,233,233,233,233,233,233],"floor_reached":52,"language":"ENG","playtime":4944,"items_purged":["Defend_G","Die Die Die"],"score":1360,"play_id":"7739d29d-35da-453c-ad02-4c3a17f93609","local_time":"20210226000324","is_ascension_mode":true,"campfire_choices":[{"floor":6.0,"key":"REST"},{"data":"Choke","floor":11.0,"key":"SMITH"},{"data":"Well Laid Plans","floor":15.0,"key":"SMITH"},{"data":"Cloak And Dagger","floor":23.0,"key":"SMITH"},{"data":"Cloak And Dagger","floor":25.0,"key":"SMITH"},{"floor":32.0,"key":"REST"},{"data":"Terror","floor":45.0,"key":"SMITH"},{"floor":49,"key":"RECALL"}],"circlet_count":0,"master_deck":["AscendersBane","Survivor","Neutralize","Choke+1","Cloak And Dagger+1","Escape Plan","Glass Knife+1","PiercingWail","Well Laid Plans+1","Cloak And Dagger+1","Footwork+1","Endless Agony","Malaise","Accuracy+1","Backflip","Burst","Terror+1","Accuracy+1","PiercingWail+1","Prepared+1","Escape Plan","Tools of the Trade+1","Cloak And Dagger+1","Phantasmal Killer+1","Footwork+1","Deflect+1","Accuracy+1","Phantasmal Killer+1","Finesse+1","Escape Plan+1","Night Terror+1","Accuracy+1"],"relics":["Ring of the Serpent","Prayer Wheel","Bloody Idol","Frozen Egg 2","Pandora\u0027s Box","FossilizedHelix","CeramicFish","Lantern","Toxic Egg 2","Anchor","PreservedInsect","Shuriken","Paper Crane"],"acts_visited":["Exordium","TheCity","TheBeyond","TheEnding"],"potions_floor_usage":[50],"damage_taken":[{"damage":4.0,"enemies":"2 Louse","floor":1.0,"turns":5.0},{"damage":0.0,"enemies":"Small Slimes","floor":2.0,"turns":4.0},{"damage":0.0,"enemies":"Cultist","floor":7.0,"turns":2.0},{"damage":1.0,"enemies":"Large Slime","floor":10.0,"turns":5.0},{"damage":15.0,"enemies":"Lagavulin","floor":12.0,"turns":5.0},{"damage":3.0,"enemies":"Blue Slaver","floor":13.0,"turns":3.0},{"damage":1.0,"enemies":"Red Slaver","floor":14.0,"turns":3.0},{"damage":1.0,"enemies":"The Guardian","floor":16.0,"turns":13.0},{"damage":6.0,"enemies":"Spheric Guardian","floor":18.0,"turns":4.0},{"damage":0.0,"enemies":"Chosen","floor":19.0,"turns":7.0},{"damage":0.0,"enemies":"Centurion and Healer","floor":20.0,"turns":5.0},{"damage":12.0,"enemies":"Snake Plant","floor":22.0,"turns":4.0},{"damage":6.0,"enemies":"Shelled Parasite and Fungi","floor":24.0,"turns":6.0},{"damage":0.0,"enemies":"Centurion and Healer","floor":27.0,"turns":4.0},{"damage":8.0,"enemies":"Book of Stabbing","floor":28.0,"turns":6.0},{"damage":3.0,"enemies":"Slavers","floor":30.0,"turns":5.0},{"damage":37.0,"enemies":"Collector","floor":33.0,"turns":6.0},{"damage":0.0,"enemies":"3 Darklings","floor":35.0,"turns":5.0},{"damage":0.0,"enemies":"3 Shapes","floor":37.0,"turns":3.0},{"damage":0.0,"enemies":"Maw","floor":39.0,"turns":4.0},{"damage":0.0,"enemies":"Giant Head","floor":40.0,"turns":5.0},{"damage":16.0,"enemies":"Sphere and 2 Shapes","floor":41.0,"turns":7.0},{"damage":18.0,"enemies":"3 Darklings","floor":42.0,"turns":4.0},{"damage":0.0,"enemies":"Transient","floor":44.0,"turns":5.0},{"damage":0.0,"enemies":"Nemesis","floor":46.0,"turns":5.0},{"damage":0.0,"enemies":"Writhing Mass","floor":47.0,"turns":3.0},{"damage":17,"enemies":"Spire Growth","floor":48,"turns":6},{"damage":30,"enemies":"Time Eater","floor":50,"turns":6}],"seed_played":"6177256185867171725","potions_obtained":[{"floor":1.0,"key":"SpeedPotion"},{"floor":2.0,"key":"LiquidBronze"},{"floor":13.0,"key":"DuplicationPotion"},{"floor":19.0,"key":"FairyPotion"},{"floor":33.0,"key":"Block Potion"},{"floor":44.0,"key":"BlessingOfTheForge"},{"floor":46.0,"key":"AttackPotion"}],"is_trial":false,"path_per_floor":["M","M","?","?","?","R","M","$","T","M","R","E","M","M","R","B",null,"M","M","M","$","M","R","M","R","T","M","E","?","E","?","R","B",null,"M","$","M","?","M","E","M","M","T","M","R","E","M","M","R","B",null,"R"],"character_chosen":"THE_SILENT","items_purchased":["Well Laid Plans","FossilizedHelix","Accuracy+1","Anchor"],"campfire_rested":2,"item_purchase_floors":[8,21,21,36],"current_hp_per_floor":[40,40,27,27,27,46,46,46,46,45,45,30,27,26,26,25,56,50,50,50,50,38,38,32,32,32,32,24,24,21,21,40,13,53,58,58,66,66,66,66,55,42,42,52,52,57,62,50,50,20,55,55,55],"gold":233,"neow_bonus":"ONE_RARE_RELIC","is_daily":false,"chose_seed":false,"campfire_upgraded":5,"win_rate":0.0,"timestamp":1614294204,"path_taken":["M","M","?","?","?","R","M","$","T","M","R","E","M","M","R","BOSS","M","M","M","$","M","R","M","R","T","?","E","?","E","?","R","BOSS","M","$","M","?","?","E","?","M","T","M","R","E","M","M","R","BOSS","R"],"items_purchased_type":["Card","Relic","Card","Relic"],"build_version":"2020-12-22","purchased_purges":2,"victory":false,"max_hp_per_floor":[66,66,66,66,66,66,66,66,66,66,66,66,66,66,66,66,66,66,66,66,66,66,66,66,66,66,66,66,66,66,66,66,66,66,66,66,66,66,66,66,66,66,66,66,66,66,66,66,66,66,66,66,66],"relic_stats":{"counters":[28,140],"Shuriken":[8],"Bloody Idol":58,"CeramicFish":99,"Prayer Wheel":22,"Pandora\u0027s Box":["Storm of Steel","Outmaneuver","Dash","Doppelganger","Malaise","Night Terror","Caltrops","Caltrops","Dagger Spray"],"PreservedInsect":50,"obtain_stats":[{"Lantern":28,"Golden Idol":4,"CeramicFish":26,"PreservedInsect":40,"Frozen Egg 2":12,"Paper Crane":46,"Anchor":36,"Shuriken":43,"Bloody Idol":31,"Prayer Wheel":0,"Pandora\u0027s Box":17,"Toxic Egg 2":30,"FossilizedHelix":21,"Ring of the Serpent":34,"Ring of the Snake":0},{"Lantern":15,"Golden Idol":2,"CeramicFish":13,"PreservedInsect":21,"Frozen Egg 2":5,"Paper Crane":25,"Anchor":18,"Shuriken":23,"Bloody Idol":16,"Prayer Wheel":0,"Pandora\u0027s Box":8,"Toxic Egg 2":16,"FossilizedHelix":11,"Ring of the Serpent":17,"Ring of the Snake":0},{"Lantern":76,"Golden Idol":9,"CeramicFish":66,"PreservedInsect":104,"Frozen Egg 2":21,"Paper Crane":125,"Anchor":92,"Shuriken":115,"Bloody Idol":81,"Prayer Wheel":0,"Pandora\u0027s Box":40,"Toxic Egg 2":81,"FossilizedHelix":56,"Ring of the Serpent":87,"Ring of the Snake":0}]},"card_choices":[{"not_picked":["Prepared","Heel Hook"],"picked":"Choke","floor":1.0},{"not_picked":["Flying Knee","Underhanded Strike"],"picked":"Cloak And Dagger","floor":1.0},{"not_picked":["Endless Agony","Flechettes"],"picked":"Escape Plan","floor":2.0},{"not_picked":["Dagger Spray","Deflect"],"picked":"Glass Knife","floor":2.0},{"not_picked":["Dash","Deadly Poison"],"picked":"PiercingWail","floor":7.0},{"not_picked":["Quick Slash","Setup","Sucker Punch"],"picked":"SKIP","floor":7.0},{"not_picked":["Quick Slash","Setup","Sucker Punch"],"picked":"SKIP","floor":7.0},{"not_picked":["Blade Dance","Caltrops"],"picked":"Die Die Die","floor":10.0},{"not_picked":["PiercingWail","Underhanded Strike"],"picked":"Cloak And Dagger","floor":10.0},{"not_picked":["All Out Attack","Backflip","Poisoned Stab"],"picked":"SKIP","floor":12.0},{"not_picked":["Deadly Poison","Outmaneuver"],"picked":"Footwork+1","floor":13.0},{"not_picked":["Infinite Blades+1","Skewer","Setup"],"picked":"SKIP","floor":13.0},{"not_picked":["Flying Knee","Underhanded Strike"],"picked":"Endless Agony","floor":14.0},{"not_picked":["Setup","Acrobatics","Quick Slash"],"picked":"SKIP","floor":14.0},{"not_picked":["Unload","Night Terror"],"picked":"Malaise","floor":16.0},{"not_picked":["Concentrate","Prepared"],"picked":"Accuracy+1","floor":18.0},{"not_picked":["Acrobatics","Underhanded Strike"],"picked":"Backflip","floor":18.0},{"not_picked":["Backstab","Dodge and Roll"],"picked":"Burst","floor":19.0},{"not_picked":["Bouncing Flask","Poisoned Stab","Underhanded Strike+1"],"picked":"SKIP","floor":19.0},{"not_picked":["Underhanded Strike","Calculated Gamble"],"picked":"Terror","floor":20.0},{"not_picked":["Quick Slash","Cloak And Dagger","Blade Dance"],"picked":"SKIP","floor":20.0},{"not_picked":["Backflip","Reflex"],"picked":"PiercingWail+1","floor":22.0},{"not_picked":["Predator","Slice","Masterful Stab"],"picked":"SKIP","floor":22.0},{"not_picked":["After Image+1","Bane"],"picked":"Prepared+1","floor":24.0},{"not_picked":["Prepared","Dodge and Roll"],"picked":"Escape Plan","floor":24.0},{"not_picked":["Crippling Poison","Backflip"],"picked":"Tools of the Trade+1","floor":27.0},{"not_picked":["Slice","Bane"],"picked":"Cloak And Dagger+1","floor":27.0},{"not_picked":["Prepared","Masterful Stab+1","Slice"],"picked":"SKIP","floor":28.0},{"not_picked":["Skewer","Masterful Stab","Acrobatics+1"],"picked":"SKIP","floor":30.0},{"not_picked":["Storm of Steel+1","After Image+1"],"picked":"Phantasmal Killer+1","floor":33.0},{"not_picked":["Concentrate+1","Deadly Poison+1","Riddle With Holes"],"picked":"SKIP","floor":35.0},{"not_picked":["Sucker Punch","Riddle With Holes","Poisoned Stab+1"],"picked":"SKIP","floor":35.0},{"not_picked":["Underhanded Strike+1","Acrobatics+1"],"picked":"Footwork+1","floor":37.0},{"not_picked":["Flechettes","Cloak And Dagger+1"],"picked":"Deflect+1","floor":37.0},{"not_picked":["PiercingWail+1","Caltrops+1"],"picked":"Escape Plan+1","floor":39.0},{"not_picked":["Calculated Gamble+1","Quick Slash+1","Cloak And Dagger+1"],"picked":"SKIP","floor":39.0},{"not_picked":["Cloak And Dagger+1","Outmaneuver+1"],"picked":"Night Terror+1","floor":40.0},{"not_picked":["Quick Slash","Infinite Blades+1","Expertise+1"],"picked":"SKIP","floor":41.0},{"not_picked":["Blade Dance+1","Dagger Spray","Underhanded Strike"],"picked":"SKIP","floor":41.0},{"not_picked":["Bane","Prepared+1","Quick Slash"],"picked":"SKIP","floor":42.0},{"not_picked":["Slice","Underhanded Strike","Setup+1"],"picked":"SKIP","floor":42.0},{"not_picked":["PiercingWail+1","Sucker Punch+1"],"picked":"Accuracy+1","floor":44.0},{"not_picked":["Dodge and Roll+1","Finisher","Backflip+1"],"picked":"SKIP","floor":44.0},{"not_picked":["Cloak And Dagger+1","Adrenaline+1","Expertise+1"],"picked":"SKIP","floor":46.0},{"not_picked":["Poisoned Stab+1","Caltrops+1","Outmaneuver+1"],"picked":"SKIP","floor":47.0},{"not_picked":["Deadly Poison+1","Flying Knee","Backflip+1"],"picked":"SKIP","floor":47.0},{"not_picked":["Dagger Throw+1","Flechettes+1","Sucker Punch"],"picked":"SKIP","floor":48},{"not_picked":["Dagger Spray","Underhanded Strike","After Image+1"],"picked":"SKIP","floor":48}],"player_experience":551728,"relics_obtained":[{"floor":12.0,"key":"Frozen Egg 2"},{"floor":26.0,"key":"CeramicFish"},{"floor":28.0,"key":"Lantern"},{"floor":30.0,"key":"Toxic Egg 2"},{"floor":40.0,"key":"PreservedInsect"},{"floor":43.0,"key":"Shuriken"},{"floor":46.0,"key":"Paper Crane"}],"event_choices":[{"damage_healed":0.0,"max_hp_gain":0.0,"max_hp_loss":0.0,"gold_gain":0.0,"event_name":"Shining Light","player_choice":"Entered Light","floor":3.0,"gold_loss":0.0,"damage_taken":13.0,"cards_upgraded":["Glass Knife","Defend_G"]},{"damage_healed":0.0,"max_hp_gain":0.0,"max_hp_loss":0.0,"gold_gain":0.0,"event_name":"Golden Idol","player_choice":"Take Wound","floor":4.0,"gold_loss":0.0,"damage_taken":0.0,"relics_obtained":["Golden Idol"],"cards_obtained":["Injury"]},{"cards_removed":["Injury"],"damage_healed":0.0,"max_hp_gain":0.0,"max_hp_loss":0.0,"gold_gain":0.0,"event_name":"Fountain of Cleansing","player_choice":"Removed Curses","floor":5.0,"gold_loss":0.0,"damage_taken":0.0},{"damage_healed":0.0,"max_hp_gain":0.0,"max_hp_loss":0.0,"gold_gain":0.0,"event_name":"Ghosts","player_choice":"Ignored","floor":29.0,"gold_loss":0.0,"damage_taken":0.0},{"damage_healed":0.0,"max_hp_gain":0.0,"max_hp_loss":0.0,"gold_gain":0.0,"event_name":"Forgotten Altar","player_choice":"Gave Idol","floor":31.0,"relics_lost":["Golden Idol"],"gold_loss":0.0,"damage_taken":0.0,"relics_obtained":["Bloody Idol"]},{"damage_healed":0.0,"max_hp_gain":0.0,"max_hp_loss":0.0,"gold_gain":0.0,"event_name":"Match and Keep!","player_choice":"3 cards matched","floor":38.0,"gold_loss":0.0,"damage_taken":0.0,"cards_obtained":["Accuracy","Phantasmal Killer","Finesse"]}],"is_beta":false,"boss_relics":[{"not_picked":["Empty Cage","Runic Pyramid"],"picked":"Pandora\u0027s Box"},{"not_picked":["Runic Dome","SlaversCollar"],"picked":"Ring of the Serpent"}],"items_purged_floors":[8,36],"is_endless":false,"potions_floor_spawned":[1,2,13,19,20,33,35,39,44,46],"ascension_level":14}}