{"host":"mujoymdbv27pmqgz","time":1614232692,"event":{"mods":["BaseMod","Downfall","KinomotoSakuraMod(????)","Minty Spire (QoL Compilation)","StSLib","The Jungle"],"gold_per_floor":[115,115,130,146,158,158,158],"floor_reached":6,"language":"ZHS","playtime":319,"items_purged":[],"score":59,"play_id":"85ac2785-f3ea-4df9-aec1-577f6693a084","local_time":"20210225005812","is_ascension_mode":true,"campfire_choices":[],"circlet_count":0,"master_deck":["AscendersBane","ClowCardTheSword","ClowCardTheSword","ClowCardTheSword","ClowCardTheShield","ClowCardTheShield","ClowCardTheShield","ClowCardTheShield","SpellCardSeal","SpellCardRelease","ClowCardTheLight","ClowCardTheWindy","ClowCardTheLock","ClowCardTheSong","ClowCardTheFlower","ClowCardTheVoice"],"relics":["KSMOD_SealedBook","KSMOD_SealedWand"],"acts_visited":["Exordium"],"potions_floor_usage":[6],"damage_taken":[{"damage":7,"enemies":"Jaw Worm","floor":1,"turns":3},{"damage":11,"enemies":"Cultist","floor":3,"turns":4},{"damage":6,"enemies":"Small Slimes","floor":4,"turns":4},{"damage":7,"enemies":"Blue Slaver","floor":5,"turns":7},{"damage":16,"enemies":"Gremlin Nob","floor":6,"turns":3}],"seed_played":"-9050569811502808238","potions_obtained":[{"floor":4,"key":"KSMOD_MagickBottle"},{"floor":5,"key":"AttackPotion"}],"is_trial":false,"path_per_floor":["M","?","M","M","M","E"],"character_chosen":"KINOMOTOSAKURA","items_purchased":[],"campfire_rested":0,"item_purchase_floors":[],"current_hp_per_floor":[56,56,45,39,32,16,16],"gold":158,"neow_bonus":"ONE_RANDOM_RARE_CARD","is_daily":false,"chose_seed":false,"campfire_upgraded":0,"win_rate":0.0,"timestamp":1614232692,"path_taken":["M","?","M","?","M","E"],"items_purchased_type":[],"build_version":"2020-12-22","purchased_purges":0,"victory":false,"max_hp_per_floor":[70,70,70,70,70,70,70],"card_choices":[{"not_picked":["ClowCardTheLock","ClowCardTheErase"],"picked":"ClowCardTheWindy","floor":1},{"not_picked":["ClowCardTheArrow","ClowCardTheSilent"],"picked":"ClowCardTheSong","floor":3},{"not_picked":["ClowCardTheLibra","ClowCardTheChange"],"picked":"ClowCardTheFlower","floor":4},{"not_picked":["ClowCardTheChange","ClowCardTheWood"],"picked":"ClowCardTheVoice","floor":5}],"player_experience":531412,"relics_obtained":[],"event_choices":[{"damage_healed":0,"gold_gain":0,"cards_transformed":["ClowCardTheSword"],"player_choice":"Transformed","damage_taken":0,"max_hp_gain":0,"max_hp_loss":0,"event_name":"Transmorgrifier","floor":2,"gold_loss":0,"cards_obtained":["ClowCardTheLock"]}],"is_beta":false,"boss_relics":[],"items_purged_floors":[],"is_endless":false,"potions_floor_spawned":[4,5],"killed_by":"Gremlin Nob","ascension_level":11}}