{"host":"81h68oe4mr04pk3r","time":1614232711,"event":{"mods":["Act Like it!","Aspiration","BaseMod","BetterRewards","Colored Map","Colored Powertips","Conspire","Gensokyo","Hallownest","Hermit","Hubris","Jorbs\u0027s Wanderer Trilogy","Koishi","Marisa（霧雨　魔理沙）","Minty Spire (QoL Compilation)","Quick Restart","Reimu（博??梦）","Remilia（蕾米莉?）","StSLib","The Bug Knight"],"gold_per_floor":[115,24,24,24,34,34,34,47,47,47,19,19,19,30,30,126,126,143,143,361,6,26,57,57,72,72,88,104,104,104,119,119,119,119],"floor_reached":33,"language":"ENG","playtime":1666,"items_purged":[],"score":282,"play_id":"826f4442-a4c2-423a-bca7-830eb455eff6","local_time":"20210224215831","is_ascension_mode":false,"campfire_choices":[{"data":"hermit:BlackWind","floor":6,"key":"SMITH"},{"data":"hermit:Glare","floor":10,"key":"SMITH"},{"data":"hermit:Snapshot","floor":12,"key":"SMITH"},{"data":"Blade Dance","floor":15,"key":"SMITH"},{"floor":24,"key":"REST"},{"floor":29,"key":"REST"},{"floor":32,"key":"REST"}],"circlet_count":0,"master_deck":["hermit:Strike_Hermit","hermit:Strike_Hermit","hermit:Strike_Hermit","hermit:Defend_Hermit","hermit:Defend_Hermit","hermit:Snapshot+1","hermit:Covet","hermit:BlackWind+1","hermit:Enervate","hermit:LowProfile","hermit:Glare+1","hermit:HoleUp","Bouncing Flask","Blade Dance+1","Choke","hermit:HoleUp","hermit:Reprieve","Fire Breathing","Entrench","Gensokyo:MenInBlack","hermit:Quickdraw","Rage+1","hermit:Glare+1","hermit:Coalescence+1","hermit:Headshot","hermit:ShadowCloak"],"relics":["hermit:Momento","hubris:PeanutButter","aspiration:IroncladSkillbook","HandDrill","Toxic Egg 2","aspiration:HummingbirdHeart"],"acts_visited":["Gensokyo:Gensokyo","Gensokyo:Gensokyoer"],"potions_floor_usage":[16,23,27,28,33],"damage_taken":[{"damage":1,"enemies":"Gensokyo:Python","floor":1,"turns":3},{"damage":0,"enemies":"Gensokyo:3_Fairies","floor":5,"turns":4},{"damage":0,"enemies":"Gensokyo:2_Kodama","floor":8,"turns":4},{"damage":0,"enemies":"Gensokyo:5_Fairies","floor":14,"turns":5},{"damage":56,"enemies":"Gensokyo:Reimu","floor":16,"turns":16},{"damage":12,"enemies":"Gensokyo:2_Gloops","floor":18,"turns":5},{"damage":12,"enemies":"Gensokyo:CosmicMonolith","floor":20,"turns":5},{"damage":46,"enemies":"Gensokyo:Chomper_and_Gloop","floor":22,"turns":7},{"damage":0,"enemies":"Gensokyo:Reisen","floor":23,"turns":4},{"damage":0,"enemies":"Gensokyo:Wraith","floor":25,"turns":6},{"damage":49,"enemies":"Gensokyo:3_Gloops","floor":27,"turns":8},{"damage":4,"enemies":"Gensokyo:Slime_Group","floor":28,"turns":5},{"damage":12,"enemies":"Gensokyo:Wraith","floor":31,"turns":6},{"damage":48,"enemies":"Gensokyo:Eiki","floor":33,"turns":10}],"seed_played":"3091957997322873558","potions_obtained":[{"floor":8,"key":"Swift Potion"},{"floor":22,"key":"Explosive Potion"},{"floor":23,"key":"Regen Potion"},{"floor":25,"key":"FearPotion"},{"floor":28,"key":"ColorlessPotion"}],"is_trial":false,"path_per_floor":["M","$","?","$","M","R","?","M","T","R","COS","R","?","M","R","B",null,"M","?","M","COS","M","E","R","M","T","M","M","R","?","M","R","B"],"character_chosen":"HERMIT","items_purchased":["hermit:Enervate","hermit:LowProfile"],"campfire_rested":3,"item_purchase_floors":[2,2],"current_hp_per_floor":[74,74,74,74,74,74,81,81,81,81,81,81,81,81,81,25,82,74,74,66,66,24,28,52,56,56,23,23,47,55,47,71,23,23],"gold":119,"neow_bonus":"ONE_RANDOM_RARE_CARD","is_daily":false,"chose_seed":false,"campfire_upgraded":4,"win_rate":0.0,"timestamp":1614232711,"path_taken":["M","$","?","$","M","R","?","M","T","R","COS","R","?","M","R","BOSS","M","?","M","COS","M","E","R","M","T","M","M","R","?","?","R","BOSS"],"items_purchased_type":["Card","Card"],"build_version":"2020-12-22","purchased_purges":0,"victory":false,"max_hp_per_floor":[75,75,75,75,75,75,82,82,82,82,82,82,82,82,82,82,82,82,82,82,82,82,82,82,82,82,82,82,82,82,82,82,82,82],"card_choices":[{"not_picked":["hermit:Vantage","hermit:Misfire"],"picked":"hermit:Manifest","floor":1},{"not_picked":["hermit:ItchyTrigger","hermit:Showdown"],"picked":"hermit:Glare","floor":5},{"not_picked":["hermit:ItchyTrigger","hermit:Vantage"],"picked":"hermit:HoleUp","floor":8},{"not_picked":["hermit:Vantage","hermit:TakeAim"],"picked":"hermit:HoleUp","floor":14},{"not_picked":["hermit:HighNoon","hermit:Dissolve"],"picked":"hermit:Reprieve","floor":16},{"not_picked":["Cleave+1","Power Through","hermit:EyeOfTheStorm+1"],"picked":"Fire Breathing","floor":18},{"not_picked":["Flex+1","hermit:BodyArmor","Fire Breathing+1"],"picked":"Entrench","floor":20},{"not_picked":["Metallicize+1","hermit:CalledShot","hubris:ReadiedAction"],"picked":"hermit:Quickdraw","floor":22},{"not_picked":["hermit:Dive+1","hermit:FatalDesire","Spot Weakness+1"],"picked":"Rage+1","floor":23},{"not_picked":["Heavy Blade+1","hubris:SharpeningStone+1","Body Slam"],"picked":"hermit:Glare+1","floor":25},{"not_picked":["Pommel Strike+1","Clash","hermit:Scavenge+1"],"picked":"hermit:Coalescence+1","floor":27},{"not_picked":["Rampage","Anger","hermit:HighNoon"],"picked":"hermit:Headshot","floor":28},{"not_picked":["Anger","hermit:TrackingShot","Wild Strike"],"picked":"hermit:ShadowCloak","floor":31}],"player_experience":209985,"relics_obtained":[{"floor":9,"key":"hubris:PeanutButter"},{"floor":23,"key":"Toxic Egg 2"},{"floor":26,"key":"aspiration:HummingbirdHeart"}],"event_choices":[{"damage_healed":0,"gold_gain":0,"player_choice":"Leave","damage_taken":0,"max_hp_gain":0,"max_hp_loss":0,"event_name":"conspire:Investor","floor":19,"gold_loss":0}],"is_beta":false,"boss_relics":[{"not_picked":["Fusion Hammer","hubris:GrandSneckoEye"],"picked":"aspiration:IroncladSkillbook"}],"items_purged_floors":[],"is_endless":false,"potions_floor_spawned":[8,22,23,25,28],"killed_by":"Gensokyo:Eiki","ascension_level":0}}