{"host":"mconkkfc0dudtfx5","time":1614245763,"event":{"mods":["BaseMod","Highlight Path","Hubris","Marisa£®ÏF”Í°°ƒß¿Ì…≥£©","Minty Spire (QoL Compilation)","Quick Restart","Remilia£®¿Ÿ√◊¿Ú—«£©","Shop Mod","StSLib","The Bug Knight","The Senshi","The Servant 0.9.4","Youmu£®ªÍ∆«—˝√Œ£©","Yuyuko"],"gold_per_floor":[119,119,219,234,258,301,301,335,362,362,406,424,442,469,469,469,469],"floor_reached":16,"language":"ZHS","playtime":637,"items_purged":[],"score":150,"play_id":"b489783f-6cbe-4c7a-bed5-7cb0607f1a45","local_time":"20210225173603","is_ascension_mode":true,"campfire_choices":[{"data":"Manipulate","floor":7,"key":"SMITH"},{"data":"KillingDoll","floor":10,"key":"SMITH"},{"floor":15,"key":"REST"}],"circlet_count":0,"master_deck":["Strike_S","Strike_S","Strike_S","Strike_S","Defend_S+1","Defend_S","Defend_S","Defend_S","KidneyShot","Exchange+1","SpecialFormula","Manipulate+1","Misdirection","KillingDoll+1","Rearm","Unruled","Defy"],"relics":["Uniform","NeowsBlessing","Golden Idol","Art of War","War Paint","Blood Vial","HollowMod:PaleOreRelic","Oddly Smooth Stone","Smiling Mask"],"acts_visited":["Exordium"],"potions_floor_usage":[8],"damage_taken":[{"damage":0,"enemies":"2 Louse","floor":1,"turns":1},{"damage":0,"enemies":"Cultist","floor":4,"turns":1},{"damage":0,"enemies":"Lagavulin","floor":6,"turns":2},{"damage":25,"enemies":"Gremlin Nob","floor":8,"turns":5},{"damage":14,"enemies":"3 Sentries","floor":11,"turns":4},{"damage":11,"enemies":"Jaw Worm","floor":12,"turns":3},{"damage":4,"enemies":"2 Fungi Beasts","floor":13,"turns":5},{"damage":20,"enemies":"Slime Boss","floor":16,"turns":5}],"seed_played":"-3655007792411543138","potions_obtained":[{"floor":4,"key":"AttackPotion"},{"floor":8,"key":"AttackPotion"},{"floor":12,"key":"Dexterity Potion"},{"floor":13,"key":"Strength Potion"}],"is_trial":false,"path_per_floor":["M","?","?","M","T","E","R","E","T","R","E","M","M","T","R","B"],"character_chosen":"THE_SERVANT","items_purchased":[],"campfire_rested":1,"item_purchase_floors":[],"current_hp_per_floor":[65,49,49,49,49,54,54,34,34,34,22,18,21,21,40,27,27],"gold":469,"neow_bonus":"THREE_ENEMY_KILL","is_daily":false,"chose_seed":false,"campfire_upgraded":2,"win_rate":0.0,"timestamp":1614245763,"path_taken":["M","?","?","?","?","E","R","E","T","R","E","M","M","?","R","BOSS"],"items_purchased_type":[],"build_version":"2020-12-22","purchased_purges":0,"victory":false,"max_hp_per_floor":[65,65,65,65,65,65,65,65,65,65,65,65,65,65,65,65,65],"card_choices":[{"not_picked":["FastForward","TimeWarp"],"picked":"SpecialFormula","floor":1},{"not_picked":["Advance","Spin"],"picked":"Manipulate","floor":4},{"not_picked":["ShatteredReality","BottledTime"],"picked":"Misdirection","floor":6},{"not_picked":["Revamp","FastForward"],"picked":"KillingDoll","floor":8},{"not_picked":["ShiftingGears","Reset"],"picked":"Rearm","floor":11},{"not_picked":["BottledTime","Shuttle"],"picked":"Unruled","floor":12},{"not_picked":["Revamp","TimeWarp"],"picked":"Defy","floor":13}],"player_experience":273308,"relics_obtained":[{"floor":5,"key":"Art of War"},{"floor":6,"key":"War Paint"},{"floor":8,"key":"Blood Vial"},{"floor":9,"key":"HollowMod:PaleOreRelic"},{"floor":11,"key":"Oddly Smooth Stone"},{"floor":14,"key":"Smiling Mask"}],"event_choices":[{"damage_healed":0,"gold_gain":0,"player_choice":"Take Damage","damage_taken":16,"relics_obtained":["Golden Idol"],"max_hp_gain":0,"max_hp_loss":0,"event_name":"Golden Idol","floor":2,"gold_loss":0},{"damage_healed":0,"gold_gain":100,"player_choice":"Gold","damage_taken":0,"max_hp_gain":0,"max_hp_loss":0,"event_name":"Wheel of Change","floor":3,"gold_loss":0}],"is_beta":false,"boss_relics":[],"items_purged_floors":[],"is_endless":false,"potions_floor_spawned":[4,8,12,13],"killed_by":"Slime Boss","ascension_level":1}}