{"host":"hszimsrtxxc2k25w","time":1614282630,"event":{"mods":["AchievementEnabler","BaseMod","Colored Map","DeckTracker","Minty Spire (QoL Compilation)","Rare Cards Sparkle","SuperFastMode"],"gold_per_floor":[113,132,57,57,74,74,102,114,141,159,82,82,92,105,105,105,105],"floor_reached":16,"language":"KOR","playtime":315,"items_purged":["Defend_P"],"score":182,"play_id":"8e8f7910-e8d9-4c27-a9ab-1823c2402191","local_time":"20210226045030","is_ascension_mode":true,"campfire_choices":[{"data":"EmptyFist","floor":6,"key":"SMITH"},{"floor":15,"key":"REST"}],"circlet_count":0,"master_deck":["AscendersBane","Strike_P","Strike_P","Strike_P","Strike_P","Defend_P","Defend_P","Defend_P","Eruption+1","Vigilance","EmptyFist+1","SandsOfTime","SandsOfTime"],"relics":["PureWater","NeowsBlessing","Damaru","Toy Ornithopter","Boot"],"acts_visited":["Exordium"],"potions_floor_usage":[16],"damage_taken":[{"damage":0,"enemies":"2 Louse","floor":1,"turns":2},{"damage":0,"enemies":"Cultist","floor":2,"turns":1},{"damage":0,"enemies":"Jaw Worm","floor":5,"turns":1},{"damage":8,"enemies":"Gremlin Nob","floor":7,"turns":3},{"damage":1,"enemies":"Exordium Thugs","floor":8,"turns":4},{"damage":1,"enemies":"2 Fungi Beasts","floor":10,"turns":2},{"damage":11,"enemies":"Large Slime","floor":13,"turns":5},{"damage":4,"enemies":"Looter","floor":14,"turns":3},{"damage":41,"enemies":"Hexaghost","floor":16,"turns":10}],"seed_played":"1236571805328192926","potions_obtained":[{"floor":7,"key":"Dexterity Potion"},{"floor":8,"key":"Regen Potion"}],"is_trial":false,"path_per_floor":["M","M","$","?","M","R","E","M","T","M","$","?","M","M","R","B"],"character_chosen":"WATCHER","items_purchased":["SandsOfTime"],"campfire_rested":1,"item_purchase_floors":[11],"current_hp_per_floor":[61,61,61,61,61,61,53,52,52,51,51,25,14,10,30,9,9],"gold":105,"neow_bonus":"THREE_ENEMY_KILL","is_daily":false,"chose_seed":false,"campfire_upgraded":1,"win_rate":0.0,"timestamp":1614282630,"path_taken":["M","M","$","?","M","R","E","?","T","M","?","?","?","M","R","BOSS"],"items_purchased_type":["Card"],"build_version":"2020-12-22","purchased_purges":1,"victory":false,"max_hp_per_floor":[68,68,68,68,68,68,68,68,68,68,68,68,68,68,68,68,68],"card_choices":[{"not_picked":["ClearTheMind","ThirdEye"],"picked":"EmptyFist","floor":1},{"not_picked":["BattleHymn","ForeignInfluence","WaveOfTheHand"],"picked":"SKIP","floor":2},{"not_picked":["FollowUp","EmptyFist","EmptyBody"],"picked":"SKIP","floor":5},{"not_picked":["Collect","CutThroughFate","Prostrate"],"picked":"SKIP","floor":7},{"not_picked":["EmptyBody","ThirdEye","DeceiveReality"],"picked":"SKIP","floor":8},{"not_picked":["EmptyBody","ThirdEye","DeceiveReality"],"picked":"SKIP","floor":8},{"not_picked":["Halt","ClearTheMind"],"picked":"SandsOfTime","floor":10},{"not_picked":["SpiritShield","Evaluate","TalkToTheHand"],"picked":"SKIP","floor":13},{"not_picked":["Indignation","PathToVictory","Prostrate"],"picked":"SKIP","floor":14}],"player_experience":709088,"relics_obtained":[{"floor":7,"key":"Damaru"},{"floor":9,"key":"Toy Ornithopter"}],"event_choices":[{"damage_healed":0,"gold_gain":0,"player_choice":"Forge","damage_taken":0,"max_hp_gain":0,"max_hp_loss":0,"event_name":"Accursed Blacksmith","floor":4,"gold_loss":0,"cards_upgraded":["Eruption"]},{"damage_healed":0,"gold_gain":0,"player_choice":"Success","damage_taken":26,"relics_obtained":["Boot"],"max_hp_gain":0,"max_hp_loss":0,"event_name":"Scrap Ooze","floor":12,"gold_loss":0}],"is_beta":false,"boss_relics":[],"items_purged_floors":[3],"is_endless":false,"potions_floor_spawned":[7,8,10,14],"killed_by":"Hexaghost","ascension_level":15}}