{"host":"xnjcin1g6gswdgtt","time":1614237809,"event":{"mods":["2.2 Compatiblity","Act Like it!","Arknights","Aspiration","Astrologer","BaseMod","Beaked The Cultist","Better Altar","Better Match","Better Note","Better Sensory Stone","Better Skull","Better Third Choice","Better Vampires","BetterRewards","Bossed Relics","Card Forge","CatGirl Mod","ChefMod","Colored Map","Colored Powertips","Conspire","Dota2Spire","Downfall","Duelist Mod","Elementarium","Energized Spire","Friendly Minions","Gold Saver","Gremlin Mod","GungeonMod","Hero for Fun","Highlight Path","Hubris","Jedi Mod","JesterMod","Marisa????????","Marked Mod","Menagerie","Minty Spire (QoL Compilation)","Pale of the Ancients","QueenMod","Quick Restart","Rare Cards Sparkle","Relic Stats","Reliquary","Replay The Spire","Robot Space Explorer","Ruina","Shade Mod","Shapeshifter Mod","Shop Mod","Small Relic Pack","Smile Girya","Spicy Shops","StSLib","The Alterego","The Animator","The Blue Laboratory","The Clintock","The Construct","The Cursed","The Death Knight","The Disciple","The Dragon Tamer","The Forsaken","The Hierophant","The Marked","The Mystic","The Necromancer","The Poker Player","The Runesmith","The Saiyan","The Servant 0.9.4","The Showman","The Wild Card","TheBandit","TheSwordswoman","TheVacant","Trackpad","Yuri Mod","??????REMEMod"],"gold_per_floor":[536,649,667,14,14,14,25,38,92,105,135,154,118,150,150,253,253,267,267,267,280,296,296,314,329,329,154,165,165,165,90,40,145,145,156,169,169,181,231,266,266,297,297,229,229,229,229,246,246,246,258,273,273,273,273,291,291,219,219,219],"floor_reached":61,"language":"ENG","playtime":9571,"items_purged":[],"score":1558,"play_id":"34d2a052-8b6e-4c2f-964d-856d05d4279c","local_time":"20210225012329","is_ascension_mode":false,"campfire_choices":[{"floor":6.0,"key":"RECALL"},{"floor":15.0,"key":"REST"},{"floor":29,"key":"REST"},{"floor":47,"key":"REST"},{"floor":49,"key":"REST"},{"floor":55,"key":"REST"},{"floor":57,"key":"REST"}],"circlet_count":0,"master_deck":["alterego_mod:BigMeatyClaws+1","alterego_mod:Weigh+1","alterego_mod:1TonWallop+1","alterego_mod:Mirror+1","alterego_mod:Pet+1","alterego_mod:RidiculouslyBig+1","alterego_mod:Cooking+1","alterego_mod:SideboobHour+1","alterego_mod:Birthday+1","alterego_mod:Undulate+1","alterego_mod:Schoolgirl+1","alterego_mod:Birthday+1","alterego_mod:Undulate+1","alterego_mod:Pet+1","alterego_mod:Punishment+1","alterego_mod:Vow+1","alterego_mod:RocketPunch+1","DemoMod:Invincible+1","alterego_mod:Palingenesis+13","alterego_mod:Bounce+1","alterego_mod:Bounce+1","alterego_mod:Bounce+1","alterego_mod:Birthday+1","alterego_mod:Valentines+1","alterego_mod:Cushion+1","theForsaken:PlagueCurse","alterego_mod:Punishment+1"],"relics":["alterego_mod:MasochisticConstitution","Hammer of Thor","Seething Fire","Anvil of the Gods","REME_ComplimentaryCards","relicPack:SpireResearchBook","hubris:PeanutButter","relicPack:OneForAll","reliquary:TuningFork","DemoMod:MemoryAlloy","Mirror","relicPack:DSword","Replay:Byrd Feeder","MerchantsRug","ruina:Goodbye","ruina:FalsePresent","Dota2Spire:RefresherOrb","aspiration:HatOfInfinitePower","reliquary:SilkGlove","reliquary:PartyBalloon","DemoMod:BlueGuonStone","paleoftheancients:Timepiece","paleoftheancients:KeyRelic","CultistMask","theForsaken:PlagueMask","paleoftheancients:SoulOfTheDefect"],"acts_visited":["Exordium","ruina:Briah","TheBeyond","paleoftheancients:PaleOfTheAncients"],"potions_floor_usage":[51],"damage_taken":[{"damage":0.0,"enemies":"Small Slimes","floor":1.0,"turns":2.0},{"damage":0.0,"enemies":"Jaw Worm","floor":3.0,"turns":2.0},{"damage":0.0,"enemies":"Cultist","floor":7.0,"turns":2.0},{"damage":6.0,"enemies":"Red Slaver","floor":8.0,"turns":4.0},{"damage":3.0,"enemies":"3 Louse","floor":10.0,"turns":3.0},{"damage":0.0,"enemies":"Lagavulin","floor":11.0,"turns":2.0},{"damage":0.0,"enemies":"2 Fungi Beasts","floor":12.0,"turns":3.0},{"damage":9.0,"enemies":"conspire:MimicChest","floor":14.0,"turns":5.0},{"damage":0.0,"enemies":"Slime Boss","floor":16.0,"turns":6.0},{"damage":0,"enemies":"ruina:2_Scarecrows","floor":18,"turns":5},{"damage":0,"enemies":"ruina:Nosferatu","floor":21,"turns":3},{"damage":1,"enemies":"ruina:3_Scarecrows","floor":22,"turns":6},{"damage":8,"enemies":"ruina:KingOfGreed","floor":24,"turns":3},{"damage":3,"enemies":"ruina:Nos_and_Bat","floor":25,"turns":4},{"damage":6,"enemies":"ruina:Woodsman","floor":28,"turns":4},{"damage":15,"enemies":"ruina:JesterOfNihil","floor":33,"turns":7},{"damage":0,"enemies":"3 Shapes","floor":35,"turns":1},{"damage":0,"enemies":"Orb Walker","floor":36,"turns":3},{"damage":4,"enemies":"3 Darklings","floor":38,"turns":4},{"damage":1,"enemies":"Mind Bloom Boss Battle","floor":39,"turns":4},{"damage":0,"enemies":"Reptomancer","floor":40,"turns":2},{"damage":8,"enemies":"R_Hoarder","floor":42,"turns":3},{"damage":9,"enemies":"Spire Growth","floor":48,"turns":3},{"damage":0,"enemies":"Awakened One","floor":50,"turns":6},{"damage":9,"enemies":"Awakened One","floor":51,"turns":3},{"damage":15,"enemies":"Awakened One","floor":52,"turns":3},{"damage":7,"enemies":"Awakened One","floor":56,"turns":5},{"damage":32,"enemies":"paleoftheancients:N","floor":60,"turns":8}],"seed_played":"-8880869316869579007","potions_obtained":[{"floor":10.0,"key":"Dexterity Potion"},{"floor":11.0,"key":"blueLaboratory:PyrophylliteBrew"},{"floor":16.0,"key":"blueLaboratory:AbyssPotion"},{"floor":25,"key":"EssenceOfSteel"},{"floor":32,"key":"Dota2Spire:HealingSalve"},{"floor":33,"key":"jedi:wingpotion"},{"floor":56,"key":"blueLaboratory:TrueEctoplasm"}],"is_trial":false,"path_per_floor":["M","?","M","$","?","R","M","M","T","M","E","M","$","?","R","B",null,"M","?","?","M","M","?","M","M","T","$","M","R","?","?","R_BF","B",null,"M","M","?","M","?","E","?","E","T","$","?","$","R","M","R","B","M","M","?","$","R","M","R","$","?","B",null],"character_chosen":"The_Alterego","items_purchased":["alterego_mod:ClassAdvantage","relicPack:SpireResearchBook","hubris:PeanutButter","alterego_mod:Birthday","MerchantsRug","alterego_mod:Vow","alterego_mod:Bounce","alterego_mod:Birthday","alterego_mod:Punishment"],"campfire_rested":6,"item_purchase_floors":[4,4,4,13,27,27,44,44,58],"current_hp_per_floor":[77,77,77,77,77,77,77,78,78,79,79,79,79,78,80,80,80,80,45,45,52,81,81,82,83,83,83,84,84,84,84,79,75,80,80,80,80,81,82,82,82,83,83,83,83,83,83,84,84,88,85,84,84,84,90,91,91,91,91,86],"gold":219,"neow_bonus":"TEN_PERCENT_HP_BONUS","is_daily":false,"chose_seed":false,"campfire_upgraded":0,"win_rate":0.0,"timestamp":1614237809,"path_taken":["M","?","M","?","?","R","M","M","T","M","E","?","?","?","R","BOSS","M","?","?","M","M","?","M","M","T","$","?","R","?","?","R_BF","BOSS","M","M","?","?","?","E","?","E","T","$","?","?","R","?","R","BOSS","M","M","?","$","R","M","R","$","?","BOSS"],"items_purchased_type":["Card","Relic","Relic","Card","Relic","Card","Card","Card","Card"],"build_version":"2020-12-22","purchased_purges":0,"victory":true,"max_hp_per_floor":[77,77,77,77,77,77,77,78,78,79,79,79,79,80,80,80,80,80,80,80,80,81,81,82,83,83,83,84,84,84,84,79,80,80,80,80,80,81,82,82,82,83,83,83,83,83,83,84,84,88,89,90,90,90,90,91,91,91,91,92],"relic_stats":{"counters":[28,106],"obtain_stats":[{"DemoMod:BlueGuonStone":43,"relicPack:DSword":19,"reliquary:SilkGlove":40,"reliquary:PartyBalloon":42,"jedi:command_rare":23,"Hammer of Thor":0,"DemoMod:GlassGuonStoneRelic":10,"Dota2Spire:RefresherOrb":34,"paleoftheancients:SoulOfTheDefect":56,"theForsaken:PlagueMask":53,"relicPack:SpireResearchBook":4,"relicPack:OneForAll":5,"Frozen Eye":18,"ruina:Goodbye":30,"Runic Pyramid":17,"MerchantsRug":27,"ruina:FalsePresent":32,"alterego_mod:MasochisticConstitution":0,"paleoftheancients:KeyRelic":50,"Replay:Byrd Feeder":23,"DemoMod:MemoryAlloy":11,"Seething Fire":0,"paleoftheancients:Timepiece":50,"Anvil of the Gods":0,"hubris:PeanutButter":4,"CultistMask":50,"reliquary:TuningFork":9,"Mirror":14,"aspiration:HatOfInfinitePower":39,"REME_ComplimentaryCards":0},{"DemoMod:BlueGuonStone":22,"relicPack:DSword":10,"reliquary:SilkGlove":21,"reliquary:PartyBalloon":22,"jedi:command_rare":12,"Hammer of Thor":0,"DemoMod:GlassGuonStoneRelic":5,"Dota2Spire:RefresherOrb":16,"paleoftheancients:SoulOfTheDefect":27,"theForsaken:PlagueMask":26,"relicPack:SpireResearchBook":2,"relicPack:OneForAll":2,"Frozen Eye":9,"ruina:Goodbye":15,"Runic Pyramid":9,"MerchantsRug":14,"ruina:FalsePresent":15,"alterego_mod:MasochisticConstitution":0,"paleoftheancients:KeyRelic":24,"Replay:Byrd Feeder":12,"DemoMod:MemoryAlloy":6,"Seething Fire":0,"paleoftheancients:Timepiece":24,"Anvil of the Gods":0,"hubris:PeanutButter":2,"CultistMask":24,"reliquary:TuningFork":4,"Mirror":8,"aspiration:HatOfInfinitePower":20,"REME_ComplimentaryCards":0},{"DemoMod:BlueGuonStone":78,"relicPack:DSword":34,"reliquary:SilkGlove":75,"reliquary:PartyBalloon":78,"jedi:command_rare":43,"Hammer of Thor":0,"DemoMod:GlassGuonStoneRelic":13,"Dota2Spire:RefresherOrb":61,"paleoftheancients:SoulOfTheDefect":98,"theForsaken:PlagueMask":93,"relicPack:SpireResearchBook":4,"relicPack:OneForAll":4,"Frozen Eye":29,"ruina:Goodbye":54,"Runic Pyramid":29,"MerchantsRug":50,"ruina:FalsePresent":54,"alterego_mod:MasochisticConstitution":0,"paleoftheancients:KeyRelic":87,"Replay:Byrd Feeder":43,"DemoMod:MemoryAlloy":15,"Seething Fire":0,"paleoftheancients:Timepiece":87,"Anvil of the Gods":0,"hubris:PeanutButter":4,"CultistMask":87,"reliquary:TuningFork":10,"Mirror":23,"aspiration:HatOfInfinitePower":73,"REME_ComplimentaryCards":0}]},"card_choices":[{"not_picked":["alterego_mod:Bounce","alterego_mod:BeGentle"],"picked":"alterego_mod:1TonWallop","floor":1.0},{"not_picked":["alterego_mod:Maid","alterego_mod:SakuraPetals"],"picked":"alterego_mod:Mirror","floor":2.0},{"not_picked":["alterego_mod:Birthday","alterego_mod:Stockings"],"picked":"alterego_mod:Pet","floor":2.0},{"not_picked":["alterego_mod:BeGentle","alterego_mod:MaintainEyeContact"],"picked":"alterego_mod:RidiculouslyBig","floor":2.0},{"not_picked":["alterego_mod:1TonWallop","alterego_mod:BiFurious"],"picked":"alterego_mod:Cooking","floor":3.0},{"not_picked":["alterego_mod:HighServant","alterego_mod:Bloomers"],"picked":"alterego_mod:SideboobHour","floor":7.0},{"not_picked":["alterego_mod:Jiggle","alterego_mod:GoddessCore"],"picked":"alterego_mod:BusterCard","floor":8.0},{"not_picked":["alterego_mod:TrashNCrash","alterego_mod:DiscoLights"],"picked":"alterego_mod:Birthday","floor":10.0},{"not_picked":["alterego_mod:DiscoLights","alterego_mod:1TonWallop"],"picked":"alterego_mod:Undulate","floor":11.0},{"not_picked":["alterego_mod:Jiggle","alterego_mod:Lingerie"],"picked":"alterego_mod:Schoolgirl","floor":12.0},{"not_picked":["alterego_mod:Maid","alterego_mod:Undulate"],"picked":"alterego_mod:ClassAdvantage","floor":14.0},{"not_picked":["alterego_mod:SideboobHour","alterego_mod:Tantrum"],"picked":"alterego_mod:STier","floor":16.0},{"not_picked":["alterego_mod:Cooking+1","alterego_mod:PresenceConcealment"],"picked":"alterego_mod:Undulate","floor":18},{"not_picked":["alterego_mod:Clap","alterego_mod:RidiculouslyBig+1"],"picked":"alterego_mod:DiscoLights","floor":21},{"not_picked":["alterego_mod:GoddessCore","alterego_mod:BiFurious"],"picked":"alterego_mod:Pet","floor":22},{"not_picked":["alterego_mod:Mirror","alterego_mod:Bloomers","alterego_mod:DiscoLights"],"picked":"SKIP","floor":24},{"not_picked":["alterego_mod:Cooking","alterego_mod:BiFurious"],"picked":"alterego_mod:Punishment","floor":25},{"not_picked":["alterego_mod:Birthday","alterego_mod:Santa+1"],"picked":"alterego_mod:RocketPunch","floor":28},{"not_picked":["REME_HeartOfCthun","REME_Flogging"],"picked":"DemoMod:Invincible","floor":31},{"not_picked":["alterego_mod:RingBreak","alterego_mod:SideboobHour"],"picked":"alterego_mod:Palingenesis","floor":33},{"not_picked":["alterego_mod:Skirt","alterego_mod:BiFurious+1","alterego_mod:Stockings"],"picked":"SKIP","floor":35},{"not_picked":["alterego_mod:Maid","alterego_mod:Birthday","alterego_mod:BoobPocket+1"],"picked":"SKIP","floor":36},{"not_picked":["alterego_mod:Mirror","alterego_mod:Lingerie+1"],"picked":"alterego_mod:Bounce+1","floor":38},{"not_picked":["alterego_mod:Cooking","alterego_mod:DeftHands+1"],"picked":"alterego_mod:Bounce+1","floor":39},{"not_picked":["alterego_mod:Undulate+1","alterego_mod:GoddessCore+1","alterego_mod:Collar+1"],"picked":"SKIP","floor":40},{"not_picked":["alterego_mod:BiFurious","alterego_mod:Bloomers","alterego_mod:PurpleHair+1"],"picked":"SKIP","floor":42},{"not_picked":["alterego_mod:BoobPocket+1","alterego_mod:DiscoLights+1"],"picked":"alterego_mod:Valentines+1","floor":48},{"not_picked":["alterego_mod:GoddessCore+1","alterego_mod:HighServant","alterego_mod:TrashNCrash"],"picked":"SKIP","floor":51},{"not_picked":["alterego_mod:DeftHands+1","alterego_mod:Skirt+1"],"picked":"alterego_mod:Cushion+1","floor":52},{"not_picked":["alterego_mod:Cooking+1","alterego_mod:Support","alterego_mod:MagicResistance"],"picked":"SKIP","floor":56}],"player_experience":260667,"relics_obtained":[{"floor":9.0,"key":"reliquary:TuningFork"},{"floor":11.0,"key":"DemoMod:MemoryAlloy"},{"floor":14.0,"key":"Mirror"},{"floor":39,"key":"aspiration:HatOfInfinitePower"},{"floor":40,"key":"reliquary:SilkGlove"},{"floor":42,"key":"reliquary:PartyBalloon"},{"floor":43,"key":"DemoMod:BlueGuonStone"},{"floor":56,"key":"paleoftheancients:SoulOfTheDefect"}],"event_choices":[{"damage_healed":0,"gold_gain":0,"player_choice":"1","damage_taken":0,"max_hp_gain":0,"max_hp_loss":0,"event_name":"betterMatch:BetterMatch","floor":31,"gold_loss":0,"cards_obtained":["betterMatch:ColorlessRareCard","betterMatch:ColorlessRareCard"]},{"damage_healed":0,"gold_gain":0,"player_choice":"Ignored","damage_taken":0,"max_hp_gain":0,"max_hp_loss":0,"event_name":"Purifier","floor":37,"gold_loss":0},{"damage_healed":0,"gold_gain":0,"player_choice":"Fight","damage_taken":0,"max_hp_gain":0,"max_hp_loss":0,"event_name":"MindBloom","floor":39,"gold_loss":0},{"damage_healed":0,"gold_gain":0,"player_choice":"Leave","damage_taken":0,"max_hp_gain":0,"max_hp_loss":0,"event_name":"conspire:Investor","floor":41,"gold_loss":0},{"damage_healed":0,"gold_gain":0,"player_choice":"Obtain Plague Curse","damage_taken":0,"max_hp_gain":0,"max_hp_loss":0,"event_name":"Plague Doctor","floor":53,"gold_loss":0,"cards_obtained":["theForsaken:PlagueCurse"]}],"is_beta":false,"boss_relics":[{"not_picked":["beaked:SacredDeck","aspiration:PoetsPen_weak"],"picked":"Runic Pyramid"},{"not_picked":["trackpad:StolenKidneys","jedi:battlestandard"],"picked":"Dota2Spire:RefresherOrb"}],"items_purged_floors":[],"is_endless":false,"potions_floor_spawned":[10,11,16,25,28,33,36,40,56],"ascension_level":0}}