{"host":"mi0eibewekhugwl1","time":1614247301,"event":{"mods":["AchievementEnabler","BaseMod","Colored Map","Colored Powertips","DeckTracker","Keyboard Shortcuts","Minty Spire (QoL Compilation)","Quick Restart","Rare Cards Sparkle","Relic Stats","StSLib","SuperFastMode","everything is the same but u backflip on backflip"],"gold_per_floor":[115,35,310,329,329,329,358,369,369,383,398,414,414,443,443,443,443],"floor_reached":16,"language":"KOR","playtime":292,"items_purged":[],"score":274,"play_id":"5443a45c-33ae-4a2e-a9af-15ee5d784abb","local_time":"20210225190141","is_ascension_mode":true,"campfire_choices":[{"data":"Well Laid Plans","floor":6,"key":"SMITH"},{"data":"Cloak And Dagger","floor":13,"key":"SMITH"},{"floor":15,"key":"REST"}],"circlet_count":0,"master_deck":["AscendersBane","Strike_G","Strike_G","Strike_G","Strike_G","Strike_G","Defend_G","Defend_G","Defend_G","Defend_G","Defend_G","Survivor","Neutralize","Poisoned Stab","Well Laid Plans+1","Regret","Cloak And Dagger+1","Dash","Masterful Stab","Finisher"],"relics":["Ring of the Snake","NeowsBlessing","Kunai","Mummified Hand","Paper Crane","Blood Vial"],"acts_visited":["Exordium"],"potions_floor_usage":[11,14,16],"damage_taken":[{"damage":0,"enemies":"2 Louse","floor":1,"turns":1},{"damage":0,"enemies":"Cultist","floor":4,"turns":1},{"damage":0,"enemies":"3 Sentries","floor":7,"turns":1},{"damage":8,"enemies":"Jaw Worm","floor":8,"turns":4},{"damage":9,"enemies":"Looter","floor":10,"turns":4},{"damage":16,"enemies":"2 Fungi Beasts","floor":11,"turns":3},{"damage":5,"enemies":"Blue Slaver","floor":12,"turns":5},{"damage":15,"enemies":"Gremlin Nob","floor":14,"turns":5},{"damage":35,"enemies":"Hexaghost","floor":16,"turns":12}],"seed_played":"-8882900158022829501","potions_obtained":[{"floor":8,"key":"SkillPotion"},{"floor":11,"key":"Energy Potion"},{"floor":14,"key":"LiquidBronze"}],"is_trial":false,"path_per_floor":["M","$","?","M","T","R","E","M","T","M","M","M","R","E","R","B"],"character_chosen":"THE_SILENT","items_purchased":["Well Laid Plans"],"campfire_rested":1,"item_purchase_floors":[2],"current_hp_per_floor":[59,59,59,59,59,59,59,51,51,42,26,21,21,6,25,0,0],"gold":443,"neow_bonus":"THREE_ENEMY_KILL","is_daily":false,"chose_seed":false,"campfire_upgraded":2,"win_rate":0.0,"timestamp":1614247301,"path_taken":["M","$","?","?","?","R","E","M","T","M","?","M","R","E","R","BOSS"],"items_purchased_type":["Card"],"build_version":"2020-12-22","purchased_purges":0,"victory":false,"max_hp_per_floor":[66,66,66,66,66,66,66,66,66,66,66,66,66,66,66,66,66],"relic_stats":{"Blood Vial":2,"counters":[9,36],"Mummified Hand":[6],"Kunai":[14],"obtain_stats":[{"Blood Vial":14,"NeowsBlessing":0,"Mummified Hand":7,"Kunai":5,"Paper Crane":9,"Ring of the Snake":0},{"Blood Vial":8,"NeowsBlessing":0,"Mummified Hand":3,"Kunai":2,"Paper Crane":4,"Ring of the Snake":0},{"Blood Vial":24,"NeowsBlessing":0,"Mummified Hand":3,"Kunai":2,"Paper Crane":7,"Ring of the Snake":0}],"Ring of the Snake":[18]},"card_choices":[{"not_picked":["Acrobatics","Outmaneuver"],"picked":"Poisoned Stab","floor":1},{"not_picked":["Bane","Flying Knee","Eviscerate"],"picked":"SKIP","floor":4},{"not_picked":["Acrobatics","Outmaneuver","Concentrate"],"picked":"SKIP","floor":7},{"not_picked":["Heel Hook","Slice"],"picked":"Cloak And Dagger","floor":8},{"not_picked":["Outmaneuver","Concentrate","Slice"],"picked":"SKIP","floor":10},{"not_picked":["Grand Finale","Acrobatics"],"picked":"Dash","floor":11},{"not_picked":["Setup","Prepared"],"picked":"Masterful Stab","floor":12},{"not_picked":["Backflip","Corpse Explosion"],"picked":"Finisher","floor":14}],"player_experience":1827703,"relics_obtained":[{"floor":5,"key":"Kunai"},{"floor":7,"key":"Mummified Hand"},{"floor":9,"key":"Paper Crane"},{"floor":14,"key":"Blood Vial"}],"event_choices":[{"damage_healed":0,"gold_gain":275,"player_choice":"Desecrate","damage_taken":0,"max_hp_gain":0,"max_hp_loss":0,"event_name":"Golden Shrine","floor":3,"gold_loss":0,"cards_obtained":["Regret"]}],"is_beta":false,"boss_relics":[],"items_purged_floors":[],"is_endless":false,"potions_floor_spawned":[8,11,14],"killed_by":"Hexaghost","ascension_level":20}}