{"host":"tq99ucv8ezzqzioe","time":1614266259,"event":{"mods":["BaseMod","Colored Map","Downfall","Highlight Path","Minty Spire (QoL Compilation)","StSLib"],"gold_per_floor":[109,109,209,209,226,226,239,239,239,239,8,34,45,57,57,159,159,178,178,213,45,45,45,70,70,70,89,141,341,357,357,357],"floor_reached":31,"language":"ENG","playtime":2562,"items_purged":["Shame","Clumsy"],"score":401,"play_id":"0bb4271f-ef4c-457d-9140-e7a5f855858f","local_time":"20210225101739","is_ascension_mode":true,"campfire_choices":[{"floor":6,"key":"RECALL"},{"data":"downfall:Haunted","floor":8,"key":"PURGE"},{"data":"downfall:Haunted","floor":10,"key":"PURGE"},{"floor":15,"key":"REST"},{"floor":23,"key":"REST"},{"data":"Vault","floor":25,"key":"SMITH"}],"circlet_count":0,"master_deck":["Defend_P","Defend_P+1","Defend_P","Defend_P","Eruption","Vigilance","Indignation","Vault+1","Halt","LikeWater","Transmutation","Slice","sneckomod:UnknownRarePower","CurseOfTheBell","Discovery+1","Cloak And Dagger+1","Meditate","Slimebound:Tackle+1","Slimebound:Tackle+1","Slimebound:Tackle+1","expansioncontent:StudyTheSpire","hexamod:SixthSeal"],"relics":["PureWater","Peace Pipe","Darkstone Periapt","Pantograph","PrismaticShard","Mummified Hand","Calling Bell","Juzu Bracelet","Singing Bowl","Incense Burner","Vajra","Red Mask","Bronze Scales","sneckomod:BlankCard"],"acts_visited":["Exordium","TheCity"],"potions_floor_usage":[12,16,18,24,31],"damage_taken":[{"damage":0,"enemies":"Cultist","floor":1,"turns":2},{"damage":7,"enemies":"Jaw Worm","floor":5,"turns":4},{"damage":1,"enemies":"2 Louse","floor":7,"turns":4},{"damage":39,"enemies":"Lagavulin","floor":12,"turns":14},{"damage":25,"enemies":"Exordium Thugs","floor":13,"turns":7},{"damage":10,"enemies":"Gremlin Gang","floor":14,"turns":5},{"damage":4,"enemies":"The Guardian","floor":16,"turns":9},{"damage":15,"enemies":"3 Byrds","floor":18,"turns":6},{"damage":42,"enemies":"Masked Bandits","floor":20,"turns":8},{"damage":37,"enemies":"Gremlin Leader","floor":24,"turns":7},{"damage":3,"enemies":"Chosen","floor":27,"turns":5},{"damage":6,"enemies":"Snake Plant","floor":30,"turns":3},{"damage":25,"enemies":"3 Cultists","floor":31,"turns":6}],"seed_played":"-3161561171322935689","potions_obtained":[{"floor":7,"key":"Block Potion"},{"floor":13,"key":"Swift Potion"},{"floor":16,"key":"hexamod:SoulburnPotion"},{"floor":20,"key":"Explosive Potion"},{"floor":27,"key":"Swift Potion"}],"is_trial":false,"path_per_floor":["M","?","?","?","M","R","M","R","T","R","$","E","M","M","R","B",null,"M","?","?","$","?","R","E","R","T","M","T","?","M","M"],"character_chosen":"WATCHER","items_purchased":["PrismaticShard","Meditate"],"campfire_rested":2,"item_purchase_floors":[11,21],"current_hp_per_floor":[65,52,87,87,80,80,79,79,79,79,79,40,15,5,35,56,95,80,80,38,38,38,69,32,32,32,31,31,31,25,0,0],"gold":357,"neow_bonus":"ONE_RARE_RELIC","is_daily":false,"chose_seed":false,"campfire_upgraded":1,"win_rate":0.0,"timestamp":1614266259,"path_taken":["M","?","?","?","M","R","M","R","T","R","$","E","?","M","R","BOSS","M","?","?","$","?","R","E","R","T","M","?","?","M","M"],"items_purchased_type":["Relic","Card"],"build_version":"2020-12-22","purchased_purges":2,"victory":false,"max_hp_per_floor":[65,65,100,100,100,100,100,100,100,100,100,100,100,100,100,100,106,106,106,106,106,106,106,106,106,106,108,108,108,108,108,108],"card_choices":[{"not_picked":["FlurryOfBlows","JustLucky"],"picked":"Indignation","floor":1},{"not_picked":["Prostrate","Crescendo"],"picked":"Halt","floor":5},{"not_picked":["CrushJoints","FlyingSleeves"],"picked":"LikeWater","floor":7},{"not_picked":["Skim","Guardian:TimeCapacitor"],"picked":"Transmutation","floor":12},{"not_picked":["Slimebound:FlameTackle","Slimebound:HungryTackle"],"picked":"Slice","floor":13},{"not_picked":["Thunderclap","Guardian:Gem_Lightblue","champ:FanOfKnives"],"picked":"SKIP","floor":14},{"not_picked":["Guardian:GemFinder","Guardian:HyperBeam_Guardian"],"picked":"sneckomod:UnknownRarePower","floor":16},{"not_picked":["Slimebound:SplitBruiser","sneckomod:UnknownUncommonSkill"],"picked":"Discovery+1","floor":18},{"not_picked":["Deadly Poison","Rupture+1"],"picked":"Cloak And Dagger+1","floor":20},{"not_picked":["hexamod:HeatMetal","Deflect"],"picked":"expansioncontent:StudyTheSpire","floor":24},{"not_picked":["Halt+1","sneckomod:UnknownBlock","Guardian:Suspension"],"picked":"Singing Bowl","floor":27},{"not_picked":["bronze:CutThrough","Guardian:ChargeUp"],"picked":"hexamod:SixthSeal","floor":30}],"player_experience":1043538,"relics_obtained":[{"floor":9,"key":"Pantograph"},{"floor":12,"key":"Mummified Hand"},{"floor":17,"key":"Juzu Bracelet"},{"floor":17,"key":"Singing Bowl"},{"floor":17,"key":"Incense Burner"},{"floor":20,"key":"Red Mask"},{"floor":24,"key":"Bronze Scales"},{"floor":28,"key":"sneckomod:BlankCard"}],"event_choices":[{"damage_healed":0,"gold_gain":0,"player_choice":"Entered Light","damage_taken":13,"max_hp_gain":0,"max_hp_loss":0,"event_name":"Shining Light","floor":2,"gold_loss":0,"cards_upgraded":["Defend_P","Strike_P"]},{"cards_removed":["downfall:Aged"],"damage_healed":0,"gold_gain":0,"player_choice":"Purged","damage_taken":0,"max_hp_gain":0,"max_hp_loss":0,"event_name":"Purifier","floor":4,"gold_loss":0},{"damage_healed":0,"gold_gain":0,"player_choice":"Opened","damage_taken":0,"relics_obtained":["Vajra"],"max_hp_gain":0,"max_hp_loss":0,"event_name":"The Mausoleum","floor":19,"gold_loss":0},{"damage_healed":0,"gold_gain":0,"player_choice":"Fought Bandits","damage_taken":0,"max_hp_gain":0,"max_hp_loss":0,"event_name":"Masked Bandits","floor":20,"gold_loss":0},{"damage_healed":0,"gold_gain":250,"player_choice":"Bet on Owner","damage_taken":0,"max_hp_gain":0,"max_hp_loss":0,"event_name":"The Joust","floor":29,"gold_loss":50}],"is_beta":false,"boss_relics":[{"not_picked":["bronze:MakeshiftBattery","Fusion Hammer"],"picked":"Calling Bell"}],"items_purged_floors":[11,21],"is_endless":false,"potions_floor_spawned":[7,13,16,20,27],"killed_by":"3 Cultists","ascension_level":8}}