{"host":"l2dnabsh5e0fsksb","time":1614264994,"event":{"mods":["2.2 Compatiblity","BaseMod","Downfall","Minty Spire (QoL Compilation)","Quick Restart","StSLib"],"gold_per_floor":[99,118,118,28,42,42,42,69,69,169,269,80,18,49,66,140,140,40,50,35,50,69,69,69,69,88,119,139,139,39,39,59,136,136,36,55,73,91,109,159,183,194,194,220,220,239,239,251,262,262,262,262,262,262],"floor_reached":52,"language":"ENG","playtime":2819,"items_purged":["downfall:Malfunctioning","Regret"],"score":1167,"play_id":"ba9dc3cb-4797-4d09-87fd-5ee444fc831a","local_time":"20210226012634","is_ascension_mode":true,"campfire_choices":[{"floor":1.0,"key":"RECALL"},{"data":"hexamod:ThermalTransfer","floor":6.0,"key":"SMITH"},{"floor":9.0,"key":"REST"},{"data":"hexamod:PhantomCloak","floor":18.0,"key":"SMITH"},{"data":"hexamod:HexaLevel","floor":23.0,"key":"SMITH"},{"floor":25.0,"key":"REST"},{"floor":30.0,"key":"REST"},{"floor":35.0,"key":"REST"},{"floor":43,"key":"REST"},{"floor":45,"key":"REST"},{"data":"hexamod:VolcanoVisage","floor":47,"key":"SMITH"}],"circlet_count":0,"master_deck":["AscendersBane","hexamod:Strike+1","hexamod:Strike+1","hexamod:Strike+1","hexamod:Strike+1","hexamod:Defend+1","hexamod:Defend+1","hexamod:Defend+1","hexamod:Defend+1","hexamod:Sear+1","hexamod:Float","hexamod:ShieldOfDarkness","hexamod:ThermalTransfer+1","hexamod:PhantomCloak+1","hexamod:SwordOfDarkness","hexamod:SwordOfDarkness","hexamod:SpectersWail","hexamod:EmpoweredFlame","hexamod:Hexaguard","hexamod:SwordOfDarkness","hexamod:FlamesFromBeyond","hexamod:ShieldOfDarkness","hexamod:Firestarter+1","hexamod:ForkedFlame+1","hexamod:BacktrackSmack+1","hexamod:VolcanoVisage+1","hexamod:HeatMetal+1","hexamod:HexaLevel+1","hexamod:HeatMetal+1","hexamod:GhostLash+1","hexamod:SkipABeat+1","hexamod:StepThrough+1","hexamod:TimeWarp+1","CurseOfTheBell","hexamod:CatchUp+1","hexamod:InspiringFlames+1","hexamod:SpectersWail+1","hexamod:SpectersWail+1","hexamod:FirstSeal","Pain","hexamod:FastForward+1","Clumsy","hexamod:FlamesFromBeyond+1","hexamod:PowerFromBeyond+1","hexamod:GhostShield+1"],"relics":["hexamod:SpiritBrand","Dead Branch","Kunai","Molten Egg 2","Cursed Key","downfall:HeartBlessingRed","HornCleat","downfall:HeartBlessingBlue","Calling Bell","bronze:BronzeIdol","Toxic Egg 2","Torii","downfall:HeartBlessingGreen","Membership Card","Bronze Scales","hexamod:MatchstickCase","Ginger","MealTicket","Nunchaku"],"acts_visited":["Exordium","TheCity","TheBeyond","TheEnding"],"potions_floor_usage":[40,50,50],"damage_taken":[{"damage":11.0,"enemies":"2 Louse","floor":2.0,"turns":3.0},{"damage":0.0,"enemies":"downfall:FleeingMerchant","floor":4.0,"turns":4.0},{"damage":2.0,"enemies":"Jaw Worm","floor":5.0,"turns":2.0},{"damage":20.0,"enemies":"3 Sentries","floor":8.0,"turns":8.0},{"damage":0.0,"enemies":"downfall:FleeingMerchant","floor":12.0,"turns":4.0},{"damage":0.0,"enemies":"downfall:FleeingMerchant","floor":13.0,"turns":4.0},{"damage":11.0,"enemies":"Gremlin Nob","floor":14.0,"turns":4.0},{"damage":0.0,"enemies":"Small Slimes","floor":15.0,"turns":2.0},{"damage":28.0,"enemies":"WA_ARCHETYPE_RETAIN","floor":16.0,"turns":10.0},{"damage":0.0,"enemies":"Shell Parasite","floor":19.0,"turns":3.0},{"damage":7.0,"enemies":"downfall:FleeingMerchant","floor":20.0,"turns":4.0},{"damage":0.0,"enemies":"Chosen","floor":21.0,"turns":3.0},{"damage":4.0,"enemies":"Snecko","floor":22.0,"turns":5.0},{"damage":1.0,"enemies":"Snake Plant","floor":26.0,"turns":3.0},{"damage":32.0,"enemies":"Gremlin Leader","floor":27.0,"turns":6.0},{"damage":1.0,"enemies":"3 Cultists","floor":28.0,"turns":3.0},{"damage":4.0,"enemies":"Cultist and Chosen","floor":32.0,"turns":4.0},{"damage":56.0,"enemies":"DF_ARCHETYPE_CLAW","floor":33.0,"turns":8.0},{"damage":1.0,"enemies":"3 Darklings","floor":36.0,"turns":6.0},{"damage":1.0,"enemies":"Orb Walker","floor":37.0,"turns":3.0},{"damage":2.0,"enemies":"downfall:FleeingMerchant","floor":38.0,"turns":3.0},{"damage":15.0,"enemies":"3 Darklings","floor":39.0,"turns":6.0},{"damage":8,"enemies":"2 Orb Walkers","floor":40,"turns":4},{"damage":36,"enemies":"4 Shapes","floor":42,"turns":6},{"damage":1,"enemies":"Transient","floor":46,"turns":5},{"damage":10,"enemies":"Sphere and 2 Shapes","floor":48,"turns":4},{"damage":25,"enemies":"Spire Growth","floor":49,"turns":5},{"damage":6,"enemies":"SI_POISON_ARCHETYPE","floor":50,"turns":9},{"damage":78,"enemies":"downfall:CharBossMerchant","floor":52,"turns":5}],"seed_played":"8274692535273349012","potions_obtained":[{"floor":5.0,"key":"Weak Potion"},{"floor":8.0,"key":"Fire Potion"},{"floor":14.0,"key":"Explosive Potion"},{"floor":22.0,"key":"SneckoOil"},{"floor":27.0,"key":"BlessingOfTheForge"},{"floor":32.0,"key":"Regen Potion"},{"floor":33.0,"key":"Strength Potion"},{"floor":37.0,"key":"Strength Potion"},{"floor":42,"key":"EssenceOfSteel"}],"is_trial":false,"path_per_floor":["R","M","?","$","M","R","T","E","R","?","?","$","$","E","M","B",null,"R","M","$","M","M","R","T","R","M","E","M","?","R","?","M","B",null,"R","M","M","$","M","?","T","M","R","T","R","M","R","M","M","B",null,"E"],"character_chosen":"THE_SPIRIT","items_purchased":["hexamod:SpectersWail","hexamod:EmpoweredFlame","hexamod:Hexaguard","hexamod:FlamesFromBeyond","Membership Card","Bronze Scales","hexamod:MatchstickCase"],"campfire_rested":6,"item_purchase_floors":[12,12,12,13,38,38,38],"current_hp_per_floor":[57,46,46,46,44,44,44,24,42,42,42,42,42,31,31,3,48,48,48,41,41,37,37,37,55,54,22,21,21,52,52,48,7,57,73,72,71,69,54,46,46,17,38,38,59,65,65,55,37,38,64,0,0,0],"gold":262,"neow_bonus":"UPGRADE_CARD","is_daily":false,"chose_seed":false,"campfire_upgraded":4,"win_rate":0.0,"timestamp":1614264994,"path_taken":["R","M","?","$","M","R","T","E","R","?","?","?","$","E","M","BOSS","R","M","$","M","?","R","T","R","M","E","?","?","R","?","M","BOSS","R","M","M","$","M","?","T","M","R","?","R","?","R","M","M","BOSS","E"],"items_purchased_type":["Card","Card","Card","Card","Relic","Relic","Relic"],"build_version":"2020-12-22","purchased_purges":2,"victory":false,"max_hp_per_floor":[63,63,63,63,63,63,63,63,63,63,63,63,63,63,63,63,63,63,63,63,63,63,63,63,63,63,63,63,63,73,73,73,73,73,73,73,73,73,73,73,73,73,73,73,73,73,73,73,73,73,73,73,73,73],"card_choices":[{"not_picked":["hexamod:GhostShield","hexamod:NightmareStrike"],"picked":"hexamod:ShieldOfDarkness","floor":2.0},{"not_picked":["hexamod:PowerFromBeyond","hexamod:Again"],"picked":"hexamod:ThermalTransfer","floor":4.0},{"not_picked":["hexamod:AdvancingGuard","hexamod:ThermalTransfer"],"picked":"hexamod:PhantomCloak","floor":5.0},{"not_picked":["hexamod:GhostLash","hexamod:FastForward"],"picked":"hexamod:SwordOfDarkness","floor":8.0},{"not_picked":["hexamod:ThirdSeal","hexamod:GhostOfSpireFuture"],"picked":"hexamod:SwordOfDarkness","floor":12.0},{"not_picked":["hexamod:ChargedBarrage","hexamod:RecurringNightmare"],"picked":"hexamod:SwordOfDarkness","floor":13.0},{"not_picked":["hexamod:Hexaguard","hexamod:Rewind"],"picked":"hexamod:ShieldOfDarkness","floor":14.0},{"not_picked":["hexamod:HauntingEcho+1","hexamod:RetreatToShadows"],"picked":"hexamod:Firestarter+1","floor":15.0},{"not_picked":["hexamod:UnlimitedPower","hexamod:TurnItUp"],"picked":"hexamod:ForkedFlame+1","floor":16.0},{"not_picked":["hexamod:RecurringNightmare","hexamod:EtherealExpedition"],"picked":"hexamod:BacktrackSmack+1","floor":19.0},{"not_picked":["hexamod:SwordOfDarkness+1","hexamod:NightmareGuise"],"picked":"hexamod:VolcanoVisage","floor":20.0},{"not_picked":["hexamod:SuperheatedStrike+1","hexamod:GhostShield"],"picked":"hexamod:HeatMetal+1","floor":21.0},{"not_picked":["hexamod:BurningTouch","hexamod:Haunt"],"picked":"hexamod:HexaLevel","floor":22.0},{"not_picked":["hexamod:RecurringNightmare","hexamod:Haunt"],"picked":"hexamod:HeatMetal+1","floor":26.0},{"not_picked":["hexamod:Hexaguard","hexamod:UnleashSpirits+1"],"picked":"hexamod:GhostLash+1","floor":27.0},{"not_picked":["hexamod:ThermalTransfer+1","hexamod:HauntingEcho+1"],"picked":"hexamod:SkipABeat+1","floor":28.0},{"not_picked":["hexamod:SuperheatedStrike+1","hexamod:SoulSteal"],"picked":"hexamod:StepThrough+1","floor":32.0},{"not_picked":["hexamod:FifthSeal","hexamod:VolcanoVisage"],"picked":"hexamod:TimeWarp+1","floor":33.0},{"not_picked":["hexamod:RetreatToShadows+1","hexamod:SwordOfDarkness+1"],"picked":"hexamod:CatchUp+1","floor":36.0},{"not_picked":["hexamod:NecessarySacrifice+1","hexamod:NightmareGuise+1"],"picked":"hexamod:InspiringFlames+1","floor":37.0},{"not_picked":["hexamod:AdvancingGuard+1","hexamod:CatchUp+1"],"picked":"hexamod:SpectersWail+1","floor":38.0},{"not_picked":["hexamod:SpectralSpark+1","hexamod:ShieldOfDarkness+1"],"picked":"hexamod:SpectersWail+1","floor":39.0},{"not_picked":["hexamod:FlamesFromBeyond+1","hexamod:NightmareGuise+1"],"picked":"hexamod:FirstSeal","floor":40},{"not_picked":["hexamod:ThermalTransfer+1","hexamod:Hexaguard+1"],"picked":"hexamod:FastForward+1","floor":42},{"not_picked":["hexamod:StepThrough+1","hexamod:Firestarter+1"],"picked":"hexamod:FlamesFromBeyond+1","floor":46},{"not_picked":["hexamod:RetreatToShadows+1","hexamod:GhostShield+1"],"picked":"hexamod:PowerFromBeyond+1","floor":48},{"not_picked":["hexamod:RadiantFlame","hexamod:Toasty+1"],"picked":"hexamod:GhostShield+1","floor":49}],"player_experience":1977034,"relics_obtained":[{"floor":7.0,"key":"Dead Branch"},{"floor":8.0,"key":"Kunai"},{"floor":14.0,"key":"Molten Egg 2"},{"floor":27.0,"key":"HornCleat"},{"floor":34.0,"key":"bronze:BronzeIdol"},{"floor":34.0,"key":"Toxic Egg 2"},{"floor":34.0,"key":"Torii"},{"floor":40,"key":"Ginger"},{"floor":41,"key":"MealTicket"},{"floor":44,"key":"Nunchaku"}],"event_choices":[{"damage_healed":0.0,"max_hp_gain":0.0,"max_hp_loss":0.0,"gold_gain":0.0,"event_name":"Vampires","player_choice":"Ignored","floor":31.0,"gold_loss":0.0,"damage_taken":0.0},{"damage_healed":0,"gold_gain":0,"player_choice":"Fight","damage_taken":0,"max_hp_gain":0,"max_hp_loss":0,"event_name":"Mysterious Sphere","floor":40,"gold_loss":0}],"is_beta":false,"boss_relics":[{"not_picked":["Tiny House","hexamod:UnbrokenSoul"],"picked":"Cursed Key"},{"not_picked":["Coffee Dripper","Velvet Choker"],"picked":"Calling Bell"}],"items_purged_floors":[4,38],"is_endless":false,"potions_floor_spawned":[5,8,14,22,27,32,33,37,39,42],"killed_by":"downfall:CharBossMerchant","ascension_level":14}}