{"host":"dkr0dog13pegamnp","time":1614259368,"event":{"mods":["AchievementEnabler","BaseMod","Minty Spire (QoL Compilation)","Rare Cards Sparkle","StSLib","SuperFastMode","everything is the same but u backflip on backflip"],"gold_per_floor":[119,294,146,163,163,163,183,183,264,274,274,292,292,319,319,393,393,318,178,195,195,211,211,211,211],"floor_reached":24,"language":"KOR","playtime":666,"items_purged":["Doubt","Strike_G"],"score":330,"play_id":"32d1aeaa-6358-4e64-a6fd-dc495f6a327b","local_time":"20210225222248","is_ascension_mode":true,"campfire_choices":[{"data":"Footwork","floor":6.0,"key":"SMITH"},{"data":"Footwork","floor":8.0,"key":"SMITH"},{"data":"Calculated Gamble","floor":13.0,"key":"SMITH"},{"data":"Deadly Poison","floor":15.0,"key":"SMITH"},{"data":"Footwork","floor":23,"key":"SMITH"}],"circlet_count":0,"master_deck":["AscendersBane","Strike_G","Strike_G","Defend_G","Defend_G","Defend_G","Defend_G","Defend_G","Survivor","Neutralize","Footwork+1","Footwork+1","Calculated Gamble+1","Quick Slash","PiercingWail","Deadly Poison+1","Night Terror","Bouncing Flask","Caltrops","Footwork+1","Cloak And Dagger"],"relics":["Ring of the Snake","NeowsBlessing","InkBottle","Shuriken","SlaversCollar"],"acts_visited":["Exordium","TheCity"],"potions_floor_usage":[22],"damage_taken":[{"damage":0.0,"enemies":"Small Slimes","floor":1.0,"turns":1.0},{"damage":0.0,"enemies":"Jaw Worm","floor":4.0,"turns":1.0},{"damage":0.0,"enemies":"2 Louse","floor":7.0,"turns":1.0},{"damage":0.0,"enemies":"Exordium Wildlife","floor":10.0,"turns":6.0},{"damage":0.0,"enemies":"Blue Slaver","floor":12.0,"turns":7.0},{"damage":6.0,"enemies":"Lagavulin","floor":14.0,"turns":12.0},{"damage":15.0,"enemies":"Hexaghost","floor":16.0,"turns":11.0},{"damage":6.0,"enemies":"2 Thieves","floor":18.0,"turns":5.0},{"damage":14,"enemies":"Spheric Guardian","floor":20,"turns":8},{"damage":30,"enemies":"Chosen and Byrds","floor":22,"turns":10},{"damage":15,"enemies":"Gremlin Leader","floor":24,"turns":5}],"seed_played":"-5023710067945393176","potions_obtained":[{"floor":1.0,"key":"EntropicBrew"},{"floor":14.0,"key":"ColorlessPotion"},{"floor":20,"key":"Weak Potion"}],"is_trial":false,"path_per_floor":["M","?","$","M","?","R","M","R","T","M","?","M","R","E","R","B",null,"M","$","M","?","M","R","E"],"character_chosen":"THE_SILENT","items_purchased":["Footwork","Caltrops"],"campfire_rested":0,"item_purchase_floors":[3,19],"current_hp_per_floor":[59,59,59,59,64,64,64,64,64,64,61,61,61,55,55,40,63,57,57,43,43,13,13,0,0],"gold":211,"neow_bonus":"THREE_ENEMY_KILL","is_daily":false,"chose_seed":false,"campfire_upgraded":5,"win_rate":0.0,"timestamp":1614259368,"path_taken":["M","?","$","M","?","R","M","R","T","M","?","?","R","E","R","BOSS","M","$","M","?","M","R","E"],"items_purchased_type":["Card","Card"],"build_version":"2020-12-22","purchased_purges":2,"victory":false,"max_hp_per_floor":[66,66,66,66,71,71,71,71,71,71,71,71,71,71,71,71,71,71,71,71,71,71,71,71,71],"card_choices":[{"not_picked":["Deflect","Distraction"],"picked":"Footwork","floor":1.0},{"not_picked":["Calculated Gamble","Slice","Concentrate"],"picked":"SKIP","floor":4.0},{"not_picked":["Slice","Concentrate"],"picked":"Calculated Gamble","floor":4.0},{"not_picked":["All Out Attack","Quick Slash","Heel Hook"],"picked":"SKIP","floor":7.0},{"not_picked":["All Out Attack","Heel Hook"],"picked":"Quick Slash","floor":7.0},{"not_picked":["Riddle With Holes","Eviscerate"],"picked":"PiercingWail","floor":10.0},{"not_picked":["Dagger Spray","Backflip"],"picked":"Deadly Poison","floor":12.0},{"not_picked":["Sucker Punch","Storm of Steel","Leg Sweep"],"picked":"SKIP","floor":14.0},{"not_picked":["A Thousand Cuts","Tools of the Trade"],"picked":"Night Terror","floor":16.0},{"not_picked":["Dagger Spray","Infinite Blades"],"picked":"Bouncing Flask","floor":18.0},{"not_picked":["PiercingWail","Bane+1","Underhanded Strike"],"picked":"SKIP","floor":20},{"not_picked":["Leg Sweep","Sucker Punch","Doppelganger"],"picked":"SKIP","floor":22}],"player_experience":111074,"relics_obtained":[{"floor":14.0,"key":"Shuriken"}],"event_choices":[{"damage_healed":0.0,"max_hp_gain":0.0,"max_hp_loss":0.0,"gold_gain":175.0,"event_name":"Liars Game","player_choice":"AGREE","floor":2.0,"gold_loss":0.0,"damage_taken":0.0,"cards_obtained":["Doubt"]},{"damage_healed":0.0,"max_hp_gain":5.0,"max_hp_loss":0.0,"gold_gain":0.0,"event_name":"Big Fish","player_choice":"Donut","floor":5.0,"gold_loss":0.0,"damage_taken":0.0},{"damage_healed":0.0,"max_hp_gain":0.0,"max_hp_loss":0.0,"gold_gain":0.0,"event_name":"Scrap Ooze","player_choice":"Success","floor":11.0,"gold_loss":0.0,"damage_taken":3.0,"relics_obtained":["InkBottle"]},{"damage_healed":0,"gold_gain":0,"cards_transformed":["Strike_G","Strike_G"],"player_choice":"Became Test Subject","damage_taken":0,"max_hp_gain":0,"max_hp_loss":0,"event_name":"Drug Dealer","floor":21,"gold_loss":0,"cards_obtained":["Footwork","Cloak And Dagger"]}],"is_beta":false,"boss_relics":[{"not_picked":["Coffee Dripper","Philosopher\u0027s Stone"],"picked":"SlaversCollar"}],"items_purged_floors":[3,19],"is_endless":false,"potions_floor_spawned":[1,14,20],"killed_by":"Gremlin Leader","ascension_level":14}}