{"host":"0mk07bycsqo1qk03","time":1614246138,"event":{"mods":["Ascension Reborn","BaseMod","Downfall","Hermit","Hubris","Minty Spire (QoL Compilation)","Reliquary","Replay The Spire","Spicy Shops","Spire Arcade","StSLib","The Hierophant"],"gold_per_floor":[115,190,190,210,261,286,286,286,335,345,345,365,365,381,381,477,477,496,512,512,20,20,20,38,38,38,70,70,80,90,90,90,189,189,203,113,128,128,139,139,155,168,168,198,54,68,88,88,88,88],"floor_reached":51,"language":"ENG","playtime":1043,"items_purged":["Shame"],"score":836,"play_id":"7134d265-3144-47c5-bc58-b40e2c5592ae","local_time":"20210225104218","is_ascension_mode":true,"campfire_choices":[{"data":"Wild Strike","floor":7,"key":"SMITH"},{"data":"Spot Weakness","floor":11,"key":"SMITH"},{"data":"Defend_R","floor":13,"key":"SMITH"},{"data":"Bash","floor":15,"key":"SMITH"},{"data":"Offering","floor":23,"key":"SMITH"},{"data":"Fiend Fire","floor":25,"key":"SMITH"},{"data":"Massacre","floor":32,"key":"SMITH"},{"data":"Heavy Blade","floor":40,"key":"SMITH"},{"data":"Fiend Fire","floor":49,"key":"SMITH"}],"circlet_count":0,"master_deck":["Strike_R+1","Strike_R+1","Strike_R+1","Strike_R+1","Defend_R+1","Defend_R+1","Defend_R+1","Defend_R+1","Bash+1","Cleave","Headbutt","Dark Embrace+1","Spot Weakness+1","Offering+1","Fiend Fire+1","hubris:CleavingFinish+1","True Grit+1","Heavy Blade+1","Heavy Blade+1","Massacre+1","Fiend Fire+1","Armaments+1","ReplayTheSpireMod:Muscle Training","Sword Boomerang","Feel No Pain","hubris:SharpeningStone+1"],"relics":["Burning Blood","NeowsBlessing","hubris:Icosahedron","Replay:Rubber Ducky","Snack Pack","Dream Catcher","Philosopher\u0027s Stone","CaptainsWheel","Brimstone","hubris:MysteriousPyramids","Matryoshka","reliquary:IridiumChain","Pantograph","Replay:Bottled Flurry","Runic Cube","Eternal Feather","Toxic Egg 2","hubris:CrystalStatue","Sling"],"acts_visited":["Exordium","TheCity","TheBeyond"],"potions_floor_usage":[10,16,35,50],"damage_taken":[{"damage":0,"enemies":"Jaw Worm","floor":1,"turns":1},{"damage":0,"enemies":"Small Slimes","floor":4,"turns":1},{"damage":0,"enemies":"3 Sentries","floor":6,"turns":1},{"damage":7,"enemies":"2 Louse","floor":10,"turns":2},{"damage":13,"enemies":"Large Slime","floor":12,"turns":4},{"damage":10,"enemies":"Red Slaver","floor":14,"turns":5},{"damage":11,"enemies":"Slime Boss","floor":16,"turns":9},{"damage":16,"enemies":"Spheric Guardian","floor":18,"turns":3},{"damage":24,"enemies":"2 Thieves","floor":19,"turns":3},{"damage":16,"enemies":"Shelled Parasite and Fungi","floor":24,"turns":2},{"damage":6,"enemies":"Gremlin Leader","floor":27,"turns":1},{"damage":13,"enemies":"Centurion and Healer","floor":29,"turns":3},{"damage":6,"enemies":"Sentry and Sphere","floor":30,"turns":1},{"damage":10,"enemies":"Collector","floor":33,"turns":3},{"damage":6,"enemies":"3 Darklings","floor":35,"turns":3},{"damage":4,"enemies":"Orb Walker","floor":37,"turns":3},{"damage":6,"enemies":"3 Darklings","floor":39,"turns":1},{"damage":6,"enemies":"Spire Growth","floor":41,"turns":2},{"damage":14,"enemies":"Writhing Mass","floor":42,"turns":2},{"damage":7,"enemies":"Reptomancer","floor":44,"turns":2},{"damage":0,"enemies":"4 Shapes","floor":46,"turns":1},{"damage":7,"enemies":"Maw","floor":47,"turns":4},{"damage":74,"enemies":"Donu and Deca","floor":50,"turns":5}],"seed_played":"-2788504027199881232","potions_obtained":[{"floor":10,"key":"Fruit Juice"},{"floor":16,"key":"Regen Potion"},{"floor":24,"key":"Weak Potion"},{"floor":27,"key":"Swift Potion"},{"floor":35,"key":"SmokeBomb"}],"is_trial":false,"path_per_floor":["M","?","?","M","T","E","R","?","T","M","R","M","R","M","R","B",null,"M","M","?","$","?","R","M","R","T","E","$","M","M","?","R","B",null,"M","?","M","?","M","R","M","M","T","E","$","M","M","$","R","B",null],"character_chosen":"IRONCLAD","items_purchased":["Brimstone","hubris:MysteriousPyramids","Sling","Milkshake"],"campfire_rested":0,"item_purchase_floors":[21,21,45,45],"current_hp_per_floor":[80,69,69,75,75,80,80,80,80,85,85,78,78,74,74,79,85,77,61,61,61,61,61,53,53,53,53,53,46,50,50,50,75,85,85,85,85,85,85,85,85,77,77,76,76,82,85,85,85,19],"gold":88,"neow_bonus":"THREE_ENEMY_KILL","is_daily":false,"chose_seed":false,"campfire_upgraded":9,"win_rate":0.0,"timestamp":1614246138,"path_taken":["M","?","?","M","?","E","R","?","T","M","R","M","R","M","R","BOSS","M","M","?","$","?","R","?","R","T","E","?","M","M","?","R","BOSS","M","?","?","?","M","R","M","M","T","E","$","M","M","?","R","BOSS"],"items_purchased_type":["Relic","Relic","Relic","Potion"],"build_version":"2020-12-22","purchased_purges":1,"victory":true,"max_hp_per_floor":[80,80,80,80,80,80,80,80,80,85,85,85,85,85,85,85,85,85,85,85,85,85,85,85,85,85,85,85,85,85,85,85,85,85,85,85,85,85,85,85,85,85,85,85,85,85,85,85,85,85],"card_choices":[{"not_picked":["Armaments","Headbutt"],"picked":"Cleave","floor":1},{"not_picked":["hubris:ReadiedAction","Wild Strike"],"picked":"Headbutt","floor":4},{"not_picked":["Burning Pact","Sever Soul"],"picked":"Wild Strike","floor":6},{"not_picked":["Inflame","Flex"],"picked":"Spot Weakness","floor":10},{"not_picked":["Infernal Blade","Headbutt"],"picked":"Replay:Undeath\u0027s Touch","floor":12},{"not_picked":["Armaments","Reckless Charge"],"picked":"Offering","floor":14},{"not_picked":["Impervious","Barricade"],"picked":"Fiend Fire","floor":16},{"not_picked":["Combust","Armaments","Anger"],"picked":"SKIP","floor":18},{"not_picked":["Sentinel+1","Blood for Blood"],"picked":"hubris:CleavingFinish+1","floor":19},{"not_picked":["Warcry","hubris:ReadiedAction"],"picked":"True Grit","floor":24},{"not_picked":["Pommel Strike","True Grit+1"],"picked":"Heavy Blade","floor":27},{"not_picked":["Run Through","Twin Strike"],"picked":"Heavy Blade+1","floor":29},{"not_picked":["Perfected Strike","Entrench"],"picked":"Massacre","floor":30},{"not_picked":["Offering","Demonic Infusion"],"picked":"Fiend Fire","floor":33},{"not_picked":["Anger","Perfected Strike"],"picked":"Armaments+1","floor":35},{"not_picked":["Clash+1","Clothesline","Heavy Blade"],"picked":"SKIP","floor":37},{"not_picked":["Rage+1","Searing Blow+1"],"picked":"ReplayTheSpireMod:Muscle Training","floor":39},{"not_picked":["hubris:ReadiedAction+1","Shrug It Off+1","True Grit"],"picked":"SKIP","floor":41},{"not_picked":["ReplayTheSpireMod:Stacked","Twin Strike","Carnage"],"picked":"SKIP","floor":42},{"not_picked":["Power Through+1","Hemogenesis"],"picked":"Sword Boomerang","floor":44},{"not_picked":["Sword Boomerang","Body Slam+1"],"picked":"Feel No Pain","floor":46},{"not_picked":["Inflame","Searing Blow+1"],"picked":"hubris:SharpeningStone+1","floor":47}],"player_experience":1072264,"relics_obtained":[{"floor":5,"key":"Replay:Rubber Ducky"},{"floor":6,"key":"Snack Pack"},{"floor":9,"key":"Dream Catcher"},{"floor":26,"key":"reliquary:IridiumChain"},{"floor":26,"key":"Pantograph"},{"floor":27,"key":"Replay:Bottled Flurry"},{"floor":43,"key":"Eternal Feather"},{"floor":43,"key":"Toxic Egg 2"},{"floor":44,"key":"hubris:CrystalStatue"}],"event_choices":[{"damage_healed":0,"gold_gain":75,"player_choice":"Gather Gold","damage_taken":11,"max_hp_gain":0,"max_hp_loss":0,"event_name":"World of Goop","floor":2,"gold_loss":0},{"damage_healed":0,"gold_gain":0,"player_choice":"Stole Relic","damage_taken":0,"relics_obtained":["CaptainsWheel"],"max_hp_gain":0,"max_hp_loss":0,"event_name":"Addict","floor":20,"gold_loss":0,"cards_obtained":["Shame"]},{"damage_healed":0,"gold_gain":0,"player_choice":"Gave Potion","damage_taken":0,"relics_obtained":["Matryoshka"],"max_hp_gain":0,"max_hp_loss":0,"event_name":"WeMeetAgain","floor":22,"gold_loss":0},{"damage_healed":0,"gold_gain":0,"player_choice":"Simplicity","damage_taken":0,"max_hp_gain":0,"max_hp_loss":0,"event_name":"Back to Basics","floor":31,"gold_loss":0,"cards_upgraded":["Strike_R","Strike_R","Strike_R","Strike_R","Strike_R","Defend_R","Defend_R","Defend_R"]},{"cards_removed":["Replay:Undeath\u0027s Touch"],"damage_healed":0,"gold_gain":0,"player_choice":"Upgrade and Remove","damage_taken":0,"max_hp_gain":0,"max_hp_loss":0,"event_name":"Designer","floor":36,"gold_loss":90,"cards_upgraded":["True Grit"]},{"cards_removed":["Strike_R"],"damage_healed":0,"gold_gain":0,"player_choice":"Removed Attack","damage_taken":0,"max_hp_gain":0,"max_hp_loss":0,"event_name":"Falling","floor":38,"gold_loss":0}],"is_beta":false,"boss_relics":[{"not_picked":["reliquary:WritOfMandamus","hubris:BlackHole"],"picked":"Philosopher\u0027s Stone"},{"not_picked":["Runic Dome","sneckomod:SneckoTalon"],"picked":"Runic Cube"}],"items_purged_floors":[21],"is_endless":false,"potions_floor_spawned":[10,16,24,27,30,35,41,44,46],"ascension_level":1}}