{"host":"pke0xxyzw0teju56","time":1614278677,"event":{"mods":["BaseMod","Bestiary","Colored Powertips","Highlight Path","Minty Spire (QoL Compilation)","StSLib"],"gold_per_floor":[112,27,41,58,58,58,94,94,120,120,45,60,85,109,109,109,109],"floor_reached":16,"language":"ENG","playtime":293,"items_purged":["Strike_R"],"score":204,"play_id":"0f9e7779-1dbe-4c5e-91cd-c0eeb9432bda","local_time":"20210225134437","is_ascension_mode":true,"campfire_choices":[{"data":"Sword Boomerang","floor":6,"key":"SMITH"},{"data":"Flex","floor":8,"key":"SMITH"},{"data":"Bash","floor":15,"key":"SMITH"}],"circlet_count":0,"master_deck":["AscendersBane","Strike_R","Strike_R","Strike_R","Defend_R","Defend_R","Defend_R","Defend_R","Bash+1","Feel No Pain","Sword Boomerang+1","Flex+1","Reaper","Blood for Blood","Flame Barrier","Iron Wave"],"relics":["Burning Blood","NeowsBlessing","Golden Idol","Anchor","Regal Pillow"],"acts_visited":["Exordium"],"potions_floor_usage":[7,16,16],"damage_taken":[{"damage":0,"enemies":"Cultist","floor":1,"turns":1},{"damage":0,"enemies":"2 Louse","floor":3,"turns":1},{"damage":0,"enemies":"Jaw Worm","floor":4,"turns":1},{"damage":22,"enemies":"Lagavulin","floor":7,"turns":5},{"damage":20,"enemies":"Large Slime","floor":12,"turns":7},{"damage":9,"enemies":"2 Fungi Beasts","floor":13,"turns":4},{"damage":10,"enemies":"Looter","floor":14,"turns":4},{"damage":34,"enemies":"Hexaghost","floor":16,"turns":8}],"seed_played":"-3929012628508952909","potions_obtained":[{"floor":3,"key":"SteroidPotion"},{"floor":4,"key":"Fruit Juice"},{"floor":14,"key":"SpeedPotion"}],"is_trial":false,"path_per_floor":["M","$","M","M","?","R","E","R","T","?","$","M","M","M","R","B"],"character_chosen":"IRONCLAD","items_purchased":["Feel No Pain"],"campfire_rested":0,"item_purchase_floors":[2],"current_hp_per_floor":[74,74,75,75,49,49,33,33,33,26,26,16,23,27,27,0,0],"gold":109,"neow_bonus":"THREE_ENEMY_KILL","is_daily":false,"chose_seed":false,"campfire_upgraded":3,"win_rate":0.0,"timestamp":1614278677,"path_taken":["M","$","?","?","?","R","E","R","T","?","$","M","M","M","R","BOSS"],"items_purchased_type":["Card"],"build_version":"2020-12-22","purchased_purges":1,"victory":false,"max_hp_per_floor":[75,75,75,75,75,75,75,75,75,75,75,75,75,75,75,80,80],"card_choices":[{"not_picked":["Flex","Heavy Blade","Armaments"],"picked":"SKIP","floor":1},{"not_picked":["Heavy Blade","Rampage"],"picked":"Sword Boomerang","floor":3},{"not_picked":["Sword Boomerang","Heavy Blade"],"picked":"Flex","floor":4},{"not_picked":["Sever Soul","Perfected Strike"],"picked":"Reaper","floor":7},{"not_picked":["Dual Wield","Hemokinesis"],"picked":"Blood for Blood","floor":12},{"not_picked":["Cleave","Carnage"],"picked":"Flame Barrier","floor":13},{"not_picked":["Anger","Body Slam"],"picked":"Iron Wave","floor":14}],"player_experience":5389838,"relics_obtained":[{"floor":7,"key":"Anchor"},{"floor":9,"key":"Regal Pillow"}],"event_choices":[{"damage_healed":0,"gold_gain":0,"player_choice":"Take Damage","damage_taken":26,"relics_obtained":["Golden Idol"],"max_hp_gain":0,"max_hp_loss":0,"event_name":"Golden Idol","floor":5,"gold_loss":0},{"cards_removed":["Strike_R"],"damage_healed":0,"gold_gain":0,"player_choice":"Card Removal","damage_taken":7,"max_hp_gain":0,"max_hp_loss":0,"event_name":"Golden Wing","floor":10,"gold_loss":0}],"is_beta":false,"boss_relics":[],"items_purged_floors":[11],"is_endless":false,"potions_floor_spawned":[3,4,14],"killed_by":"Hexaghost","ascension_level":20}}