{"host":"i9wanet4r0ff4t9y","time":1614253058,"event":{"mods":["2.2 Compatiblity","Act Like it!","BaseMod","Bestiary","Better Altar","Better Match","Better Note","Better Sensory Stone","Better Skull","Better Third Choice","Better Vampires","BetterRewards","CapriCore","Colored Map","Conspire","Curses Come First","Downfall","Energized Spire","Hubris","Minty Spire (QoL Compilation)","Quick Restart","READ ME - Guardian Mod","READ ME - Snecko Mod","Relic Stats","Reliquary","Ruina","Say the Spire","Spicy Shops","StSLib","The Gatherer","Transform Curses","Waifu the Spire"],"gold_per_floor":[0,19,35,48,48,63,116,134,149,134,134,134,134,145,248,248,248,348,28,42,42,192,203,11,11,26,26,45,45,45,45],"floor_reached":32,"language":"POL","playtime":1054,"items_purged":[],"score":232,"play_id":"9a86f538-7a9c-4a67-829c-d34d46a25496","local_time":"20210225123738","is_ascension_mode":false,"campfire_choices":[{"data":"champ:Execute","floor":1,"key":"SMITH"},{"floor":13,"key":"REST"},{"data":"champ:HoldFirm","floor":18,"key":"SMITH"}],"circlet_count":0,"master_deck":["champ:Strike","champ:Strike+1","champ:Strike","champ:Strike+1","champ:Defend","champ:Defend+1","champ:Defend","champ:Defend","champ:Execute+1","champ:Taunt","champ:BerserkersShout","champ:CrookedStrike","champ:RecklessLeap","champ:CrookedStrike","champ:CalledShot","champ:StanceDance","champ:EnragedBash","champ:EndlessRage","champ:HoldFirm+1","champ:PerfectedStrike","champ:DeathBlow","champ:UltimateStance","champ:PerfectedStrike","Clumsy","champ:GladiatorForm","champ:Haymaker+1"],"relics":["champ:ChampionCrown","hubris:Teleporter","Vajra","hubris:Towel","reliquary:ThirdArm","Dead Branch","Membership Card","Art of War"],"acts_visited":["Exordium","TheCity"],"potions_floor_usage":[16,16,29,31,31],"damage_taken":[{"damage":10,"enemies":"2 Louse","floor":2,"turns":3},{"damage":26,"enemies":"Jaw Worm","floor":3,"turns":3},{"damage":10,"enemies":"conspire:RoseBush","floor":4,"turns":3},{"damage":44,"enemies":"Exordium Wildlife","floor":6,"turns":4},{"damage":18,"enemies":"3 Louse","floor":8,"turns":4},{"damage":24,"enemies":"Blue Slaver","floor":10,"turns":3},{"damage":20,"enemies":"downfall:FleeingMerchant","floor":11,"turns":4},{"damage":39,"enemies":"conspire:2 RoseBushes","floor":15,"turns":4},{"damage":77,"enemies":"WA_ARCHETYPE_RETAIN","floor":16,"turns":6},{"damage":35,"enemies":"downfall:FleeingMerchant","floor":22,"turns":4},{"damage":35,"enemies":"3 Byrds","floor":23,"turns":6},{"damage":35,"enemies":"Chosen","floor":26,"turns":4},{"damage":12,"enemies":"downfall:FleeingMerchant","floor":27,"turns":4},{"damage":35,"enemies":"Snake Plant","floor":29,"turns":3},{"damage":87,"enemies":"Centurion and Healer","floor":31,"turns":7},{"damage":54,"enemies":"Cultist and Chosen","floor":32,"turns":4}],"seed_played":"-3262617619700715477","potions_obtained":[{"floor":3,"key":"champ:CounterPotion"},{"floor":4,"key":"FairyPotion"},{"floor":6,"key":"bronze:BurnAndBuffPotion"},{"floor":16,"key":"hexamod:SoulburnPotion"},{"floor":23,"key":"Energy Potion"},{"floor":29,"key":"Fire Potion"},{"floor":31,"key":"champ:UltimateStancePotion"}],"is_trial":false,"path_per_floor":["R","M","M","M","?","M","T","M","M","$","?","R","?","M","B",null,"R","?","$","M","T","?","M","$","?","M","?","M","M"],"character_chosen":"THE_CHAMP","items_purchased":["Dead Branch","Membership Card","Art of War"],"campfire_rested":1,"item_purchase_floors":[22,27,27],"current_hp_per_floor":[90,90,84,84,84,65,65,62,48,43,43,70,70,46,27,90,90,90,80,65,65,65,45,43,43,28,100,43,0,0,0],"gold":45,"neow_bonus":"ONE_RARE_RELIC","is_daily":false,"chose_seed":false,"campfire_upgraded":2,"win_rate":0.0,"timestamp":1614253058,"path_taken":["R","M","M","M","?","M","T","M","M","?","?","R","?","M","BOSS","R","?","$","M","T","?","M","?","?","M","?","M","M"],"items_purchased_type":["Relic","Relic","Relic"],"build_version":"2020-12-22","purchased_purges":0,"victory":false,"max_hp_per_floor":[90,90,90,90,90,90,90,90,90,90,90,90,90,90,90,90,90,90,90,90,90,90,90,90,90,90,100,100,100,100,100],"relic_stats":{"counters":[16,66],"Dead Branch":[10],"Art of War":[0],"obtain_stats":[{"hubris:Teleporter":0,"Dead Branch":22,"Vajra":7,"champ:ChampionCrown":0,"Art of War":27,"Membership Card":27,"hubris:Towel":14,"reliquary:ThirdArm":17,"Akabeko":24},{"hubris:Teleporter":0,"Dead Branch":10,"Vajra":4,"champ:ChampionCrown":0,"Art of War":13,"Membership Card":13,"hubris:Towel":7,"reliquary:ThirdArm":9,"Akabeko":11},{"hubris:Teleporter":0,"Dead Branch":38,"Vajra":13,"champ:ChampionCrown":0,"Art of War":52,"Membership Card":52,"hubris:Towel":24,"reliquary:ThirdArm":34,"Akabeko":44}]},"card_choices":[{"not_picked":["champ:RapidStrikes","champ:BladeFlurry"],"picked":"champ:BerserkersShout","floor":2},{"not_picked":["champ:FalseCounter","champ:Haymaker"],"picked":"champ:CrookedStrike","floor":3},{"not_picked":["champ:FalseCounter","champ:CrookedStrike"],"picked":"champ:RecklessLeap","floor":4},{"not_picked":["champ:FaceSlap","champ:Circumvent"],"picked":"champ:CalledShot","floor":6},{"not_picked":["champ:FlashCut","champ:BerserkersShout"],"picked":"champ:StanceDance","floor":8},{"not_picked":["champ:FanOfKnives","champ:PreciseThrust"],"picked":"champ:HeavySlash","floor":10},{"not_picked":["champ:RapidStrikes","champ:Parry"],"picked":"champ:EnragedBash","floor":11},{"not_picked":["champ:AdrenalArmor","champ:FancyFootwork"],"picked":"champ:EndlessRage","floor":15},{"not_picked":["champ:IgnorePain","champ:DancingMaster"],"picked":"champ:HoldFirm","floor":16},{"not_picked":["champ:EnGarde","champ:StanceDance"],"picked":"champ:PerfectedStrike","floor":22},{"not_picked":["champ:BerserkersShout","champ:Backstep"],"picked":"champ:DeathBlow","floor":23},{"not_picked":["champ:ShieldSlam","champ:EnragedBash"],"picked":"champ:UltimateStance","floor":26},{"not_picked":["champ:PreemptiveStrike","champ:Shatter"],"picked":"champ:PerfectedStrike","floor":27},{"not_picked":["champ:AdrenalArmor","champ:Backstep"],"picked":"champ:GladiatorForm","floor":29},{"not_picked":["champ:PerfectedStrike+1","champ:Backstep+1"],"picked":"champ:Haymaker+1","floor":31}],"player_experience":487916,"relics_obtained":[{"floor":7,"key":"Vajra"},{"floor":24,"key":"Akabeko"}],"event_choices":[{"cards_removed":["champ:HeavySlash"],"damage_healed":62,"gold_gain":0,"player_choice":"Offered Rare","damage_taken":0,"max_hp_gain":10,"max_hp_loss":0,"event_name":"Bonfire Elementals","floor":30,"gold_loss":0}],"is_beta":false,"boss_relics":[{"not_picked":["energizedSpire:MagnifyingGlass","hubris:ScarierMask"],"picked":"reliquary:ThirdArm"}],"items_purged_floors":[],"is_endless":false,"potions_floor_spawned":[3,4,6,15,16,23,29,31],"killed_by":"Cultist and Chosen","ascension_level":0}}