{"host":"y4fuci1jk2rsxnep","time":1614286533,"event":{"mods":["AchievementEnabler","BaseMod","Colored Powertips","Custom Start","Defuse TimeMaze Blight","Dio Mod","Downfall","Hermit","Hero for Fun","Hubris","Hunter ??","Infinite Spire","Minty Spire (QoL Compilation)","Quick Restart","Reliquary","Remove Card Discount Mod","Replay The Spire","StSLib","The Blackbeard","The Bug Knight","The Mystic","The Runesmith"],"gold_per_floor":[116,126,201,201,201,232,232,243,268,268,278,278,296,320,320,320,320],"floor_reached":16,"language":"ENG","playtime":782,"items_purged":[],"score":152,"play_id":"a11aa074-18a5-482e-b325-2d37598d9ddb","local_time":"20210225215533","is_ascension_mode":true,"campfire_choices":[{"data":"hermit:Grudge","floor":7,"key":"SMITH"},{"data":"hermit:HighNoon","floor":10,"key":"SMITH"},{"floor":15,"key":"REST"}],"circlet_count":0,"master_deck":["hermit:Strike_Hermit","hermit:Strike_Hermit","hermit:Strike_Hermit","hermit:Defend_Hermit","hermit:Defend_Hermit","hermit:Defend_Hermit","hermit:Defend_Hermit","hermit:Snapshot","hermit:Covet","hermit:Grudge+1","hermit:Enervate","hermit:Gambit","hermit:BodyArmor","hermit:HighNoon+1","Injury","hermit:Magnum","hermit:Virtue"],"relics":["hermit:Momento","NeowsBlessing","hubris:Icosahedron","reliquary:WeakTea","infinitespire:PuzzleCube","Golden Idol"],"acts_visited":["Exordium"],"potions_floor_usage":[16],"damage_taken":[{"damage":0,"enemies":"Small Slimes","floor":1,"turns":1},{"damage":0,"enemies":"2 Louse","floor":2,"turns":1},{"damage":0,"enemies":"Lagavulin","floor":6,"turns":1},{"damage":3,"enemies":"Jaw Worm","floor":8,"turns":5},{"damage":21,"enemies":"Exordium Wildlife","floor":11,"turns":4},{"damage":6,"enemies":"Blue Slaver","floor":13,"turns":5},{"damage":9,"enemies":"2 Fungi Beasts","floor":14,"turns":3},{"damage":70,"enemies":"Slime Boss","floor":16,"turns":9}],"seed_played":"572101709256539001","potions_obtained":[{"floor":1,"key":"ColorlessPotion"},{"floor":6,"key":"champ:CounterPotion"},{"floor":8,"key":"Regen Potion"}],"is_trial":false,"path_per_floor":["M","M","?","?","?","E","R","M","T","R","M","?","M","M","R","B"],"character_chosen":"HERMIT","items_purchased":[],"campfire_rested":1,"item_purchase_floors":[],"current_hp_per_floor":[75,75,64,64,64,64,64,61,61,61,40,40,34,25,47,0,0],"gold":320,"neow_bonus":"THREE_ENEMY_KILL","is_daily":false,"chose_seed":false,"campfire_upgraded":2,"win_rate":0.0,"timestamp":1614286533,"path_taken":["M","M","?","?","?","E","R","M","T","R","M","?","M","M","R","BOSS"],"items_purchased_type":[],"build_version":"2020-12-22","purchased_purges":0,"victory":false,"max_hp_per_floor":[75,75,75,75,75,75,75,75,75,75,75,75,75,75,75,75,75],"card_choices":[{"not_picked":["hermit:ItchyTrigger","hermit:LowProfile"],"picked":"hermit:Grudge","floor":1},{"not_picked":["hermit:Vantage","hermit:LowProfile"],"picked":"hermit:Enervate","floor":2},{"not_picked":["hermit:EyeOfTheStorm","hermit:Headshot"],"picked":"hermit:BodyArmor","floor":6},{"not_picked":["hermit:Coalescence","hermit:Headshot"],"picked":"hermit:HighNoon","floor":8},{"not_picked":["hermit:Vantage","hermit:Roulette","hermit:LowProfile"],"picked":"SKIP","floor":11},{"not_picked":["hermit:ItchyTrigger","hermit:Feint"],"picked":"hermit:Magnum","floor":13},{"not_picked":["hermit:Ricochet","hermit:Coalescence"],"picked":"hermit:Virtue","floor":14}],"player_experience":719501,"relics_obtained":[{"floor":6,"key":"reliquary:WeakTea"},{"floor":9,"key":"infinitespire:PuzzleCube"}],"event_choices":[{"damage_healed":0,"gold_gain":75,"player_choice":"Gather Gold","damage_taken":11,"max_hp_gain":0,"max_hp_loss":0,"event_name":"World of Goop","floor":3,"gold_loss":0},{"damage_healed":0,"gold_gain":0,"cards_transformed":["hermit:Strike_Hermit"],"player_choice":"Change","damage_taken":0,"max_hp_gain":0,"max_hp_loss":0,"event_name":"Living Wall","floor":5,"gold_loss":0,"cards_obtained":["hermit:Gambit"]},{"damage_healed":0,"gold_gain":0,"player_choice":"Take Wound","damage_taken":0,"relics_obtained":["Golden Idol"],"max_hp_gain":0,"max_hp_loss":0,"event_name":"Golden Idol","floor":12,"gold_loss":0,"cards_obtained":["Injury"]}],"is_beta":false,"boss_relics":[],"items_purged_floors":[],"is_endless":false,"potions_floor_spawned":[1,6,8],"killed_by":"Slime Boss","ascension_level":4}}