{"host":"9qgbal69wq5palas","time":1614212844,"event":{"mods":["2.2 Compatiblity","Abigail Mod","AchievementEnabler","Act Like it!","Aspiration","Astrologer","Bartender","BaseMod","Better Altar","Better Note","Better Skull","Better Third Choice","Colored Powertips","Hallownest","Hermit","Highlight Path","Hubris","Infinite Spire","Jorbs\u0027s Wanderer Trilogy","Koishi","Lobotomy","Minty Spire (QoL Compilation)","Potionbrewer","Quick Restart","Random Character Button","Replay The Spire","Shade Mod","Shop Mod","Spicy Shops","StSLib","The Animator","The Bug Knight","The Cursed","The Disciple","The Exalted","The Hierophant","The Necromancer","The Servant 0.9.4","Wandering Minibosses"],"gold_per_floor":[112,123,139,60,60,87,87,120,120,150,165,196,214,224,224,324,324,341,341,341,358,376,396,431,431,431,431,431,15,15,15,15],"floor_reached":31,"language":"ENG","playtime":2008,"items_purged":["Defend_S","Defend_S","Strike_S"],"score":519,"play_id":"44601ff6-94b9-47c5-b9ca-cc2bb31042f3","local_time":"20210225012724","is_ascension_mode":true,"campfire_choices":[{"data":"Barrier","floor":7.0,"key":"SMITH"},{"data":"ForgedInTime","floor":15.0,"key":"SMITH"},{"data":"BestPractice","floor":28.0,"key":"SMITH"},{"data":"Hightail","floor":30.0,"key":"SMITH"}],"circlet_count":0,"master_deck":["AscendersBane","Strike_S","Defend_S","Defend_S","KidneyShot","Exchange","Barrier+1","DoubleEdge+1","Comet","SoulSculpture","Potential","Potential","Rewind","Alleviate","Spin","ForgedInTime+1","PendulumOfEternity+1","Alleviate+1","BestPractice+1","Luminosity+1","Moondial","Hightail+1"],"relics":["Uniform","Counterbalance","Replay:Bottled Flurry","aspiration:FrozenJewel","Blue Candle","Juzu Bracelet","hubris:SlimyHat","Runic Pyramid","potionbrewer:BhaskarasWheel","hubris:FunFungus","hubris:Potato","ReplayTheSpireMod:Lightbulb","HandDrill"],"acts_visited":["Exordium","TheCity"],"potions_floor_usage":[],"damage_taken":[{"damage":1.0,"enemies":"Small Slimes","floor":1.0,"turns":6.0},{"damage":3.0,"enemies":"2 Louse","floor":2.0,"turns":3.0},{"damage":0.0,"enemies":"Cultist","floor":3.0,"turns":6.0},{"damage":0.0,"enemies":"Gremlin Nob","floor":6.0,"turns":3.0},{"damage":12.0,"enemies":"Lagavulin","floor":8.0,"turns":6.0},{"damage":11.0,"enemies":"3 Sentries","floor":10.0,"turns":6.0},{"damage":0.0,"enemies":"3 Louse","floor":11.0,"turns":3.0},{"damage":0.0,"enemies":"Lagavulin","floor":12.0,"turns":6.0},{"damage":9.0,"enemies":"Exordium Thugs","floor":13.0,"turns":6.0},{"damage":4.0,"enemies":"Exordium Wildlife","floor":14.0,"turns":4.0},{"damage":5.0,"enemies":"Fading Forest","floor":16.0,"turns":11.0},{"damage":0.0,"enemies":"3 Byrds","floor":18.0,"turns":7.0},{"damage":10.0,"enemies":"Spheric Guardian","floor":21.0,"turns":4.0},{"damage":10.0,"enemies":"Shelled Parasite and Fungi","floor":22.0,"turns":5.0},{"damage":10.0,"enemies":"Cultist and Chosen","floor":23.0,"turns":8.0},{"damage":25.0,"enemies":"Slavers","floor":24.0,"turns":9.0},{"damage":10,"enemies":"Gremlin Leader","floor":31,"turns":1}],"seed_played":"-59430278412994565","potions_obtained":[{"floor":1.0,"key":"Reflective Coating"},{"floor":8.0,"key":"PowerPotion"},{"floor":11.0,"key":"Strength Potion"},{"floor":18.0,"key":"Venom Potion"}],"is_trial":false,"path_per_floor":["M","M","M","$","?","E","R","E","T","E","M","E","M","M","R","B",null,"M","AVR","?","M","M","M","E","?","T","?","R","$","R","E"],"character_chosen":"THE_SERVANT","items_purchased":["Counterbalance","HandDrill","Hightail"],"campfire_rested":0,"item_purchase_floors":[4,29,29],"current_hp_per_floor":[58,55,55,55,55,55,55,43,43,32,32,32,23,19,19,28,56,56,56,56,47,37,32,9,9,9,9,9,9,9,0,0],"gold":15,"neow_bonus":"REMOVE_CARD","is_daily":false,"chose_seed":false,"campfire_upgraded":4,"win_rate":0.0,"timestamp":1614212844,"path_taken":["M","M","M","$","?","E","R","E","T","E","M","E","M","M","R","BOSS","M","AVR","?","M","M","M","E","?","T","?","R","?","R","E"],"items_purchased_type":["Relic","Relic","Card"],"build_version":"2020-12-22","purchased_purges":3,"victory":false,"max_hp_per_floor":[65,65,65,65,65,65,65,65,65,65,65,65,65,65,65,65,65,65,65,65,65,65,65,65,65,65,65,65,65,65,65,65],"card_choices":[{"not_picked":["Snipe","Defy"],"picked":"Barrier","floor":1.0},{"not_picked":["FastForward","ShatteredReality"],"picked":"DoubleEdge","floor":2.0},{"not_picked":["ShiftingGears","BottledTime"],"picked":"Comet","floor":3.0},{"not_picked":["DoubleEdge","Alleviate"],"picked":"SoulSculpture","floor":6.0},{"not_picked":["SpecialFormula","ShatteredReality"],"picked":"Potential","floor":8.0},{"not_picked":["ShatteredReality","BottledTime"],"picked":"Potential","floor":10.0},{"not_picked":["Snipe","Shuttle"],"picked":"Rewind","floor":11.0},{"not_picked":["SilverBlades","Reset"],"picked":"Alleviate","floor":12.0},{"not_picked":["WasteNot","Shuttle"],"picked":"Spin","floor":13.0},{"not_picked":["DoubleEdge","Collapse"],"picked":"ForgedInTime","floor":14.0},{"not_picked":["Duplication","SilverMatrix"],"picked":"PendulumOfEternity","floor":16.0},{"not_picked":["DoubleEdge","BottledTime"],"picked":"Alleviate+1","floor":18.0},{"not_picked":["BottledTime","Hightail+1"],"picked":"BestPractice","floor":21.0},{"not_picked":["Ricochet","Spin"],"picked":"Luminosity+1","floor":22.0},{"not_picked":["Spin+1","SilverBlades+1","Alleviate"],"picked":"SKIP","floor":23.0},{"not_picked":["Read+1","ReturningBlade+1","WasteNot+1"],"picked":"SKIP","floor":24.0}],"player_experience":2811264,"relics_obtained":[{"floor":6.0,"key":"Replay:Bottled Flurry"},{"floor":8.0,"key":"aspiration:FrozenJewel"},{"floor":9.0,"key":"Blue Candle"},{"floor":10.0,"key":"Juzu Bracelet"},{"floor":12.0,"key":"hubris:SlimyHat"},{"floor":24.0,"key":"hubris:Potato"},{"floor":26.0,"key":"ReplayTheSpireMod:Lightbulb"}],"event_choices":[{"damage_healed":0.0,"max_hp_gain":0.0,"max_hp_loss":0.0,"gold_gain":0.0,"event_name":"Upgrade Shrine","player_choice":"Upgraded","floor":20.0,"gold_loss":0.0,"damage_taken":0.0,"cards_upgraded":["PendulumOfEternity"]},{"cards_removed":["Strike_S"],"damage_healed":0.0,"max_hp_gain":0.0,"max_hp_loss":0.0,"gold_gain":0.0,"event_name":"betterThird:BetterWriting","player_choice":"Elegance","floor":25.0,"gold_loss":0.0,"damage_taken":0.0},{"damage_healed":0.0,"max_hp_gain":0.0,"max_hp_loss":0.0,"gold_gain":0.0,"event_name":"Match and Keep!","player_choice":"1 cards matched","floor":27.0,"gold_loss":0.0,"damage_taken":0.0,"cards_obtained":["Moondial"]}],"is_beta":false,"boss_relics":[{"not_picked":["aspiration:WatcherSkillbook","hubris:HollowSoul"],"picked":"Runic Pyramid"}],"items_purged_floors":[19,29,29],"is_endless":false,"potions_floor_spawned":[1,8,11,12,18,22],"killed_by":"Gremlin Leader","ascension_level":11}}