{"host":"fbdlh90rovbiajun","time":1614227960,"event":{"mods":["AchievementEnabler","BaseMod","Colored Map","Keyboard Shortcuts","Minty Spire (QoL Compilation)","SuperFastMode"],"gold_per_floor":[118,118,118,128,128,128,161,161,209,220,74,104,104,131,131,229,229,247,162,162,87,87,87,105,138,162,177,77,176,205,216,216,311,311,330,77,89,109,109,136,136,154,202,80,107,124,136,165,165,165],"floor_reached":51,"language":"KOR","playtime":1479,"items_purged":["Defend_P","Strike_P","Strike_P"],"score":1552,"play_id":"b5d6b5a3-7972-479d-af72-1317144c5537","local_time":"20210225133920","is_ascension_mode":true,"campfire_choices":[{"data":"Eruption","floor":6.0,"key":"SMITH"},{"floor":13.0,"key":"REST"},{"floor":15.0,"key":"REST"},{"floor":23,"key":"REST"},{"floor":32,"key":"REST"},{"data":"Adaptation","floor":41,"key":"SMITH"},{"floor":49,"key":"REST"}],"circlet_count":0,"master_deck":["Defend_P+1","Eruption+1","Vigilance+1","InnerPeace+1","BowlingBash+1","WindmillStrike+1","Halt+1","Adaptation+1"],"relics":["PureWater","NeowsBlessing","Bag of Marbles","Toy Ornithopter","Nunchaku","Unceasing Top","HornCleat","Runic Pyramid","Vajra","Bronze Scales","Potion Belt","The Courier","Empty Cage","Bag of Preparation","Meat on the Bone","War Paint","Akabeko","Boot","Orichalcum"],"acts_visited":["Exordium","TheCity","TheBeyond"],"potions_floor_usage":[33,33,33],"damage_taken":[{"damage":0.0,"enemies":"2 Louse","floor":1.0,"turns":1.0},{"damage":0.0,"enemies":"Cultist","floor":4.0,"turns":1.0},{"damage":0.0,"enemies":"Lagavulin","floor":7.0,"turns":1.0},{"damage":14.0,"enemies":"Jaw Worm","floor":10.0,"turns":2.0},{"damage":20.0,"enemies":"3 Sentries","floor":12.0,"turns":5.0},{"damage":28.0,"enemies":"Gremlin Nob","floor":14.0,"turns":4.0},{"damage":0.0,"enemies":"Slime Boss","floor":16.0,"turns":6.0},{"damage":14,"enemies":"Chosen","floor":18,"turns":3},{"damage":0,"enemies":"2 Thieves","floor":24,"turns":3},{"damage":31,"enemies":"Gremlin Leader","floor":25,"turns":3},{"damage":0,"enemies":"3 Cultists","floor":27,"turns":3},{"damage":24,"enemies":"Slavers","floor":30,"turns":6},{"damage":0,"enemies":"Snecko","floor":31,"turns":3},{"damage":27,"enemies":"Collector","floor":33,"turns":8},{"damage":0,"enemies":"Orb Walker","floor":35,"turns":4},{"damage":0,"enemies":"3 Darklings","floor":37,"turns":2},{"damage":0,"enemies":"Jaw Worm Horde","floor":38,"turns":2},{"damage":0,"enemies":"Reptomancer","floor":40,"turns":2},{"damage":0,"enemies":"Writhing Mass","floor":42,"turns":1},{"damage":0,"enemies":"Nemesis","floor":45,"turns":1},{"damage":0,"enemies":"Maw","floor":46,"turns":1},{"damage":0,"enemies":"Spire Growth","floor":47,"turns":1},{"damage":0,"enemies":"Giant Head","floor":48,"turns":1},{"damage":0,"enemies":"Donu and Deca","floor":50,"turns":1}],"seed_played":"1046991610400035068","potions_obtained":[{"floor":4.0,"key":"Energy Potion"},{"floor":7.0,"key":"AttackPotion"},{"floor":14.0,"key":"EssenceOfSteel"},{"floor":16.0,"key":"BlessingOfTheForge"},{"floor":27,"key":"GamblersBrew"},{"floor":30,"key":"PowerPotion"},{"floor":31,"key":"SkillPotion"},{"floor":33,"key":"SpeedPotion"},{"floor":37,"key":"EntropicBrew"},{"floor":38,"key":"ColorlessPotion"},{"floor":47,"key":"GamblersBrew"}],"is_trial":false,"path_per_floor":["M","?","?","M","?","R","E","?","T","M","$","E","R","E","R","B",null,"M","?","?","$","?","R","M","E","T","M","$","?","E","M","R","B",null,"M","$","M","M","?","E","R","M","T","$","E","M","M","E","R","B",null],"character_chosen":"WATCHER","items_purchased":["Nunchaku","Adaptation","Bag of Preparation","Akabeko"],"campfire_rested":5,"item_purchase_floors":[11,36,36,44],"current_hp_per_floor":[65,58,58,58,44,44,44,44,44,30,30,10,31,8,29,29,61,47,47,47,47,47,68,68,37,37,37,37,37,13,13,34,22,60,60,60,60,60,53,53,53,53,53,53,53,53,53,53,72,72],"gold":165,"neow_bonus":"THREE_ENEMY_KILL","is_daily":false,"chose_seed":false,"campfire_upgraded":2,"win_rate":0.0,"timestamp":1614227960,"path_taken":["M","?","?","M","?","R","E","?","T","M","$","E","R","E","R","BOSS","M","?","?","$","?","R","M","E","T","M","$","?","E","M","R","BOSS","M","$","M","M","?","E","R","M","T","?","E","?","M","E","R","BOSS"],"items_purchased_type":["Relic","Card","Relic","Relic"],"build_version":"2020-12-22","purchased_purges":3,"victory":true,"max_hp_per_floor":[72,72,72,72,72,72,72,72,72,72,72,72,72,72,72,72,72,72,72,72,72,72,72,72,72,72,72,72,72,72,72,72,72,72,72,72,72,72,72,72,72,72,72,72,72,72,72,72,72,72],"card_choices":[{"not_picked":["Protect","Halt"],"picked":"InnerPeace","floor":1.0},{"not_picked":["EmptyBody","Consecrate","Indignation"],"picked":"SKIP","floor":4.0},{"not_picked":["BowlingBash","Crescendo","EmptyBody"],"picked":"SKIP","floor":7.0},{"not_picked":["FollowUp","SandsOfTime","Evaluate"],"picked":"SKIP","floor":10.0},{"not_picked":["FollowUp","SandsOfTime","Evaluate"],"picked":"SKIP","floor":10.0},{"not_picked":["ThirdEye","EmptyFist","Omniscience"],"picked":"SKIP","floor":12.0},{"not_picked":["Tantrum","CrushJoints","EmptyMind"],"picked":"SKIP","floor":14.0},{"not_picked":["Prostrate","Protect","FlyingSleeves"],"picked":"SKIP","floor":18},{"not_picked":["Vengeance","ForeignInfluence+1","FlurryOfBlows+1"],"picked":"SKIP","floor":24},{"not_picked":["PathToVictory+1","CarveReality","Alpha"],"picked":"SKIP","floor":25},{"not_picked":["WaveOfTheHand","WreathOfFlame"],"picked":"WindmillStrike+1","floor":27},{"not_picked":["DeceiveReality","DeusExMachina"],"picked":"Halt","floor":30},{"not_picked":["EmptyFist","PathToVictory+1","FollowUp+1"],"picked":"SKIP","floor":31},{"not_picked":["EmptyFist+1","PathToVictory","Pray"],"picked":"SKIP","floor":35},{"not_picked":["Study+1","ClearTheMind","Tantrum+1"],"picked":"SKIP","floor":37},{"not_picked":["Study+1","ClearTheMind","Tantrum+1"],"picked":"SKIP","floor":37},{"not_picked":["EmptyBody+1","FlyingSleeves","ClearTheMind+1"],"picked":"SKIP","floor":38},{"not_picked":["Wish","FlyingSleeves","BowlingBash"],"picked":"SKIP","floor":40},{"not_picked":["EmptyFist","FlyingSleeves","Halt+1"],"picked":"SKIP","floor":42},{"not_picked":["Prostrate","Wallop","Weave+1"],"picked":"SKIP","floor":45},{"not_picked":["Meditate","EmptyFist","Study"],"picked":"SKIP","floor":46},{"not_picked":["Halt+1","Consecrate","ClearTheMind+1"],"picked":"SKIP","floor":47},{"not_picked":["FlyingSleeves","Swivel","Conclude+1"],"picked":"SKIP","floor":48}],"player_experience":128827,"relics_obtained":[{"floor":7.0,"key":"Bag of Marbles"},{"floor":9.0,"key":"Toy Ornithopter"},{"floor":12.0,"key":"Unceasing Top"},{"floor":14.0,"key":"HornCleat"},{"floor":25,"key":"Bronze Scales"},{"floor":26,"key":"Potion Belt"},{"floor":30,"key":"The Courier"},{"floor":40,"key":"Meat on the Bone"},{"floor":43,"key":"War Paint"},{"floor":45,"key":"Boot"},{"floor":48,"key":"Orichalcum"}],"event_choices":[{"cards_removed":["Defend_P"],"damage_healed":0.0,"max_hp_gain":0.0,"max_hp_loss":0.0,"gold_gain":0.0,"event_name":"Golden Wing","player_choice":"Card Removal","floor":2.0,"gold_loss":0.0,"damage_taken":7.0},{"damage_healed":0.0,"max_hp_gain":0.0,"max_hp_loss":0.0,"gold_gain":0.0,"cards_transformed":["Strike_P"],"event_name":"Living Wall","player_choice":"Change","floor":3.0,"gold_loss":0.0,"damage_taken":0.0,"cards_obtained":["BowlingBash"]},{"damage_healed":0.0,"max_hp_gain":0.0,"max_hp_loss":0.0,"gold_gain":0.0,"event_name":"Shining Light","player_choice":"Entered Light","floor":5.0,"gold_loss":0.0,"damage_taken":14.0,"cards_upgraded":["InnerPeace","BowlingBash"]},{"damage_healed":0.0,"max_hp_gain":0.0,"max_hp_loss":0.0,"gold_gain":0.0,"event_name":"Upgrade Shrine","player_choice":"Upgraded","floor":8.0,"gold_loss":0.0,"damage_taken":0.0,"cards_upgraded":["Vigilance"]},{"damage_healed":0,"gold_gain":0,"player_choice":"Obtained Relic","damage_taken":0,"relics_obtained":["Vajra"],"max_hp_gain":0,"max_hp_loss":0,"event_name":"Addict","floor":19,"gold_loss":85},{"damage_healed":0,"gold_gain":0,"player_choice":"Ignored","damage_taken":0,"max_hp_gain":0,"max_hp_loss":0,"event_name":"Ghosts","floor":20,"gold_loss":0},{"damage_healed":0,"gold_gain":0,"player_choice":"Ignored","damage_taken":0,"max_hp_gain":0,"max_hp_loss":0,"event_name":"Vampires","floor":22,"gold_loss":0},{"damage_healed":0,"gold_gain":99,"player_choice":"Stole From Cult","damage_taken":0,"max_hp_gain":0,"max_hp_loss":0,"event_name":"Nest","floor":29,"gold_loss":0},{"damage_healed":0,"gold_gain":0,"player_choice":"Damaged","damage_taken":7,"max_hp_gain":0,"max_hp_loss":0,"event_name":"Wheel of Change","floor":39,"gold_loss":0}],"is_beta":false,"boss_relics":[{"not_picked":["SacredBark","Pandora\u0027s Box"],"picked":"Runic Pyramid"},{"not_picked":["Tiny House","Runic Dome"],"picked":"Empty Cage"}],"items_purged_floors":[21,28,36],"is_endless":false,"potions_floor_spawned":[4,7,14,16,25,27,30,31,33,37,38,40,46,47],"ascension_level":8}}