{"host":"mp4nw1ahnxiisuiw","time":1614220368,"event":{"mods":["AchievementEnabler","BaseMod","Better Note","Block Reminder","Colored Map","Colored Powertips","Curses Come First","DeckTracker","Dio Mod","Downfall","Hero for Fun","Highlight Path","HololiveMod","Koishi","Marisa????????","Minty Spire (QoL Compilation)","Permanent Neow","Quick Restart","Rare Cards Sparkle","Relic Sorter","Relic Stats","Remilia??????","Replay The Spire","Small Relic Pack","Spikes Relics","StSLib","Td1madao Mod","The Animator","The Bug Knight","The Senshi","Waifu the Spire","Wandering Minibosses"],"gold_per_floor":[83,233,233,233,256,284,294,294,294,305,330,346,380,395,395,499,499,489,489,507,507,507,546,546,562,562,578,578,76,90,110,110,207,207,233,90,90,90,105,141,141,160,160,211,211,231,40,55,55,55],"floor_reached":51,"language":"ENG","playtime":2168,"items_purged":[],"score":1174,"play_id":"5ba33640-4586-4876-aada-1104a11cca6a","local_time":"20210225033248","is_ascension_mode":true,"campfire_choices":[{"floor":8,"key":"REST"},{"data":"Hololive_CallShiroganeNoel","floor":15,"key":"SMITH"},{"data":"Hololive_WolfAndLamb","floor":28,"key":"SMITH"},{"data":"Hololive_Rebirth","floor":32,"key":"SMITH"},{"data":"Hololive_StrengthChampion","floor":41,"key":"SMITH"},{"floor":45,"key":"REST"},{"data":"Hololive_DDD","floor":49,"key":"SMITH"}],"circlet_count":0,"master_deck":["Hololive_RecruitS","Hololive_RecruitS","Hololive_RecruitS","Hololive_CallShiroganeNoel+1","Hololive_SummonFox","Hololive_CallMomosuzuNene+16","Hololive_CallHimemoriLuna","Hololive_Breathe","Hololive_AWSL","Hololive_Rebirth+1","Hololive_CallInugamiKorone","Hololive_Rebound","relicPack:TruthCard","animator:Saitama","Seek","Magnetism","Hololive_WolfAndLamb+1","Hololive_CallAZKi+1","Hololive_CallAiraniIofifteen","Hololive_Psychosis","Hololive_RevenueBasedLive+1","Hololive_FlareMind","Hololive_StarCraft","Hololive_Rebound+1","Hololive_CallHoushouMarine+1","Hololive_StrengthChampion+1","Hololive_FlyingPonyTail+1","Hololive_DDD+1","Hololive_CallKiryuuCoco+1","Hololive_CallTokoyamiTowa","Hololive_Breathe+1","Hololive_Yoholoon","Hololive_StrengthChampion+1"],"relics":["Hololive_TheStar","Hololive_YagooBigFamily","NeowsBlessing","ReplayTheSpireMod:CursedCoin","Torii","Whetstone","Replay:Bottled Steam","CrustySpines","Replay:Rubber Ducky","Hololive_Finger","Peace Pipe","relicPack:EdsArm","Counterbalance","Meat on the Bone","relicPack:OneForAll","ReplayTheSpireMod:Ninjato","PreservedInsect","CaptainsWheel","CosmicIsotope","Orichalcum","Unceasing Top","theSenshi:SailorFukuRelic","Hololive_FriedShrimpLion"],"acts_visited":["Exordium","TheCity","TheBeyond"],"potions_floor_usage":[],"damage_taken":[{"damage":0,"enemies":"Cultist","floor":1,"turns":1},{"damage":0,"enemies":"3 Sentries","floor":6,"turns":2},{"damage":0,"enemies":"Small Slimes","floor":7,"turns":2},{"damage":0,"enemies":"Jaw Worm","floor":10,"turns":2},{"damage":0,"enemies":"Lagavulin","floor":11,"turns":6},{"damage":2,"enemies":"Lots of Slimes","floor":12,"turns":4},{"damage":1,"enemies":"3 Sentries","floor":13,"turns":6},{"damage":0,"enemies":"Exordium Wildlife","floor":14,"turns":2},{"damage":0,"enemies":"Slime Boss","floor":16,"turns":4},{"damage":12,"enemies":"2 Thieves","floor":18,"turns":4},{"damage":0,"enemies":"Spheric Guardian","floor":20,"turns":2},{"damage":1,"enemies":"Book of Stabbing","floor":23,"turns":3},{"damage":1,"enemies":"Snake Plant","floor":25,"turns":2},{"damage":0,"enemies":"3 Cultists","floor":27,"turns":3},{"damage":1,"enemies":"Shelled Parasite and Fungi","floor":30,"turns":4},{"damage":1,"enemies":"Snake Plant","floor":31,"turns":4},{"damage":0,"enemies":"Pondfish","floor":33,"turns":9},{"damage":1,"enemies":"3 Darklings","floor":35,"turns":7},{"damage":0,"enemies":"3 Shapes","floor":39,"turns":2},{"damage":0,"enemies":"HollowMod:StalkingDevout","floor":40,"turns":5},{"damage":0,"enemies":"Sphere and 2 Shapes","floor":42,"turns":5},{"damage":0,"enemies":"R_Hoarder","floor":44,"turns":4},{"damage":2,"enemies":"4 Shapes","floor":46,"turns":6},{"damage":0,"enemies":"Jaw Worm Horde","floor":48,"turns":4},{"damage":0,"enemies":"Replay:Hell Engine","floor":50,"turns":9}],"seed_played":"6839965565017968966","potions_obtained":[{"floor":6,"key":"Milkshake"},{"floor":10,"key":"AttackPotion"},{"floor":12,"key":"Guardian:BlockOnCardUsePotion"},{"floor":30,"key":"Guardian:BlockOnCardUsePotion"}],"is_trial":false,"path_per_floor":["M","$","?","?","T","E","M","R","T","M","E","M","E","M","R","B",null,"M","?","M","?","T","E","?","M","T","M","R","$","M","M","R","B",null,"M","$","?","?","M","E","R","M","T","E","R","M","$","M","R","B",null],"character_chosen":"Hololive_HololiveCharacter","items_purchased":["ReplayTheSpireMod:CursedCoin","PreservedInsect","CaptainsWheel","Hololive_Psychosis","Orichalcum","Hololive_CallTokoyamiTowa","Hololive_Breathe+1","Hololive_Yoholoon"],"campfire_rested":2,"item_purchase_floors":[2,29,29,29,36,47,47,47],"current_hp_per_floor":[35,35,35,17,17,17,17,27,27,27,27,25,24,24,24,25,36,25,25,26,26,26,26,26,26,26,27,27,27,27,27,27,28,39,39,39,39,39,40,41,41,42,42,43,44,43,43,44,44,45],"gold":55,"neow_bonus":"THREE_ENEMY_KILL","is_daily":false,"chose_seed":false,"campfire_upgraded":5,"win_rate":0.0,"timestamp":1614220368,"path_taken":["M","$","?","?","?","E","M","R","T","?","E","M","E","M","R","BOSS","M","?","?","?","?","E","?","M","T","M","R","$","M","M","R","BOSS","M","$","?","?","M","E","R","M","T","E","R","M","?","M","R","BOSS"],"items_purchased_type":["Relic","Relic","Relic","Card","Relic","Card","Card","Card"],"build_version":"2020-12-22","purchased_purges":0,"victory":true,"max_hp_per_floor":[35,35,35,35,35,35,35,35,35,35,35,35,35,35,35,36,36,37,37,38,33,33,34,34,35,35,36,36,36,37,38,38,39,39,40,40,40,40,41,42,42,43,43,44,44,45,45,46,46,47],"relic_stats":{"Peace Pipe":0,"Torii":10,"counters":[25,101],"PreservedInsect":128,"Whetstone":["Hololive_Strike"],"Orichalcum":[96],"obtain_stats":[{"ReplayTheSpireMod:Ninjato":26,"NeowsBlessing":0,"Torii":4,"ReplayTheSpireMod:CursedCoin":2,"Counterbalance":22,"PreservedInsect":29,"Whetstone":5,"Orichalcum":36,"Replay:Rubber Ducky":13,"Peace Pipe":19,"relicPack:EdsArm":21,"relicPack:OneForAll":24,"CaptainsWheel":29,"Hololive_TheStar":0,"Hololive_YagooBigFamily":0,"Hololive_FriedShrimpLion":44,"Hololive_Finger":17,"CosmicIsotope":34,"theSenshi:SailorFukuRelic":43,"CrustySpines":11,"Unceasing Top":40,"Replay:Bottled Steam":6,"Meat on the Bone":23},{"ReplayTheSpireMod:Ninjato":13,"NeowsBlessing":0,"Torii":1,"ReplayTheSpireMod:CursedCoin":1,"Counterbalance":11,"PreservedInsect":14,"Whetstone":1,"Orichalcum":18,"Replay:Rubber Ducky":7,"Peace Pipe":10,"relicPack:EdsArm":11,"relicPack:OneForAll":12,"CaptainsWheel":14,"Hololive_TheStar":0,"Hololive_YagooBigFamily":0,"Hololive_FriedShrimpLion":22,"Hololive_Finger":9,"CosmicIsotope":17,"theSenshi:SailorFukuRelic":21,"CrustySpines":5,"Unceasing Top":20,"Replay:Bottled Steam":2,"Meat on the Bone":12},{"ReplayTheSpireMod:Ninjato":39,"NeowsBlessing":0,"Torii":1,"ReplayTheSpireMod:CursedCoin":1,"Counterbalance":34,"PreservedInsect":42,"Whetstone":1,"Orichalcum":66,"Replay:Rubber Ducky":22,"Peace Pipe":32,"relicPack:EdsArm":34,"relicPack:OneForAll":37,"CaptainsWheel":42,"Hololive_TheStar":0,"Hololive_YagooBigFamily":0,"Hololive_FriedShrimpLion":82,"Hololive_Finger":28,"CosmicIsotope":59,"theSenshi:SailorFukuRelic":78,"CrustySpines":12,"Unceasing Top":73,"Replay:Bottled Steam":3,"Meat on the Bone":37}],"Unceasing Top":[0],"Meat on the Bone":0},"card_choices":[{"not_picked":["Hololive_Sequa","Hololive_LuckPotion","Hololive_Psychosis"],"picked":"Hololive_CallShiroganeNoel","floor":1},{"not_picked":["Hololive_CallAmaneKanata","Hololive_Trident","Hololive_AWSL"],"picked":"Hololive_SummonFox","floor":6},{"not_picked":["Hololive_Trident","Hololive_HuntDinosaur","Hololive_CocoNews"],"picked":"Hololive_LuckPotion","floor":7},{"not_picked":["Hololive_CocoNews","Hololive_FlyingPonyTail","Hololive_Breathe"],"picked":"Hololive_Spy","floor":10},{"not_picked":["Hololive_CocoNews","Hololive_Psychosis","Hololive_CallSakuraMiko"],"picked":"Hololive_CallMomosuzuNene","floor":11},{"not_picked":["Hololive_CocoNews","Hololive_FlyingPonyTail","Hololive_CallAiraniIofifteen"],"picked":"Hololive_CallHimemoriLuna","floor":12},{"not_picked":["Hololive_CallRosalyn","Hololive_CallAkaiHaato","Hololive_CallUsadaPekora"],"picked":"Hololive_Breathe","floor":13},{"not_picked":["Hololive_CallSpadeEcho","Hololive_Drill","Hololive_Yoholoon"],"picked":"Hololive_AWSL","floor":14},{"not_picked":["Hololive_FlareMind","Hololive_DDD","Hololive_IdolExercise"],"picked":"Hololive_Rebirth","floor":16},{"not_picked":["Hololive_CallMoonaHoshinova","Hololive_OvertimeWork","Hololive_Teleport"],"picked":"Hololive_CallInugamiKorone","floor":18},{"not_picked":["Hololive_CallManoAloe","Hololive_Drill","Hololive_FlyingPonyTail"],"picked":"Hololive_Rebound","floor":20},{"not_picked":["Hololive_Sequa+1","Hololive_OvertimeWork","Hololive_Trident+1"],"picked":"Hololive_WolfAndLamb","floor":23},{"not_picked":["Hololive_CallShiroganeNoel","Hololive_CallAkaiHaato","Hololive_Rebound"],"picked":"Hololive_CallAZKi+1","floor":25},{"not_picked":["Hololive_LuckPotion","Hololive_CallUsadaPekora","Hololive_Drill"],"picked":"Hololive_CallAiraniIofifteen","floor":27},{"not_picked":["Hololive_OvertimeWork","Hololive_Sequa+1","Hololive_FlyingPonyTail"],"picked":"Hololive_RevenueBasedLive+1","floor":30},{"not_picked":["Hololive_CallDoris","Hololive_Psychosis","Hololive_CocoNews"],"picked":"Hololive_FlareMind","floor":31},{"not_picked":["Hololive_HighAtkLowDef","Hololive_FlareMind","Hololive_OpenUp"],"picked":"Hololive_StarCraft","floor":33},{"not_picked":["Hololive_CallAmaneKanata","Hololive_RevenueBasedLive+1","Hololive_LuckPotion"],"picked":"Hololive_Rebound+1","floor":35},{"not_picked":["Hololive_LuckPotion","Hololive_Breathe","Hololive_StrengthChampion"],"picked":"Hololive_CallHoushouMarine+1","floor":39},{"not_picked":["Hololive_Trident","Hololive_CallMoonaHoshinova","Hololive_LuckPotion"],"picked":"Hololive_StrengthChampion","floor":40},{"not_picked":["Hololive_Sequa","Hololive_Psychosis","Hololive_CocoNews"],"picked":"Hololive_FlyingPonyTail+1","floor":42},{"not_picked":["Hololive_Drill+1","Hololive_LuckPotion+1","Hololive_CallMomosuzuNene"],"picked":"Hololive_DDD","floor":44},{"not_picked":["Hololive_CocoNews+1","Hololive_CallMurasakiShion+1","Hololive_RevenueBasedLive+1"],"picked":"Hololive_CallKiryuuCoco+1","floor":46},{"not_picked":["Hololive_RevenueBasedLive","Hololive_OvertimeWork+1","Hololive_ManjiGathering"],"picked":"Hololive_StrengthChampion+1","floor":48}],"player_experience":138039,"relics_obtained":[{"floor":5,"key":"Whetstone"},{"floor":6,"key":"Replay:Bottled Steam"},{"floor":11,"key":"CrustySpines"},{"floor":13,"key":"Replay:Rubber Ducky"},{"floor":22,"key":"Counterbalance"},{"floor":23,"key":"Meat on the Bone"},{"floor":26,"key":"ReplayTheSpireMod:Ninjato"},{"floor":40,"key":"Unceasing Top"},{"floor":43,"key":"theSenshi:SailorFukuRelic"},{"floor":44,"key":"Hololive_FriedShrimpLion"}],"event_choices":[{"damage_healed":0,"gold_gain":0,"player_choice":"Ignored","damage_taken":0,"max_hp_gain":0,"max_hp_loss":0,"event_name":"Shining Light","floor":3,"gold_loss":0},{"damage_healed":0,"gold_gain":0,"player_choice":"Success","damage_taken":18,"relics_obtained":["Torii"],"max_hp_gain":0,"max_hp_loss":0,"event_name":"Scrap Ooze","floor":4,"gold_loss":0},{"damage_healed":0,"gold_gain":0,"player_choice":"Gave Potion","damage_taken":0,"relics_obtained":["Peace Pipe"],"max_hp_gain":0,"max_hp_loss":0,"event_name":"WeMeetAgain","floor":19,"gold_loss":0},{"damage_healed":0,"gold_gain":0,"player_choice":"Memory 1","damage_taken":0,"max_hp_gain":0,"max_hp_loss":0,"event_name":"SensoryStone","floor":37,"gold_loss":0}],"is_beta":false,"boss_relics":[{"not_picked":["Cursed Key","Empty Cage"],"picked":"Hololive_Finger"},{"not_picked":["Tiny House","relicPack:KazumaCape"],"picked":"CosmicIsotope"}],"items_purged_floors":[],"is_endless":false,"potions_floor_spawned":[6,10,12,14,30,31,33,40,46,48],"ascension_level":2}}