{"host":"b8coxh3nmoxcbj3m","time":1614224345,"event":{"mods":["AchievementEnabler","BaseMod","Colored Map","Minty Spire (QoL Compilation)","StSLib","SuperFastMode"],"gold_per_floor":[114,114,134,59,71,71,91,103,126,155,167,184,184,57,57,156,156,166,166,106,124,136,136,136,136,163,198,210,238,250,273,285,393,405,432,458,520,532,564,149,165,165,192,192,192,222,222,234,234,234],"floor_reached":51,"language":"ZHS","playtime":1938,"items_purged":["Defend_R","Defend_R","Strike_R"],"score":724,"play_id":"e4dd68f5-5329-4416-9ef6-0432cd48f1d9","local_time":"20210225113905","is_ascension_mode":false,"campfire_choices":[{"data":"Pommel Strike","floor":6,"key":"SMITH"},{"floor":13,"key":"REST"},{"floor":15,"key":"REST"},{"floor":23,"key":"REST"},{"data":"Flex","floor":25,"key":"SMITH"},{"floor":28,"key":"REST"},{"data":"Flex","floor":30,"key":"SMITH"},{"floor":32,"key":"REST"},{"data":"Heavy Blade","floor":42,"key":"SMITH"},{"data":"Demon Form","floor":44,"key":"SMITH"},{"floor":47,"key":"REST"},{"floor":49,"key":"REST"}],"circlet_count":0,"master_deck":["Strike_R","Strike_R","Strike_R","Strike_R","Pommel Strike+1","Clash","Pummel","Flex+1","Heavy Blade+1","Demon Form+1","Flex+1","Pummel","Pummel","Inflame+1","Battle Trance+1","Heavy Blade+1"],"relics":["Burning Blood","Happy Flower","Oddly Smooth Stone","Runic Dome","Anchor","MawBank","Velvet Choker","Gambling Chip","Brimstone","Lantern","Bag of Preparation","Question Card"],"acts_visited":["Exordium","TheCity","TheBeyond"],"potions_floor_usage":[16,16,16,32,33,37,50,50],"damage_taken":[{"damage":0.0,"enemies":"2 Louse","floor":1.0,"turns":2.0},{"damage":5,"enemies":"Cultist","floor":3,"turns":4},{"damage":6,"enemies":"Jaw Worm","floor":5,"turns":3},{"damage":9,"enemies":"Blue Slaver","floor":7,"turns":3},{"damage":37,"enemies":"Exordium Thugs","floor":8,"turns":5},{"damage":36,"enemies":"Lagavulin","floor":10,"turns":5},{"damage":0,"enemies":"Large Slime","floor":11,"turns":4},{"damage":12,"enemies":"Gremlin Gang","floor":12,"turns":4},{"damage":31,"enemies":"Slime Boss","floor":16,"turns":7},{"damage":20,"enemies":"2 Thieves","floor":18,"turns":3},{"damage":10,"enemies":"3 Byrds","floor":21,"turns":4},{"damage":30,"enemies":"Centurion and Healer","floor":22,"turns":4},{"damage":30,"enemies":"Slavers","floor":27,"turns":4},{"damage":0,"enemies":"Cultist and Chosen","floor":29,"turns":3},{"damage":33,"enemies":"Shelled Parasite and Fungi","floor":31,"turns":4},{"damage":64,"enemies":"Collector","floor":33,"turns":4},{"damage":42,"enemies":"3 Darklings","floor":35,"turns":3},{"damage":21,"enemies":"3 Shapes","floor":36,"turns":5},{"damage":43,"enemies":"Mind Bloom Boss Battle","floor":37,"turns":4},{"damage":7,"enemies":"3 Darklings","floor":39,"turns":2},{"damage":19,"enemies":"Transient","floor":41,"turns":5},{"damage":47,"enemies":"Nemesis","floor":46,"turns":3},{"damage":1,"enemies":"Jaw Worm Horde","floor":48,"turns":2},{"damage":42,"enemies":"Donu and Deca","floor":50,"turns":4}],"seed_played":"-5832970966806041715","potions_obtained":[{"floor":1,"key":"DuplicationPotion"},{"floor":3,"key":"Dexterity Potion"},{"floor":11,"key":"Energy Potion"},{"floor":12,"key":"HeartOfIron"},{"floor":18,"key":"BloodPotion"},{"floor":22,"key":"LiquidBronze"},{"floor":29,"key":"BloodPotion"},{"floor":37,"key":"BlessingOfTheForge"},{"floor":39,"key":"Strength Potion"},{"floor":41,"key":"DistilledChaos"}],"is_trial":false,"path_per_floor":["M","?","M","$","M","R","M","M","T","E","M","M","R","$","R","B",null,"M","?","?","M","M","R","?","R","T","E","R","M","R","M","R","B",null,"M","M","?","?","M","$","M","R","T","R","?","E","R","M","R","B",null],"character_chosen":"IRONCLAD","items_purchased":["Heavy Blade","Brimstone","Lantern"],"campfire_rested":7,"item_purchase_floors":[14,40,40],"current_hp_per_floor":[80,80,80,80,80,80,77,46,46,16,22,16,40,40,64,39,80,66,66,66,62,38,62,62,62,62,38,62,68,68,41,80,22,80,44,29,8,70,69,69,56,56,56,56,56,15,36,41,62,26],"gold":234,"neow_bonus":"REMOVE_CARD","is_daily":false,"chose_seed":false,"campfire_upgraded":5,"win_rate":0.0,"timestamp":1614224345,"path_taken":["M","?","M","$","M","R","M","M","T","E","?","M","R","$","R","BOSS","M","?","?","?","M","R","?","R","T","E","R","M","R","?","R","BOSS","M","M","?","?","M","$","M","R","T","R","?","E","R","M","R","BOSS"],"items_purchased_type":["Card","Relic","Relic"],"build_version":"2020-12-22","purchased_purges":3,"victory":true,"max_hp_per_floor":[80,80,80,80,80,80,80,80,80,80,80,80,80,80,80,80,80,80,80,80,80,80,80,80,80,80,80,80,80,80,80,80,80,80,80,80,80,70,70,70,70,70,70,70,70,70,70,70,70,70],"card_choices":[{"not_picked":["Rampage","Perfected Strike"],"picked":"Pommel Strike","floor":1},{"not_picked":["Shrug It Off","Immolate","Bloodletting"],"picked":"SKIP","floor":3},{"not_picked":["Warcry","Dual Wield","Thunderclap"],"picked":"SKIP","floor":5},{"not_picked":["Entrench","Wild Strike","Carnage"],"picked":"SKIP","floor":7},{"not_picked":["Flame Barrier","Fire Breathing","Evolve"],"picked":"SKIP","floor":8},{"not_picked":["Twin Strike","Thunderclap"],"picked":"Clash","floor":10},{"not_picked":["Pommel Strike","Rupture"],"picked":"Pummel","floor":11},{"not_picked":["Anger","Thunderclap"],"picked":"Flex","floor":12},{"not_picked":["Impervious","Bludgeon"],"picked":"Demon Form","floor":16},{"not_picked":["Perfected Strike","True Grit","Shrug It Off"],"picked":"SKIP","floor":18},{"not_picked":["Evolve","Iron Wave","Cleave"],"picked":"SKIP","floor":21},{"not_picked":["Anger+1","Body Slam","Bloodletting"],"picked":"SKIP","floor":22},{"not_picked":["Whirlwind+1","Twin Strike"],"picked":"Pummel","floor":27},{"not_picked":["Headbutt+1","Evolve","Flex"],"picked":"SKIP","floor":29},{"not_picked":["Body Slam","Uppercut"],"picked":"Inflame+1","floor":31},{"not_picked":["Carnage+1","Metallicize+1"],"picked":"Battle Trance+1","floor":35},{"not_picked":["Wild Strike","Flex+1","Armaments+1"],"picked":"SKIP","floor":36},{"not_picked":["Iron Wave","Berserk"],"picked":"Inflame","floor":39},{"not_picked":["Blood for Blood+1","Cleave","Feel No Pain"],"picked":"SKIP","floor":41},{"not_picked":["Pommel Strike+1","Cleave","Iron Wave+1"],"picked":"SKIP","floor":46},{"not_picked":["Thunderclap+1","Rupture","Carnage+1"],"picked":"Heavy Blade+1","floor":48}],"player_experience":35330,"relics_obtained":[{"floor":9,"key":"Happy Flower"},{"floor":10,"key":"Oddly Smooth Stone"},{"floor":26,"key":"Anchor"},{"floor":27,"key":"MawBank"},{"floor":37,"key":"Gambling Chip"},{"floor":43,"key":"Bag of Preparation"},{"floor":46,"key":"Question Card"}],"event_choices":[{"cards_removed":["Defend_R"],"damage_healed":0,"gold_gain":0,"player_choice":"Purged","damage_taken":0,"max_hp_gain":0,"max_hp_loss":0,"event_name":"Purifier","floor":2,"gold_loss":0},{"damage_healed":0,"gold_gain":0,"player_choice":"Read","damage_taken":0,"max_hp_gain":0,"max_hp_loss":0,"event_name":"The Library","floor":19,"gold_loss":0,"cards_obtained":["Flex"]},{"cards_removed":["Bash"],"damage_healed":0,"gold_gain":0,"player_choice":"Single Remove","damage_taken":0,"max_hp_gain":0,"max_hp_loss":0,"event_name":"Designer","floor":20,"gold_loss":60},{"damage_healed":0,"gold_gain":0,"player_choice":"Copied","damage_taken":0,"max_hp_gain":0,"max_hp_loss":0,"event_name":"Duplicator","floor":24,"gold_loss":0,"cards_obtained":["Pummel"]},{"damage_healed":0,"gold_gain":0,"player_choice":"Fight","damage_taken":0,"max_hp_gain":0,"max_hp_loss":0,"event_name":"MindBloom","floor":37,"gold_loss":0},{"damage_healed":70,"gold_gain":0,"player_choice":"Heal","damage_taken":0,"max_hp_gain":0,"max_hp_loss":10,"event_name":"The Moai Head","floor":38,"gold_loss":0},{"cards_removed":["Inflame"],"damage_healed":0,"gold_gain":0,"player_choice":"Removed Power","damage_taken":0,"max_hp_gain":0,"max_hp_loss":0,"event_name":"Falling","floor":45,"gold_loss":0}],"is_beta":false,"boss_relics":[{"not_picked":["Fusion Hammer","Runic Cube"],"picked":"Runic Dome"},{"not_picked":["Sozu","Astrolabe"],"picked":"Velvet Choker"}],"items_purged_floors":[4,14,40],"is_endless":false,"potions_floor_spawned":[1,3,11,12,18,22,29,37,39,41],"ascension_level":0}}