{"host":"sav7uxregyirlf69","time":1614252529,"event":{"mods":["AchievementEnabler","BaseMod","Colored Map","DeckTracker","Keyboard Shortcuts","Minty Spire (QoL Compilation)","READ ME - Guardian Mod","StSLib","SuperFastMode","The Cursed"],"gold_per_floor":[119,136,211,211,231,263,283,283,310,323,355,375,375,375,375,475,475,493,510,46,57,107,107,138,149,149,2,19,19,51,61,61,163,163,179,196,196,196,215,215,244,244,316,36,61,61,79,96,96,96,96,96,20,51,51],"floor_reached":56,"language":"KOR","playtime":2727,"items_purged":["TheCursedMod:Strike_TheCursed","TheCursedMod:Strike_TheCursed"],"score":1254,"play_id":"96cb5378-af46-42f8-bce2-669851db0290","local_time":"20210225202849","is_ascension_mode":false,"campfire_choices":[{"data":"TheCursedMod:CircleOfWindfury","floor":8.0,"key":"SMITH"},{"data":"TheCursedMod:SpitefulPlan","floor":13.0,"key":"SMITH"},{"data":"TheCursedMod:StingEye","floor":15.0,"key":"SMITH"},{"data":"TheCursedMod:Neurasthenia","floor":23.0,"key":"SMITH"},{"floor":29.0,"key":"REST"},{"floor":32,"key":"REST"},{"floor":40,"key":"REST"},{"floor":49,"key":"RECALL"},{"data":"TheCursedMod:LuckyCharm","floor":52,"key":"SMITH"}],"circlet_count":0,"master_deck":["TheCursedMod:Strike_TheCursed","TheCursedMod:Defend_TheCursed","TheCursedMod:Defend_TheCursed","TheCursedMod:Defend_TheCursed","TheCursedMod:CursedWand","TheCursedMod:CleanUpWorkshop","TheCursedMod:Dregs","TheCursedMod:RapidMovement","TheCursedMod:Stigma","TheCursedMod:SpitefulPlan+1","TheCursedMod:StingEye+1","TheCursedMod:CircleOfWindfury+1","TheCursedMod:BlessingInDisguise","TheCursedMod:CursedAmulet","TheCursedMod:Stretching","TheCursedMod:UltimatePain","CurseOfTheBell","TheCursedMod:WearCloak","TheCursedMod:Stigma+1","TheCursedMod:Mangle+1","TheCursedMod:LuckyCharm+1","TheCursedMod:Neurasthenia+1","Finesse","TheCursedMod:VitalStrike+1","TheCursedMod:BloodBarrier+1","TheCursedMod:Torture","TheCursedMod:CollectTribute","TheCursedMod:SurpriseAttack+1","TheCursedMod:NeowsMight","TheCursedMod:LuckyCharm+1","TheCursedMod:PrepareRite+1","TheCursedMod:Hemoplague+1","TheCursedMod:CursedSpellbook","TheCursedMod:DemonSword+1","TheCursedMod:Grudge","TheCursedMod:SaltUponWound+1","TheCursedMod:HellfireBreathing+1"],"relics":["TheCursedMod:BlackMagic101","Bag of Preparation","Toy Ornithopter","Potion Belt","Calling Bell","Nunchaku","Molten Egg 2","Incense Burner","Matryoshka","Boot","Prayer Wheel","Membership Card","Tiny Chest","TheCursedMod:OminousMark","Thread and Needle","Art of War","TheCursedMod:Tack","Orrery","Omamori","Chemical X","Shuriken"],"acts_visited":["Exordium","TheCity","TheBeyond","TheEnding"],"potions_floor_usage":[39,39,48,50,50,50,50,50],"damage_taken":[{"damage":0.0,"enemies":"2 Louse","floor":1.0,"turns":3.0},{"damage":0.0,"enemies":"Cultist","floor":2.0,"turns":3.0},{"damage":0.0,"enemies":"Small Slimes","floor":5.0,"turns":3.0},{"damage":17.0,"enemies":"Lagavulin","floor":6.0,"turns":9.0},{"damage":11.0,"enemies":"Exordium Thugs","floor":7.0,"turns":5.0},{"damage":0.0,"enemies":"Blue Slaver","floor":10.0,"turns":5.0},{"damage":12.0,"enemies":"Gremlin Nob","floor":11.0,"turns":5.0},{"damage":0.0,"enemies":"3 Louse","floor":12.0,"turns":6.0},{"damage":5.0,"enemies":"The Guardian","floor":16.0,"turns":10.0},{"damage":0.0,"enemies":"Chosen","floor":18.0,"turns":5.0},{"damage":2.0,"enemies":"3 Byrds","floor":19.0,"turns":7.0},{"damage":9.0,"enemies":"Snake Plant","floor":21.0,"turns":4.0},{"damage":10.0,"enemies":"Book of Stabbing","floor":24.0,"turns":6.0},{"damage":10.0,"enemies":"Shelled Parasite and Fungi","floor":25.0,"turns":7.0},{"damage":20.0,"enemies":"3 Cultists","floor":28.0,"turns":6.0},{"damage":42.0,"enemies":"Gremlin Leader","floor":30.0,"turns":8.0},{"damage":0.0,"enemies":"Centurion and Healer","floor":31.0,"turns":5.0},{"damage":14,"enemies":"Automaton","floor":33,"turns":14},{"damage":20,"enemies":"3 Darklings","floor":35,"turns":9},{"damage":0,"enemies":"Orb Walker","floor":36,"turns":3},{"damage":58,"enemies":"4 Shapes","floor":39,"turns":6},{"damage":13,"enemies":"Giant Head","floor":41,"turns":10},{"damage":10,"enemies":"Sphere and 2 Shapes","floor":47,"turns":6},{"damage":1,"enemies":"Jaw Worm Horde","floor":48,"turns":4},{"damage":42,"enemies":"Time Eater","floor":50,"turns":11},{"damage":12,"enemies":"Shield and Spear","floor":54,"turns":6},{"damage":57,"enemies":"The Heart","floor":55,"turns":6}],"seed_played":"-1781873771110138293","potions_obtained":[{"floor":2.0,"key":"Weak Potion"},{"floor":6.0,"key":"PowerPotion"},{"floor":7.0,"key":"CultistPotion"},{"floor":18.0,"key":"AttackPotion"},{"floor":19.0,"key":"FearPotion"},{"floor":25.0,"key":"EssenceOfSteel"},{"floor":30.0,"key":"GamblersBrew"},{"floor":39,"key":"ColorlessPotion"},{"floor":41,"key":"DistilledChaos"},{"floor":46,"key":"Energy Potion"},{"floor":46,"key":"FearPotion"},{"floor":48,"key":"Regen Potion"}],"is_trial":false,"path_per_floor":["M","M","?","?","M","E","M","R","T","M","E","M","R","?","R","B",null,"M","M","$","M","?","R","E","M","T","$","M","R","E","M","R","B",null,"M","M","?","?","M","R","E","?","T","$","T","?","M","M","R","B",null,"R","$","E","B",null],"character_chosen":"THE_CURSED","items_purchased":["TheCursedMod:Mangle+1","TheCursedMod:LuckyCharm","TheCursedMod:Neurasthenia","Finesse","Membership Card","TheCursedMod:Tack","TheCursedMod:DemonSword+1","Orrery","Chemical X"],"campfire_rested":3,"item_purchase_floors":[20,20,20,20,27,44,44,44,53],"current_hp_per_floor":[75,75,64,64,64,47,36,36,36,41,34,34,34,34,34,29,75,75,73,73,64,64,64,54,44,44,44,29,51,9,9,31,17,75,55,55,55,55,7,28,15,15,15,15,15,15,5,9,9,7,71,71,71,59,2],"gold":51,"neow_bonus":"THREE_CARDS","is_daily":false,"chose_seed":false,"campfire_upgraded":5,"win_rate":0.0,"timestamp":1614252529,"path_taken":["M","M","?","?","M","E","M","R","T","M","E","?","R","?","R","BOSS","M","M","$","M","?","R","E","M","T","?","M","R","E","M","R","BOSS","M","M","?","?","M","R","E","?","T","$","?","?","?","M","R","BOSS","R","$","E","BOSS"],"items_purchased_type":["Card","Card","Card","Card","Relic","Relic","Card","Relic","Relic"],"build_version":"2020-12-22","purchased_purges":2,"victory":true,"max_hp_per_floor":[75,75,75,75,75,75,75,75,75,75,75,75,75,75,75,75,75,75,75,75,75,75,75,75,75,75,75,75,75,75,75,75,75,75,75,75,71,71,71,71,71,71,71,71,71,71,71,71,71,71,71,71,71,71,71],"card_choices":[{"not_picked":["TheCursedMod:CursedArmor","TheCursedMod:ReleasedStrength"],"picked":"TheCursedMod:RapidMovement","floor":0.0},{"not_picked":["TheCursedMod:SmokeScreen","TheCursedMod:SpitefulStrike"],"picked":"TheCursedMod:Stigma","floor":1.0},{"not_picked":["TheCursedMod:ReleasedStrength","TheCursedMod:HellfireBreathing"],"picked":"TheCursedMod:SpitefulPlan","floor":2.0},{"not_picked":["TheCursedMod:FleshFromBone","TheCursedMod:BlessingInDisguise"],"picked":"TheCursedMod:StingEye","floor":5.0},{"not_picked":["TheCursedMod:Wield","TheCursedMod:RavingStaff"],"picked":"TheCursedMod:CircleOfWindfury","floor":6.0},{"not_picked":["TheCursedMod:WearCloak","TheCursedMod:SpitefulPlan"],"picked":"TheCursedMod:BlessingInDisguise","floor":7.0},{"not_picked":["TheCursedMod:Wield","TheCursedMod:WearCloak"],"picked":"TheCursedMod:CursedAmulet","floor":10.0},{"not_picked":["TheCursedMod:HellfireBreathing","TheCursedMod:CursedRelics"],"picked":"TheCursedMod:Stretching","floor":11.0},{"not_picked":["TheCursedMod:CursedMace","TheCursedMod:CursedAmulet","TheCursedMod:RavingStaff"],"picked":"SKIP","floor":12.0},{"not_picked":["TheCursedMod:ManaCirculation","TheCursedMod:VoidForm"],"picked":"TheCursedMod:UltimatePain","floor":16.0},{"not_picked":["TheCursedMod:FleshFromBone","TheCursedMod:RapidMovement"],"picked":"TheCursedMod:WearCloak","floor":18.0},{"not_picked":["TheCursedMod:SurpriseAttack+1","TheCursedMod:BloodBarrier"],"picked":"TheCursedMod:Stigma+1","floor":19.0},{"not_picked":["TheCursedMod:TacticalStrike+1","TheCursedMod:Obscuration","TheCursedMod:CircleOfCorruption"],"picked":"SKIP","floor":21.0},{"not_picked":["TheCursedMod:WearCloak","TheCursedMod:CircleOfFocus"],"picked":"TheCursedMod:VitalStrike+1","floor":24.0},{"not_picked":["TheCursedMod:Wield+1","TheCursedMod:UltimatePain"],"picked":"TheCursedMod:BloodBarrier+1","floor":25.0},{"not_picked":["TheCursedMod:Mangle+1","TheCursedMod:Wield+1"],"picked":"TheCursedMod:Torture","floor":28.0},{"not_picked":["TheCursedMod:CursedAmulet+1","TheCursedMod:TacticalStrike+1","TheCursedMod:CircleOfCorruption"],"picked":"SKIP","floor":28.0},{"not_picked":["TheCursedMod:BloodBarrier","TheCursedMod:Hemoplague+1"],"picked":"TheCursedMod:CollectTribute","floor":30.0},{"not_picked":["TheCursedMod:SmokeScreen","TheCursedMod:CursedMace+1"],"picked":"TheCursedMod:SurpriseAttack+1","floor":31},{"not_picked":["TheCursedMod:FleshFromBone","TheCursedMod:CursedStaff+1","TheCursedMod:RapidMovement+1"],"picked":"SKIP","floor":31},{"not_picked":["TheCursedMod:Neurasthenia","TheCursedMod:VoidForm"],"picked":"TheCursedMod:NeowsMight","floor":33},{"not_picked":["TheCursedMod:Torture","TheCursedMod:SmokeScreen"],"picked":"TheCursedMod:LuckyCharm+1","floor":35},{"not_picked":["TheCursedMod:FleshFromBone+1","TheCursedMod:SpitefulPray","TheCursedMod:RavingStaff+1"],"picked":"SKIP","floor":35},{"not_picked":["TheCursedMod:StingEye+1","TheCursedMod:VitalStrike+1"],"picked":"TheCursedMod:PrepareRite+1","floor":36},{"not_picked":["TheCursedMod:Stigma+1","TheCursedMod:CursedMace+1","TheCursedMod:FuryStrike+1"],"picked":"SKIP","floor":36},{"not_picked":["TheCursedMod:CursedSpellbook","TheCursedMod:StingEye+1"],"picked":"TheCursedMod:Hemoplague+1","floor":39},{"not_picked":["TheCursedMod:BloodBarrier+1","TheCursedMod:CursedAmulet"],"picked":"TheCursedMod:CursedSpellbook","floor":39},{"not_picked":["TheCursedMod:SpitefulPlan","TheCursedMod:CursedBlade+1","TheCursedMod:StingEye+1"],"picked":"SKIP","floor":41},{"not_picked":["TheCursedMod:TacticalStrike+1","TheCursedMod:CircleOfFlame+1"],"picked":"TheCursedMod:Grudge","floor":44},{"not_picked":["TheCursedMod:DemonSword+1","TheCursedMod:Stigma+1"],"picked":"TheCursedMod:SaltUponWound+1","floor":47},{"not_picked":["TheCursedMod:CursedAmulet","TheCursedMod:Torture","TheCursedMod:BloodBarrier+1"],"picked":"SKIP","floor":47},{"not_picked":["TheCursedMod:SpitefulStrike+1","TheCursedMod:SurpriseAttack+1"],"picked":"TheCursedMod:HellfireBreathing+1","floor":48},{"not_picked":["TheCursedMod:SoulReap+1","TheCursedMod:SmokeScreen+1","TheCursedMod:RavingStaff+1"],"picked":"SKIP","floor":48},{"not_picked":["TheCursedMod:Wield+1","TheCursedMod:CircleOfFlame+1","TheCursedMod:SurpriseAttack+1"],"picked":"SKIP","floor":54}],"player_experience":1700011,"relics_obtained":[{"floor":6.0,"key":"Bag of Preparation"},{"floor":9.0,"key":"Toy Ornithopter"},{"floor":11.0,"key":"Potion Belt"},{"floor":17.0,"key":"Nunchaku"},{"floor":17.0,"key":"Molten Egg 2"},{"floor":17.0,"key":"Incense Burner"},{"floor":24.0,"key":"Matryoshka"},{"floor":26.0,"key":"Boot"},{"floor":26.0,"key":"Prayer Wheel"},{"floor":30.0,"key":"Tiny Chest"},{"floor":41,"key":"Thread and Needle"},{"floor":43,"key":"Art of War"},{"floor":45,"key":"Omamori"},{"floor":54,"key":"Shuriken"}],"event_choices":[{"damage_healed":0.0,"max_hp_gain":0.0,"max_hp_loss":0.0,"gold_gain":75.0,"event_name":"World of Goop","player_choice":"Gather Gold","floor":3.0,"gold_loss":0.0,"damage_taken":11.0},{"cards_removed":["TheCursedMod:Strike_TheCursed"],"damage_healed":0.0,"max_hp_gain":0.0,"max_hp_loss":0.0,"gold_gain":0.0,"event_name":"Bonfire Elementals","player_choice":"Offered Basic","floor":4.0,"gold_loss":0.0,"damage_taken":0.0},{"damage_healed":0.0,"max_hp_gain":0.0,"max_hp_loss":0.0,"gold_gain":0.0,"event_name":"Match and Keep!","player_choice":"0 cards matched","floor":14.0,"gold_loss":0.0,"damage_taken":0.0,"cards_obtained":[]},{"damage_healed":0.0,"max_hp_gain":0.0,"max_hp_loss":0.0,"gold_gain":100.0,"event_name":"The Joust","player_choice":"Bet on Murderer","floor":22.0,"gold_loss":50.0,"damage_taken":0.0},{"damage_healed":0,"gold_gain":0,"player_choice":"Max HP","damage_taken":0,"max_hp_gain":0,"max_hp_loss":4,"event_name":"Winding Halls","floor":37,"gold_loss":0},{"cards_removed":["TheCursedMod:Defend_TheCursed"],"damage_healed":0,"gold_gain":0,"player_choice":"Removed Skill","damage_taken":0,"max_hp_gain":0,"max_hp_loss":0,"event_name":"Falling","floor":38,"gold_loss":0},{"damage_healed":0,"gold_gain":0,"player_choice":"Ignored","damage_taken":0,"max_hp_gain":0,"max_hp_loss":0,"event_name":"SecretPortal","floor":42,"gold_loss":0},{"damage_healed":0,"gold_gain":0,"player_choice":"Got Potions","damage_taken":0,"max_hp_gain":0,"max_hp_loss":0,"event_name":"Lab","floor":46,"gold_loss":0}],"is_beta":false,"boss_relics":[{"not_picked":["Runic Dome","Snecko Eye"],"picked":"Calling Bell"},{"not_picked":["Coffee Dripper","Runic Pyramid"],"picked":"TheCursedMod:OminousMark"}],"items_purged_floors":[20,44],"is_endless":false,"potions_floor_spawned":[2,6,7,18,19,25,30,39,41,48],"ascension_level":0}}