{"host":"c20l7aft63881q3y","time":1614255121,"event":{"mods":["Act Like it!","BaseMod","Colored Powertips","Downfall","Gensokyo","Hallownest","LagranYue(拉格朗・月)","Marisa（F雨　魔理沙）","Minty Spire (QoL Compilation)","Remilia（蕾米莉亚）","Replay The Spire","StSLib","The Animator","The Bug Knight","The Servant 0.9.4","Waifu the Spire","WarShipGirlsR/战舰少女R mod","Youmu（魂魄妖梦）"],"gold_per_floor":[112,112,112,130,142,169,179,73,96,115,43,55,67,85,85,85,85,85,85],"floor_reached":18,"language":"ZHS","playtime":1008,"items_purged":[],"score":116,"play_id":"db39ae19-31bb-42af-939d-a79cb5c29c95","local_time":"20210225201201","is_ascension_mode":false,"campfire_choices":[{"floor":17,"key":"RECALL"}],"circlet_count":0,"master_deck":["Strike_S","Strike_S","Strike_S","Defend_S","Defend_S","Defend_S","Defend_S","KidneyShot+1","Exchange","Ricochet","MurderousAura","SurpressingFire","DoubleEdge","Unruled","Ricochet","SilverBlades","ShiftingGears","ReturningBlade","Luminosity","Reset","Spin","Collapse"],"relics":["Uniform","LagranYue:RandomDrawCardRelic","NeowsBlessing","Juzu Bracelet"],"acts_visited":["Exordium"],"potions_floor_usage":[6,6,13,13,18],"damage_taken":[{"damage":0,"enemies":"Cultist","floor":1,"turns":1},{"damage":0,"enemies":"2 Louse","floor":4,"turns":1},{"damage":0,"enemies":"Small Slimes","floor":5,"turns":1},{"damage":10,"enemies":"3 Sentries","floor":6,"turns":5},{"damage":15,"enemies":"Looter","floor":7,"turns":2},{"damage":10,"enemies":"Large Slime","floor":10,"turns":4},{"damage":26,"enemies":"Lots of Slimes","floor":12,"turns":4},{"damage":0,"enemies":"Blue Slaver","floor":13,"turns":1},{"damage":1,"enemies":"2 Fungi Beasts","floor":14,"turns":2},{"damage":15,"enemies":"Fading Forest","floor":18,"turns":4}],"seed_played":"-2011177402305188079","potions_obtained":[{"floor":4,"key":"Fire Potion"},{"floor":5,"key":"Fire Potion"},{"floor":6,"key":"Fire Potion"},{"floor":7,"key":"SteroidPotion"},{"floor":12,"key":"LiquidBronze"}],"is_trial":false,"path_per_floor":["M","?","?","M","M","E","M","$","T","M","$","M","M","M","PTL","PTL","R","B"],"character_chosen":"THE_SERVANT","items_purchased":["SilverBlades","ShiftingGears","Luminosity"],"campfire_rested":0,"item_purchase_floors":[8,8,11],"current_hp_per_floor":[65,65,65,65,65,55,40,40,40,30,30,4,4,3,3,3,3,0,0],"gold":85,"neow_bonus":"THREE_ENEMY_KILL","is_daily":false,"chose_seed":false,"campfire_upgraded":0,"win_rate":0.0,"timestamp":1614255121,"path_taken":["M","?","?","?","M","E","M","$","T","M","?","M","M","M","PTL","PTL","R","BOSS"],"items_purchased_type":["Card","Card","Card"],"build_version":"2020-12-22","purchased_purges":0,"victory":false,"max_hp_per_floor":[65,65,65,65,65,65,65,65,65,65,65,65,65,65,65,65,65,65,65],"card_choices":[{"not_picked":["Potential","Reset"],"picked":"Ricochet","floor":1},{"not_picked":["Shuttle","Replace"],"picked":"SurpressingFire","floor":4},{"not_picked":["BottledTime","DualDimension"],"picked":"DoubleEdge","floor":5},{"not_picked":["BottledTime","Potential"],"picked":"Unruled","floor":6},{"not_picked":["BottledTime","Alleviate"],"picked":"Ricochet","floor":7},{"not_picked":["DoubleEdge","WasteNot"],"picked":"ReturningBlade","floor":10},{"not_picked":["ShiftingGears","GearUp"],"picked":"Reset","floor":12},{"not_picked":["ShatteredReality","TimeWarp"],"picked":"Spin","floor":13},{"not_picked":["Spin","Unruled"],"picked":"Collapse","floor":14}],"player_experience":11748,"relics_obtained":[{"floor":6,"key":"Juzu Bracelet"}],"event_choices":[{"damage_healed":0,"gold_gain":0,"player_choice":"Grow","damage_taken":0,"max_hp_gain":0,"max_hp_loss":0,"event_name":"Living Wall","floor":2,"gold_loss":0,"cards_upgraded":["KidneyShot"]},{"damage_healed":0,"gold_gain":0,"cards_transformed":["Strike_S"],"player_choice":"Transformed","damage_taken":0,"max_hp_gain":0,"max_hp_loss":0,"event_name":"Transmorgrifier","floor":3,"gold_loss":0,"cards_obtained":["MurderousAura"]}],"is_beta":false,"boss_relics":[],"items_purged_floors":[],"is_endless":false,"potions_floor_spawned":[4,5,6,7,12],"killed_by":"Fading Forest","ascension_level":0}}