{"host":"og21o26alpnbwmz8","time":1614262378,"event":{"mods":["2.2 Compatiblity","Act Like it!","Aspiration","BaseMod","Conspire","Downfall","Gensokyo","Halation","Hermit","Hubris","Jedi Mod","Mimic Mod","Minty Spire (QoL Compilation)","Pale of the Ancients","Reliquary","Replay The Spire","Shop Mod","Spikes Relics","StSLib","The Alterego","The Animator","The Blue Laboratory","The Bug Knight","The Clintock","The Construct","Waifu the Spire","Yuri Mod"],"gold_per_floor":[112,112,72,88,102,102,135,135,135,135,135,151,151,167,167,272,272,292,310,310,325,340,340,340,340,340,104,4,14,14,30,30,126,126,144,144,158,33,47,47,61,61,61,88,88,104,130,130,130,130,130,130,130,165,165,165],"floor_reached":55,"language":"ENG","playtime":1836,"items_purged":["construct:Strike_Gold+1","construct:Strike_Gold+1","construct:AttackMode"],"score":727,"play_id":"2088191f-654c-4af8-9480-5ef452d6edbc","local_time":"20210225091258","is_ascension_mode":false,"campfire_choices":[{"data":"construct:FlameCore","floor":6,"key":"SMITH"},{"data":"construct:FlameCore+1","floor":8,"key":"SMITH"},{"data":"construct:Autoturret+1","floor":11,"key":"SMITH"},{"data":"construct:Autoturret","floor":13,"key":"SMITH"},{"data":"construct:Autoturret+1","floor":15,"key":"SMITH"},{"data":"construct:PointDefense+1","floor":23,"key":"SMITH"},{"data":"construct:FlameCore+1","floor":32,"key":"SMITH"},{"floor":40,"key":"RECALL"},{"data":"construct:Enhance+1","floor":42,"key":"SMITH"},{"data":"construct:DefenseMode","floor":49,"key":"SMITH"},{"data":"construct:DefenseMode+1","floor":52,"key":"SMITH"}],"circlet_count":0,"master_deck":["construct:Strike_Gold+1","construct:Strike_Gold+1","construct:Strike_Gold+1","construct:Defend_Gold+1","construct:Defend_Gold+1","construct:Defend_Gold+1","construct:Defend_Gold+1","construct:Defend_Gold+1","construct:DefenseMode+2","construct:FlameCore+2","construct:Autoturret+2","construct:LaserCore+2","construct:Autoturret+2","construct:PointDefense+2","construct:HardReboot+1","construct:FlameCore+2","Deep Breath+1","construct:Failsafe+1","construct:Enhance+2","construct:HardReboot+1"],"relics":["construct:ClockworkPhoenix","NeowsBlessing","Toxic Egg 2","reliquary:SilkGlove","Coffee Dripper","Anchor","reliquary:Vitrine","Cursed Key","Replay:Towering Pillar of Hats","Question Card","Slimebound:PreparedRelic"],"acts_visited":["Exordium","TheCity","TheBeyond","TheEnding"],"potions_floor_usage":[12],"damage_taken":[{"damage":0,"enemies":"Small Slimes","floor":1,"turns":1},{"damage":0,"enemies":"2 Louse","floor":4,"turns":1},{"damage":0,"enemies":"Cultist","floor":5,"turns":1},{"damage":17,"enemies":"3 Sentries","floor":7,"turns":13},{"damage":8,"enemies":"Gremlin Gang","floor":12,"turns":4},{"damage":1,"enemies":"2 Fungi Beasts","floor":14,"turns":3},{"damage":35,"enemies":"Slime Boss","floor":16,"turns":6},{"damage":3,"enemies":"Shell Parasite","floor":18,"turns":4},{"damage":13,"enemies":"3 Byrds","floor":19,"turns":5},{"damage":23,"enemies":"Snecko","floor":21,"turns":6},{"damage":26,"enemies":"Cultist and Chosen","floor":22,"turns":6},{"damage":0,"enemies":"Centurion and Healer","floor":29,"turns":4},{"damage":0,"enemies":"Sentry and Sphere","floor":31,"turns":4},{"damage":2,"enemies":"Pondfish","floor":33,"turns":5},{"damage":0,"enemies":"Orb Walker","floor":35,"turns":3},{"damage":0,"enemies":"3 Darklings","floor":37,"turns":6},{"damage":11,"enemies":"Jaw Worm Horde","floor":39,"turns":5},{"damage":2,"enemies":"Spire Growth","floor":41,"turns":5},{"damage":40,"enemies":"Reptomancer","floor":44,"turns":5},{"damage":0,"enemies":"Transient","floor":46,"turns":5},{"damage":7,"enemies":"Nemesis","floor":47,"turns":5},{"damage":0,"enemies":"Donu and Deca","floor":50,"turns":6},{"damage":8,"enemies":"Shield and Spear","floor":54,"turns":6},{"damage":81,"enemies":"The Heart","floor":55,"turns":3}],"seed_played":"4651262509334725392","potions_obtained":[{"floor":1,"key":"Strength Potion"},{"floor":5,"key":"Milkshake"},{"floor":7,"key":"blueLaboratory:FruitPunch"},{"floor":18,"key":"blueLaboratory:ImpenetrablePotion"},{"floor":21,"key":"blueLaboratory:Moonshine"}],"is_trial":false,"path_per_floor":["M","?","$","M","M","R","E","R","T","?","R","M","R","M","R","B",null,"M","M","?","M","M","R","?","?","T","$","$","M","$","M","R","B",null,"M","?","M","$","M","R","M","R","T","E","$","M","E","?","R","B",null,"R","$","E","B"],"character_chosen":"THE_CONSTRUCT_MOD","items_purchased":["construct:Autoturret+1","construct:FlameCore+1","Deep Breath+1"],"campfire_rested":0,"item_purchase_floors":[3,27,27],"current_hp_per_floor":[85,85,85,85,85,85,68,68,68,68,68,62,62,61,61,26,87,84,71,71,48,22,22,22,22,22,22,22,22,22,22,22,20,87,87,87,87,87,76,76,74,74,74,34,34,34,27,27,27,27,87,87,87,79,0,0],"gold":165,"neow_bonus":"THREE_ENEMY_KILL","is_daily":false,"chose_seed":false,"campfire_upgraded":10,"win_rate":0.0,"timestamp":1614262378,"path_taken":["M","?","$","M","M","R","E","R","T","?","R","M","R","M","R","BOSS","M","M","?","?","M","R","?","?","T","?","$","M","$","M","R","BOSS","M","?","M","$","M","R","M","R","T","E","$","M","E","?","R","BOSS","R","$","E","BOSS"],"items_purchased_type":["Card","Card","Card"],"build_version":"2020-12-22","purchased_purges":3,"victory":false,"max_hp_per_floor":[85,85,85,85,85,85,85,85,85,85,85,87,87,87,87,87,87,87,87,87,87,87,87,87,87,87,87,87,87,87,87,87,87,87,87,87,87,87,87,87,87,87,87,87,87,87,87,87,87,87,87,87,87,87,87,87],"card_choices":[{"not_picked":["construct:Failsafe","construct:SaveState"],"picked":"construct:FlameCore","floor":1},{"not_picked":["construct:FocusedBeam","construct:Electrocute","construct:Missile"],"picked":"SKIP","floor":4},{"not_picked":["construct:OmegaCannon","construct:PhosphorStorm","construct:Accumulate"],"picked":"SKIP","floor":5},{"not_picked":["construct:Afterburners+1","construct:ScrapCannon"],"picked":"construct:LaserCore+1","floor":7},{"not_picked":["construct:ModeShift+1","construct:Anticipate+1"],"picked":"construct:Autoturret","floor":12},{"not_picked":["construct:FlakBarrage","construct:ChargeShot","construct:Disrupt+1"],"picked":"SKIP","floor":14},{"not_picked":["construct:CriticalHit","construct:UnbalancingBlast"],"picked":"construct:PointDefense+1","floor":18},{"not_picked":["construct:ScrapCannon","ReplayTheSpireMod:Mirror System+1","construct:HeavyBolt"],"picked":"SKIP","floor":19},{"not_picked":["construct:Autoturret","construct:Boost+1","construct:Agitation+1"],"picked":"SKIP","floor":21},{"not_picked":["construct:MassProduction+1","construct:Missile+1"],"picked":"construct:HardReboot+1","floor":22},{"not_picked":["construct:Forcefield+1","construct:Hazardproof+1","construct:FocusedBeam"],"picked":"SKIP","floor":29},{"not_picked":["construct:FierceBash","construct:HeavyBolt","construct:Forcefield+1"],"picked":"SKIP","floor":31},{"not_picked":["construct:Disrupt+1","construct:SyphonStrike"],"picked":"construct:Failsafe+1","floor":35},{"not_picked":["construct:Overcharge+1","construct:SuppressiveFire+1","construct:MetalShell+1"],"picked":"SKIP","floor":37},{"not_picked":["construct:Autoturret","construct:SyphonStrike+1","construct:FierceBash"],"picked":"SKIP","floor":39},{"not_picked":["construct:PowerUp","construct:FocusedBeam"],"picked":"construct:Enhance+1","floor":41},{"not_picked":["construct:Analyze+1","construct:Implosion+1","construct:VentSteam+1"],"picked":"SKIP","floor":44},{"not_picked":["construct:SaveState+1","construct:HeavyBolt+1"],"picked":"construct:HardReboot+1","floor":46},{"not_picked":["construct:CreateCores+1","construct:Backfire","construct:SpinDrive"],"picked":"SKIP","floor":47},{"not_picked":["construct:SyphonStrike","construct:PowerUp+1","construct:Overcharge","construct:HyperBeam"],"picked":"SKIP","floor":54}],"player_experience":459171,"relics_obtained":[{"floor":7,"key":"reliquary:SilkGlove"},{"floor":26,"key":"reliquary:Vitrine"},{"floor":44,"key":"Replay:Towering Pillar of Hats"},{"floor":47,"key":"Question Card"},{"floor":54,"key":"Slimebound:PreparedRelic"}],"event_choices":[{"damage_healed":0,"gold_gain":0,"player_choice":"Forge","damage_taken":0,"max_hp_gain":0,"max_hp_loss":0,"event_name":"Accursed Blacksmith","floor":10,"gold_loss":0,"cards_upgraded":["construct:LaserCore"]},{"damage_healed":0,"gold_gain":0,"player_choice":"Gave Potion","damage_taken":0,"relics_obtained":["Anchor"],"max_hp_gain":0,"max_hp_loss":0,"event_name":"WeMeetAgain","floor":20,"gold_loss":0},{"damage_healed":0,"gold_gain":0,"player_choice":"Ignored","damage_taken":0,"max_hp_gain":0,"max_hp_loss":0,"event_name":"Cursed Tome","floor":24,"gold_loss":0},{"damage_healed":0,"gold_gain":0,"player_choice":"Simplicity","damage_taken":0,"max_hp_gain":0,"max_hp_loss":0,"event_name":"Back to Basics","floor":25,"gold_loss":0,"cards_upgraded":["construct:Strike_Gold","construct:Strike_Gold","construct:Strike_Gold","construct:Strike_Gold","construct:Strike_Gold","construct:Defend_Gold","construct:Defend_Gold","construct:Defend_Gold","construct:Defend_Gold","construct:Defend_Gold"]},{"damage_healed":0,"gold_gain":0,"player_choice":"Ignored","damage_taken":0,"max_hp_gain":0,"max_hp_loss":0,"event_name":"Mysterious Sphere","floor":36,"gold_loss":0},{"damage_healed":0,"gold_gain":0,"player_choice":"Memory 1","damage_taken":0,"max_hp_gain":0,"max_hp_loss":0,"event_name":"SensoryStone","floor":48,"gold_loss":0}],"is_beta":false,"boss_relics":[{"not_picked":["hubris:Backtick","construct:WeddingRing"],"picked":"Coffee Dripper"},{"not_picked":["reliquary:Craggleroot","Pandora\u0027s Box"],"picked":"Cursed Key"}],"items_purged_floors":[27,28,38],"is_endless":false,"potions_floor_spawned":[1,5,7,18,21,39,47,54],"killed_by":"The Heart","ascension_level":0}}