{"host":"kvq1t47bkvtg8ho9","time":1614265508,"event":{"mods":["Act Like it!","Aspiration","Bard","BaseMod","Beaked The Cultist","Better Sensory Stone","Better Third Choice","BetterRewards","Bossed Relics","CapriCore","Clockwork Mod","Colored Map","Conspire","Downfall","Energized Spire","Evolution","Friendly Minions","Hermit","HexUI Lib","Highlight Path","Hubris","Infinite Spire","JesterMod","Minty Spire (QoL Compilation)","READ ME - Guardian Mod","Relic Stats","Reliquary","Ruina","Shade Mod","Somnambulant","Spire Arcade","StSLib","The Bladedancer","The Bug Knight","The Cursed","The Death Knight","The Disciple","The Forsaken","The Hierophant","The Immortal","The Jungle","The Marked","The Necromancer","The Runesmith","TheVacant"],"gold_per_floor":[99,99,99,99,99,8,55,55,55,55],"floor_reached":9,"language":"ENG","playtime":434,"items_purged":[],"score":45,"play_id":"6443415d-4b98-4c6f-9208-e306c835d1f4","local_time":"20210225100508","is_ascension_mode":false,"campfire_choices":[{"data":"beaked:Ceremony","floor":1,"key":"SMITH"},{"data":"beaked:BraceForImpact","floor":8,"key":"SMITH"}],"circlet_count":0,"master_deck":["beaked:Strike_Y","beaked:Strike_Y","beaked:Strike_Y","beaked:Strike_Y","beaked:Strike_Y","beaked:Defend_Y","beaked:Defend_Y","beaked:Defend_Y","beaked:Defend_Y","beaked:Ceremony","beaked:Ceremony","beaked:Ceremony+1","beaked:Brace","beaked:BraceForImpact+1","beaked:Resilience","beaked:WildInstinct","beaked:Insight","beaked:Flinch"],"relics":["beaked:MendingPlumage","EVO:Axolotl","downfall:HeartsMalice","aspiration:ChemicalBlood"],"acts_visited":["Exordium"],"potions_floor_usage":[],"damage_taken":[{"damage":0,"enemies":"Small Slimes","floor":2,"turns":1},{"damage":0,"enemies":"Cultist","floor":4,"turns":1},{"damage":0,"enemies":"Jaw Worm","floor":5,"turns":1},{"damage":0,"enemies":"downfall:FleeingMerchant","floor":6,"turns":4},{"damage":73,"enemies":"Gremlin Nob","floor":9,"turns":6}],"seed_played":"1084860618411165917","potions_obtained":[],"is_trial":false,"path_per_floor":["R","M","?","M","M","$","T","R","E"],"character_chosen":"BEAKED_THE_CULTIST","items_purchased":["beaked:Insight","beaked:Flinch"],"campfire_rested":0,"item_purchase_floors":[6,6],"current_hp_per_floor":[50,50,50,50,50,50,50,50,0,0],"gold":55,"neow_bonus":"THREE_ENEMY_KILL","is_daily":false,"chose_seed":false,"campfire_upgraded":2,"win_rate":0.0,"timestamp":1614265508,"path_taken":["R","M","?","M","?","?","T","R","E"],"items_purchased_type":["Card","Card"],"build_version":"2020-12-22","purchased_purges":0,"victory":false,"max_hp_per_floor":[50,50,50,50,50,50,50,50,50,50],"relic_stats":{"counters":[5,10],"obtain_stats":[{"downfall:HeartsMalice":0,"EVO:Axolotl":0,"beaked:MendingPlumage":0,"aspiration:ChemicalBlood":7},{"downfall:HeartsMalice":0,"EVO:Axolotl":0,"beaked:MendingPlumage":0,"aspiration:ChemicalBlood":4},{"downfall:HeartsMalice":0,"EVO:Axolotl":0,"beaked:MendingPlumage":0,"aspiration:ChemicalBlood":4}]},"card_choices":[{"not_picked":["beaked:Overexert","beaked:Tweet"],"picked":"beaked:Brace","floor":2},{"not_picked":["beaked:DigDeep","beaked:Tradeoff"],"picked":"beaked:BraceForImpact","floor":4},{"not_picked":["beaked:Brace","beaked:Redirect"],"picked":"beaked:Resilience","floor":5},{"not_picked":["beaked:WarriorSpirit","beaked:ShadowFade"],"picked":"beaked:WildInstinct","floor":6}],"player_experience":874269,"relics_obtained":[{"floor":7,"key":"aspiration:ChemicalBlood"}],"event_choices":[{"cards_removed":["beaked:Strike_Y"],"damage_healed":0,"gold_gain":0,"player_choice":"Offered Basic","damage_taken":0,"max_hp_gain":0,"max_hp_loss":0,"event_name":"Bonfire Elementals","floor":3,"gold_loss":0}],"is_beta":false,"boss_relics":[],"items_purged_floors":[],"is_endless":false,"potions_floor_spawned":[],"killed_by":"Gremlin Nob","ascension_level":0}}