{"host":"rkc66x5lvwcew90n","time":1614292447,"event":{"mods":["BaseMod","Hermit","Minty Spire (QoL Compilation)","StSLib","SuperFastMode"],"gold_per_floor":[117,117,136,136,151,190,190,42,110,110,134,153,44,57,57,188,188,204,164,180,194,194,194,194,208,233,233,253,45,45,58,58,182,182,221,33,58,391,417,417,441,441,516,536,536,553,0,15,15,15,15],"floor_reached":50,"language":"ENG","playtime":3022,"items_purged":["Regret"],"score":496,"play_id":"1dcdaf9a-145e-4607-99dc-1588361f504e","local_time":"20210225143407","is_ascension_mode":false,"campfire_choices":[{"floor":7,"key":"REST"},{"floor":15,"key":"REST"},{"floor":23,"key":"REST"},{"floor":30,"key":"REST"},{"floor":32,"key":"REST"},{"floor":40,"key":"REST"},{"floor":42,"key":"REST"},{"floor":45,"key":"REST"},{"floor":49,"key":"REST"}],"circlet_count":0,"master_deck":["hermit:Strike_Hermit+1","hermit:Strike_Hermit+1","hermit:Strike_Hermit+1","hermit:Strike_Hermit+1","hermit:Defend_Hermit+1","hermit:Defend_Hermit+1","hermit:Defend_Hermit+1","hermit:Defend_Hermit+1","hermit:Snapshot+1","hermit:Covet+1","hermit:Deadeye","hermit:TakeAim+1","hermit:Enervate","hermit:Enervate","hermit:Brawl","hermit:CalledShot","hermit:BigShot+1","hermit:Enervate","hermit:Deadeye","hermit:Horror","hermit:Feint","Necronomicurse","hermit:Deadeye","hermit:Malice+1","hermit:GhostlyPresence","Madness","hermit:DeadOrAlive","hermit:BigShot+1","hermit:Deadeye","hermit:Quickdraw+1","hermit:TrackingShot"],"relics":["Runic Pyramid","Blood Vial","Frozen Egg 2","Ancient Tea Set","Runic Dome","Necronomicon","War Paint","Potion Belt","Fusion Hammer","Bag of Preparation","Centennial Puzzle","Letter Opener","Red Mask"],"acts_visited":["Exordium","TheCity","TheBeyond"],"potions_floor_usage":[6,6,31,33,33,33,37,37,48,50],"damage_taken":[{"damage":9,"enemies":"2 Louse","floor":1,"turns":3},{"damage":1,"enemies":"Jaw Worm","floor":3,"turns":2},{"damage":2,"enemies":"Small Slimes","floor":5,"turns":3},{"damage":8,"enemies":"3 Sentries","floor":6,"turns":6},{"damage":6,"enemies":"Gremlin Gang","floor":11,"turns":4},{"damage":8,"enemies":"3 Louse","floor":12,"turns":3},{"damage":1,"enemies":"Exordium Wildlife","floor":14,"turns":3},{"damage":48,"enemies":"The Guardian","floor":16,"turns":8},{"damage":15,"enemies":"2 Thieves","floor":18,"turns":4},{"damage":5,"enemies":"Spheric Guardian","floor":20,"turns":3},{"damage":11,"enemies":"Cultist and Chosen","floor":21,"turns":6},{"damage":22,"enemies":"Snake Plant","floor":25,"turns":4},{"damage":11,"enemies":"Snecko","floor":28,"turns":4},{"damage":0,"enemies":"Chosen and Byrds","floor":31,"turns":3},{"damage":69,"enemies":"Collector","floor":33,"turns":8},{"damage":2,"enemies":"Orb Walker","floor":35,"turns":2},{"damage":8,"enemies":"3 Darklings","floor":37,"turns":4},{"damage":23,"enemies":"Jaw Worm Horde","floor":39,"turns":3},{"damage":7,"enemies":"Maw","floor":44,"turns":6},{"damage":6,"enemies":"Transient","floor":46,"turns":5},{"damage":27,"enemies":"3 Darklings","floor":48,"turns":4},{"damage":70,"enemies":"Time Eater","floor":50,"turns":6}],"seed_played":"4707339030361110480","potions_obtained":[{"floor":3,"key":"Block Potion"},{"floor":5,"key":"Strength Potion"},{"floor":11,"key":"SkillPotion"},{"floor":14,"key":"DuplicationPotion"},{"floor":18,"key":"hermit:BlackBile"},{"floor":33,"key":"Fire Potion"},{"floor":35,"key":"Energy Potion"},{"floor":39,"key":"Block Potion"},{"floor":48,"key":"hermit:Tonic"}],"is_trial":false,"path_per_floor":["M","?","M","?","M","E","R","$","T","?","M","M","$","M","R","B",null,"M","?","M","M","?","R","T","M","T","?","M","$","R","M","R","B",null,"M","$","M","?","M","R","T","R","T","M","R","M","?","M","R","B"],"character_chosen":"HERMIT","items_purchased":["hermit:Enervate","hermit:Brawl","hermit:Enervate","hermit:GhostlyPresence","Fire Potion","Madness","Bag of Preparation","hermit:Deadeye"],"campfire_rested":9,"item_purchase_floors":[8,8,13,29,29,29,36,36],"current_hp_per_floor":[66,51,50,32,30,22,44,44,44,44,40,34,34,35,57,11,75,60,60,57,48,32,54,54,34,34,34,25,25,47,49,71,4,75,73,73,67,67,46,68,68,75,75,68,75,69,69,44,66,0,0],"gold":15,"neow_bonus":"BOSS_RELIC","is_daily":false,"chose_seed":false,"campfire_upgraded":0,"win_rate":0.0,"timestamp":1614292447,"path_taken":["M","?","M","?","M","E","R","$","T","?","M","M","?","?","R","BOSS","M","?","M","?","?","R","?","M","T","?","M","$","R","M","R","BOSS","M","$","M","?","M","R","?","R","T","M","R","M","?","M","R","BOSS"],"items_purchased_type":["Card","Card","Card","Card","Potion","Card","Relic","Card"],"build_version":"2020-12-22","purchased_purges":1,"victory":false,"max_hp_per_floor":[75,75,75,75,75,75,75,75,75,75,75,75,75,75,75,75,75,75,75,75,75,75,75,75,75,75,75,75,75,75,75,75,75,75,75,75,75,75,75,75,75,75,75,75,75,75,75,75,75,75,75],"card_choices":[{"not_picked":["hermit:Snipe","hermit:Roulette"],"picked":"hermit:Deadeye","floor":1},{"not_picked":["hermit:Headshot","hermit:HoleUp"],"picked":"hermit:TakeAim","floor":3},{"not_picked":["hermit:Midnight","hermit:LowProfile"],"picked":"hermit:Enervate","floor":5},{"not_picked":["hermit:ItchyTrigger","hermit:Dissolve","hermit:Malice"],"picked":"SKIP","floor":6},{"not_picked":["hermit:Showdown","hermit:Quickdraw"],"picked":"hermit:CalledShot","floor":11},{"not_picked":["hermit:CursedWeapon","hermit:SprayPray"],"picked":"hermit:BigShot+1","floor":12},{"not_picked":["hermit:HoleUp","hermit:HighCaliber","hermit:Spite"],"picked":"SKIP","floor":14},{"not_picked":["hermit:Misfire","hermit:CalledShot"],"picked":"hermit:Deadeye","floor":18},{"not_picked":["hermit:Gestalt","hermit:Midnight"],"picked":"hermit:Horror","floor":20},{"not_picked":["hermit:Coalescence","hermit:Horror"],"picked":"hermit:Feint","floor":21},{"not_picked":["hermit:Dive","hermit:Shortfuse+1"],"picked":"hermit:Deadeye","floor":25},{"not_picked":["hermit:Gambit","hermit:Maintenance+1"],"picked":"hermit:Malice+1","floor":28},{"not_picked":["hermit:Feint","hermit:FlashPowder","hermit:ItchyTrigger"],"picked":"SKIP","floor":31},{"not_picked":["hermit:FatalDesire+1","hermit:Purgatory"],"picked":"hermit:DeadOrAlive","floor":33},{"not_picked":["hermit:BodyArmor","hermit:Brawl+1"],"picked":"hermit:BigShot+1","floor":35},{"not_picked":["hermit:Ricochet","hermit:Grudge"],"picked":"hermit:Quickdraw+1","floor":37},{"not_picked":["hermit:ItchyTrigger+1","hermit:Maintenance"],"picked":"hermit:TrackingShot","floor":39},{"not_picked":["hermit:Feint","hermit:FlashPowder","hermit:Desperado"],"picked":"SKIP","floor":44},{"not_picked":["hermit:HoleUp+1","hermit:Gestalt+1","hermit:SprayPray+1"],"picked":"SKIP","floor":46},{"not_picked":["hermit:BodyArmor+1","hermit:FromBeyond","hermit:Roulette"],"picked":"SKIP","floor":48}],"player_experience":263566,"relics_obtained":[{"floor":6,"key":"Blood Vial"},{"floor":9,"key":"Frozen Egg 2"},{"floor":22,"key":"Necronomicon"},{"floor":24,"key":"War Paint"},{"floor":26,"key":"Potion Belt"},{"floor":41,"key":"Centennial Puzzle"},{"floor":43,"key":"Letter Opener"}],"event_choices":[{"damage_healed":0,"gold_gain":0,"player_choice":"Entered Light","damage_taken":15,"max_hp_gain":0,"max_hp_loss":0,"event_name":"Shining Light","floor":2,"gold_loss":0,"cards_upgraded":["hermit:Strike_Hermit","hermit:Snapshot"]},{"damage_healed":0,"gold_gain":0,"player_choice":"Take Damage","damage_taken":18,"relics_obtained":["Golden Idol"],"max_hp_gain":0,"max_hp_loss":0,"event_name":"Golden Idol","floor":4,"gold_loss":0},{"damage_healed":0,"gold_gain":0,"player_choice":"Box","damage_taken":0,"relics_obtained":["Ancient Tea Set"],"max_hp_gain":0,"max_hp_loss":0,"event_name":"Big Fish","floor":10,"gold_loss":0,"cards_obtained":["Regret"]},{"damage_healed":0,"gold_gain":0,"player_choice":"Upgrade","damage_taken":0,"max_hp_gain":0,"max_hp_loss":0,"event_name":"Designer","floor":19,"gold_loss":40,"cards_upgraded":["hermit:TakeAim"]},{"damage_healed":0,"gold_gain":0,"player_choice":"Obtained Book","damage_taken":16,"max_hp_gain":0,"max_hp_loss":0,"event_name":"Cursed Tome","floor":22,"gold_loss":0},{"damage_healed":0,"gold_gain":0,"player_choice":"Simplicity","damage_taken":0,"max_hp_gain":0,"max_hp_loss":0,"event_name":"Back to Basics","floor":27,"gold_loss":0,"cards_upgraded":["hermit:Strike_Hermit","hermit:Strike_Hermit","hermit:Strike_Hermit","hermit:Defend_Hermit","hermit:Defend_Hermit","hermit:Defend_Hermit"]},{"damage_healed":0,"gold_gain":333,"player_choice":"Gave Idol","damage_taken":0,"max_hp_gain":0,"max_hp_loss":0,"event_name":"The Moai Head","floor":38,"relics_lost":["Golden Idol"],"gold_loss":0},{"damage_healed":0,"gold_gain":0,"player_choice":"Paid","damage_taken":0,"relics_obtained":["Red Mask"],"max_hp_gain":0,"max_hp_loss":0,"event_name":"Tomb of Lord Red Mask","floor":47,"gold_loss":553}],"is_beta":false,"boss_relics":[{"not_picked":["hermit:BartenderGlass","Coffee Dripper"],"picked":"Runic Dome"},{"not_picked":["Sozu","hermit:DentedPlate"],"picked":"Fusion Hammer"}],"items_purged_floors":[13],"is_endless":false,"potions_floor_spawned":[3,5,11,14,18,20,25,33,35,39,48],"killed_by":"Time Eater","ascension_level":0}}