{"host":"tnuwi4l1p9i8nc6x","time":1614257976,"event":{"mods":["Act Like it!","Aspiration","Astrologer","BaseMod","Beaked The Cultist","Better Third Choice","BetterRewards","Colored Map","Colored Powertips","Conspire","Defuse TimeMaze Blight","Downfall","Extra Virgin Snecko Oil","Friendly Minions","Hermit","Hubris","Infinite Spire","Jorbs\u0027s Wanderer Trilogy","Marisa????????","Minty Spire (QoL Compilation)","Permanent Neow","Quick Restart","Rare Cards Sparkle","Remilia??????","Replay The Spire","Shop Mod","StSLib","The Bug Knight","The Construct","The Cursed","The Disciple","The Hierophant","The Jungle","The Marked","The Necromancer","The Poker Player","The Runesmith","The Senshi","The Servant 0.9.4","TheBandit"],"gold_per_floor":[112,112,112,112,59,59,59],"floor_reached":6,"language":"ENG","playtime":176,"items_purged":[],"score":32,"play_id":"834493eb-dc6a-4060-96ba-a0e2c5474bcb","local_time":"20210225075936","is_ascension_mode":false,"campfire_choices":[],"circlet_count":0,"master_deck":["beaked:Strike_Y","beaked:Strike_Y","beaked:Strike_Y","beaked:Strike_Y","beaked:Strike_Y","beaked:Strike_Y","beaked:Defend_Y","beaked:Defend_Y","beaked:Defend_Y","beaked:Defend_Y","beaked:Ceremony","beaked:Ceremony","beaked:Ceremony","beaked:FeelMyPain","beaked:Insight"],"relics":["beaked:MendingPlumage","Replay:Bronze Core","ReplayTheSpireMod:DimensionalGlitch","Golden Idol","hubris:Icosahedron","Bottled Tornado"],"acts_visited":["Exordium"],"potions_floor_usage":[],"damage_taken":[{"damage":8,"enemies":"Small Slimes","floor":1,"turns":4},{"damage":56,"enemies":"Lagavulin","floor":6,"turns":5}],"seed_played":"3569357395148330890","potions_obtained":[],"is_trial":false,"path_per_floor":["M","?","?","T","$","E"],"character_chosen":"BEAKED_THE_CULTIST","items_purchased":["beaked:Insight"],"campfire_rested":0,"item_purchase_floors":[5],"current_hp_per_floor":[50,38,38,38,38,0,0],"gold":59,"neow_bonus":"DOUBLE_BOSS_RELIC","is_daily":false,"chose_seed":false,"campfire_upgraded":0,"win_rate":0.0,"timestamp":1614257976,"path_taken":["M","?","?","?","?","E"],"items_purchased_type":["Card"],"build_version":"2020-12-22","purchased_purges":0,"victory":false,"max_hp_per_floor":[50,50,50,50,50,50,50],"card_choices":[{"not_picked":["beaked:Poke","beaked:Tradeoff"],"picked":"beaked:FeelMyPain","floor":1}],"player_experience":769809,"relics_obtained":[{"floor":4,"key":"Bottled Tornado"}],"event_choices":[{"damage_healed":0,"gold_gain":0,"player_choice":"Take Damage","damage_taken":12,"relics_obtained":["Golden Idol"],"max_hp_gain":0,"max_hp_loss":0,"event_name":"Golden Idol","floor":2,"gold_loss":0}],"is_beta":false,"boss_relics":[],"items_purged_floors":[],"is_endless":false,"potions_floor_spawned":[],"killed_by":"Lagavulin","ascension_level":0}}