{"host":"lyzyr6cv4ove76ms","time":1614217603,"event":{"mods":["BaseMod","Colored Map","Downfall","Hubris","Infinite Spire","Minty Spire (QoL Compilation)","Replay The Spire","Robot Space Explorer","StSLib"],"gold_per_floor":[99,110,121,138,150,150,173,173,173,173,188,98,110,139,153,252,252,252,270,370,370,390,6,6,6,24,51,69,69,69,54,66,171,171,171,183,197,197,212,235,312,323,373,406,406,419,419,439,455,455,455,455],"floor_reached":50,"language":"ENG","playtime":5408,"items_purged":["Pain"],"score":573,"play_id":"4649c8d5-a13d-4a7d-a6d5-4e79e42d5025","local_time":"20210225024643","is_ascension_mode":true,"campfire_choices":[{"data":"Slimebound:Split","floor":1,"key":"SMITH"},{"data":"Slimebound:PressTheAttack","floor":10,"key":"SMITH"},{"data":"Slimebound:GoopSpray","floor":18,"key":"SMITH"},{"data":"Slimebound:LivingWall","floor":25,"key":"SMITH"},{"data":"Slimebound:Teamwork","floor":30,"key":"SMITH"},{"data":"Slimebound:OozeBath","floor":35,"key":"SMITH"},{"floor":47,"key":"REST"}],"circlet_count":0,"master_deck":["Slimebound:Strike_Slimebound","Slimebound:Strike_Slimebound","Slimebound:Strike_Slimebound","Slimebound:Tackle","Slimebound:Defend_Slimebound","Slimebound:Defend_Slimebound","Slimebound:Defend_Slimebound","Slimebound:Defend_Slimebound","Slimebound:Split+1","Slimebound:CorrosiveSpit+1","Slimebound:PressTheAttack+1","Slimebound:GoopSpray+1","Slimebound:MegaLick","Slimebound:LivingWall+1","Slimebound:SlimeSpikes","Slimebound:OozeBath+1","Slimebound:Gluttony+1","Slimebound:LevelUp","Slimebound:OozeBath","Slimebound:Darklings","Slimebound:FormOfPuddle+1"],"relics":["m_BurningSludge","Whetstone","WarpedTongs","Singing Bowl","Replay:Wax Seal","Sling","Vajra","Simple Rune","Pen Nib","ReplayTheSpireMod:EnergyBall","Sozu","Ginger","Regal Pillow","The Courier","Counterbalance"],"acts_visited":["Exordium","TheCity","TheBeyond"],"potions_floor_usage":[42,44,44],"damage_taken":[{"damage":11,"enemies":"Jaw Worm","floor":2,"turns":4},{"damage":5,"enemies":"Cultist","floor":3,"turns":5},{"damage":0,"enemies":"2 Louse","floor":4,"turns":2},{"damage":2,"enemies":"downfall:LooterAlt","floor":5,"turns":6},{"damage":11,"enemies":"Lots of Slimes","floor":11,"turns":4},{"damage":7,"enemies":"downfall:FleeingMerchant","floor":12,"turns":4},{"damage":5,"enemies":"Red Slaver","floor":13,"turns":4},{"damage":2,"enemies":"Lagavulin","floor":14,"turns":6},{"damage":0,"enemies":"downfall:LooterAlt","floor":15,"turns":3},{"damage":31,"enemies":"SI_SHIV_ARCHETYPE","floor":16,"turns":9},{"damage":7,"enemies":"3 Byrds","floor":19,"turns":5},{"damage":21,"enemies":"downfall:LooterAlt2","floor":22,"turns":4},{"damage":2,"enemies":"downfall:FleeingMerchant","floor":23,"turns":4},{"damage":15,"enemies":"3 Cultists","floor":26,"turns":5},{"damage":19,"enemies":"Book of Stabbing","floor":27,"turns":6},{"damage":0,"enemies":"Shelled Parasite and Fungi","floor":28,"turns":6},{"damage":0,"enemies":"downfall:FleeingMerchant","floor":31,"turns":4},{"damage":2,"enemies":"Snake Plant","floor":32,"turns":4},{"damage":33,"enemies":"WA_ARCHETYPE_CALM","floor":33,"turns":14},{"damage":7,"enemies":"Orb Walker","floor":36,"turns":4},{"damage":11,"enemies":"3 Darklings","floor":37,"turns":6},{"damage":13,"enemies":"Maw","floor":39,"turns":9},{"damage":8,"enemies":"4 Shapes","floor":42,"turns":6},{"damage":6,"enemies":"4 Shapes","floor":43,"turns":6},{"damage":28,"enemies":"Nemesis","floor":44,"turns":7},{"damage":44,"enemies":"3 Darklings","floor":46,"turns":5},{"damage":7,"enemies":"Jaw Worm Horde","floor":48,"turns":5},{"damage":11,"enemies":"Sphere and 2 Shapes","floor":49,"turns":5},{"damage":61,"enemies":"DF_ARCHETYPE_ORBS","floor":50,"turns":2}],"seed_played":"3720510268509600518","potions_obtained":[{"floor":2,"key":"Ancient Potion"},{"floor":4,"key":"infinitespire:BlackPotion"},{"floor":11,"key":"bronze:BurnAndBuffPotion"},{"floor":15,"key":"Regen Potion"},{"floor":33,"key":"champ:CounterPotion"}],"is_trial":false,"path_per_floor":["R","M","M","M","M","?","T","?","?","R","M","$","M","E","M","B",null,"R","M","?","?","M","$","T","R","M","E","M","AVR","R","$","M","B",null,"R","M","M","AVR","M","?","T","M","?","E","?","M","R","M","M","B"],"character_chosen":"SLIMEBOUND","items_purchased":["Slimebound:SlimeSpikes","Replay:Wax Seal","Sling","Vajra"],"campfire_rested":1,"item_purchase_floors":[23,23,23,23],"current_hp_per_floor":[71,63,62,64,66,66,66,66,66,66,59,56,55,59,65,40,77,77,74,74,74,59,61,61,61,52,39,43,43,43,49,49,20,87,87,84,77,77,70,70,70,82,82,58,58,22,65,66,61,0,0,0],"gold":455,"neow_bonus":"TEN_PERCENT_HP_BONUS","is_daily":false,"chose_seed":false,"campfire_upgraded":6,"win_rate":0.0,"timestamp":1614217603,"path_taken":["R","M","M","M","M","?","T","?","?","R","?","$","M","E","M","BOSS","R","M","?","?","M","$","T","R","M","E","?","AVR","R","?","M","BOSS","R","M","M","AVR","M","?","T","M","?","E","?","M","R","M","M","BOSS"],"items_purchased_type":["Card","Relic","Relic","Relic"],"build_version":"2020-12-22","purchased_purges":1,"victory":false,"max_hp_per_floor":[71,71,71,71,71,71,71,71,71,71,71,71,71,73,75,77,77,77,77,77,77,79,79,79,79,81,83,83,83,83,85,87,87,87,87,87,87,87,89,89,89,91,93,93,93,95,95,97,97,97,97,97],"card_choices":[{"not_picked":["Slimebound:Recollect","Slimebound:Chomp","Slimebound:AcidTongue"],"picked":"SKIP","floor":2},{"not_picked":["Slimebound:Repurpose","Slimebound:BestDefense","Slimebound:Equalize"],"picked":"SKIP","floor":3},{"not_picked":["Slimebound:ComboTackle","Slimebound:SplitBruiser","Slimebound:FinishingTackle"],"picked":"SKIP","floor":4},{"not_picked":["Slimebound:Nibble","Slimebound:HungryTackle"],"picked":"Slimebound:PressTheAttack","floor":5},{"not_picked":["Slimebound:TongueLash","Slimebound:ItLooksTasty","Slimebound:LeechingTouch"],"picked":"SKIP","floor":11},{"not_picked":["Slimebound:Chomp","Slimebound:RollThrough","Whirlwind"],"picked":"SKIP","floor":12},{"not_picked":["Rupture","Slimebound:LeechEnergy"],"picked":"Slimebound:GoopSpray","floor":13},{"not_picked":["Slimebound:SlimeSlap","Slimebound:LeadByExample","Slimebound:Prepare"],"picked":"Singing Bowl","floor":14},{"not_picked":["Slimebound:LeechEnergy","Slimebound:FinishingTackle","Sword Boomerang"],"picked":"Singing Bowl","floor":15},{"not_picked":["Slimebound:WasteNot","Slimebound:SelfFormingGoo","Slimebound:Overexert"],"picked":"Singing Bowl","floor":16},{"not_picked":["Slimebound:LeechEnergy","Slimebound:SplitSpecialist"],"picked":"Slimebound:MegaLick","floor":19},{"not_picked":["Slimebound:SplitMire","Slimebound:GoopSpray","Slimebound:ProtectTheBoss+1"],"picked":"Singing Bowl","floor":22},{"not_picked":["Slimebound:FormOfPuddle","Slimebound:GoopTackle"],"picked":"Slimebound:LivingWall","floor":23},{"not_picked":["Slimebound:Prepare","Slimebound:FinishingTackle","Slimebound:TongueLash"],"picked":"Singing Bowl","floor":26},{"not_picked":["Slimebound:SlimeSpikes","Slimebound:DisruptingSlam","Slimebound:GoopTackle+1"],"picked":"Singing Bowl","floor":27},{"not_picked":["Slimebound:RollThrough","Slimebound:SlimeBrawl+1"],"picked":"Slimebound:Teamwork","floor":28},{"not_picked":["Slimebound:SplitMire","Slimebound:ComboTackle","Slimebound:LeechEnergy"],"picked":"Singing Bowl","floor":31},{"not_picked":["Slimebound:Schlurp+1","Slimebound:GrowthPunch","Slimebound:HauntingLick"],"picked":"Singing Bowl","floor":32},{"not_picked":["Slimebound:MassRepurpose","Slimebound:LeechLife"],"picked":"Slimebound:OozeBath","floor":33},{"not_picked":["Slimebound:GoopSpray","Slimebound:ComboTackle"],"picked":"Slimebound:Gluttony+1","floor":36},{"not_picked":["Slimebound:Repurpose+1","Slimebound:FinishingTackle+1"],"picked":"Slimebound:LevelUp","floor":37},{"not_picked":["Slimebound:SlimeTap+1","Slimebound:ItLooksTasty+1","Slimebound:SplitBruiser+1"],"picked":"Singing Bowl","floor":39},{"not_picked":["Slimebound:HauntingLick+1","Slimebound:RejuvenatingLick+1","Slimebound:Schlurp"],"picked":"Singing Bowl","floor":42},{"not_picked":["Slimebound:FinishingTackle","Slimebound:SamplingLick+1","Slimebound:GoopSpray+1"],"picked":"Singing Bowl","floor":43},{"not_picked":["Slimebound:RollThrough+1","Slimebound:AcidTongue+1"],"picked":"Slimebound:OozeBath","floor":44},{"not_picked":["Slimebound:GoopSpray+1","Slimebound:SplitAcid","Slimebound:FinishingTackle"],"picked":"Singing Bowl","floor":46},{"not_picked":["Slimebound:Chomp+1","Slimebound:PressTheAttack","Slimebound:Repurpose+1"],"picked":"Singing Bowl","floor":48},{"not_picked":["Slimebound:SplitSpecialist+1","Slimebound:FlameTackle"],"picked":"Slimebound:FormOfPuddle+1","floor":49}],"player_experience":792878,"relics_obtained":[{"floor":7,"key":"Whetstone"},{"floor":14,"key":"Singing Bowl"},{"floor":24,"key":"Simple Rune"},{"floor":27,"key":"Pen Nib"},{"floor":40,"key":"Regal Pillow"},{"floor":41,"key":"The Courier"},{"floor":43,"key":"Counterbalance"}],"event_choices":[{"damage_healed":0,"gold_gain":0,"player_choice":"Rummage","damage_taken":0,"relics_obtained":["WarpedTongs"],"max_hp_gain":0,"max_hp_loss":0,"event_name":"Accursed Blacksmith","floor":9,"gold_loss":0,"cards_obtained":["Pain"]}],"is_beta":false,"boss_relics":[{"not_picked":["Abe\u0027s Treasure","hubris:GrandSneckoEye","bronze:MakeshiftBattery"]},{"not_picked":["Honey Jar","Runic Pyramid"],"picked":"Sozu"}],"items_purged_floors":[12],"is_endless":false,"potions_floor_spawned":[2,4,11,15,26,27,32,33,37,39,43,46],"killed_by":"DF_ARCHETYPE_ORBS","ascension_level":1}}