{"host":"8t5dkgm85abdp22d","time":1614229783,"event":{"mods":["100% Spire Juice","ATMod(阿瑾Mod)","Act Like it!","BaseMod","Colored Powertips","Conspire","Gensokyo","GungeonMod","Hallownest","Marisa（F雨　魔理沙）","Minty Spire (QoL Compilation)","MostiFishMod","Remilia（蕾米莉亚）","RumiaBox-露米娅的神秘盒子","Ryuuou龙王","StSLib","The Bug Knight","The Marked","UnlockEverythingMod","Waifu the Spire","WarShipGirlsR/战舰少女R mod","Yakumo Yukari mod"],"gold_per_floor":[133,133,133,152,102,128,143,143,143,208,261,323,380,468,468,616,616,685,752,752,859,784,938,569,623,623,658,658,719,719,779,779,957,957,1042,1079,425,545,606,657,657,697,697,747,747,802,897,962,962,1012,1012,1012,54,133,158],"floor_reached":56,"language":"ZHS","playtime":2190,"items_purged":["Defend_purpleEX+1","AT_purpleEX+1","Defend_purpleEX+1"],"score":2061,"play_id":"31a51c0d-f04a-4479-bfab-69d25d69852b","local_time":"20210225130943","is_ascension_mode":true,"campfire_choices":[{"data":"Observe_purple_1","floor":8.0,"key":"SMITH"},{"floor":15,"key":"REST"},{"floor":28,"key":"RECALL"},{"data":"ProofOfUnderstanding_purple","floor":30,"key":"SMITH"},{"data":"MeetDecomposer_purple","floor":32,"key":"SMITH"},{"floor":45,"key":"REST"},{"floor":49,"key":"REST"},{"floor":52,"key":"REST"}],"circlet_count":0,"master_deck":["AT_purpleEX+1","Defend_purpleEX+1","Observe_purple_1+1","Observe_purple_2+1","DimensionStaggered_purple+1","Charmbait_purple+1","ButterflyHabitatTemple_purple+1","RuptureOfTimeAndSpace_purple+1","WangLiang_OokamiKakushi_purple+1","Bait_HighSpeedFlying_purple+1","MeetDecomposer_purple+1","MeetDecomposer_purple+1","GluttonyofRealm_purpleEX+1","StateErode_purple+1","Thinking Ahead+1"],"relics":["Boundary_crack","Memoryfragments_purpleEX","AT_ATBox","DaveBox","NeowsBlessing","DSteel32","SynthV:TestCard","Oddly Smooth Stone","DemoMod:MemoryAlloy","AT_MibuBalloonWealth","Kunai","Nunchaku","JellyFishMachine","Red Mask","HollowMod:StagPassRelic","Lee\u0027s Waffle","Happy Flower","DemoMod:SerJunkan","DemoMod:Junk","ChiXiaoBlade","Incense Burner","Mercury Hourglass","DemoMod:GlassGuonStoneRelic","AT_TimeSand","MagicDraw2","TheEssenceOfRealm"],"acts_visited":["Exordium","TheCity","TheCity","TheEnding"],"potions_floor_usage":[11],"damage_taken":[{"damage":0.0,"enemies":"Small Slimes","floor":1.0,"turns":1.0},{"damage":0.0,"enemies":"Jaw Worm","floor":4.0,"turns":2.0},{"damage":20.0,"enemies":"Gremlin Nob","floor":6.0,"turns":1.0},{"damage":0.0,"enemies":"conspire:RoseBush","floor":7.0,"turns":3.0},{"damage":27.0,"enemies":"3 Sentries","floor":10.0,"turns":6.0},{"damage":12,"enemies":"conspire:MimicChest","floor":11,"turns":4},{"damage":0,"enemies":"2 Fungi Beasts","floor":12,"turns":3},{"damage":15,"enemies":"Lagavulin","floor":13,"turns":8},{"damage":0,"enemies":"3 Louse","floor":14,"turns":1},{"damage":9,"enemies":"Slime Boss","floor":16,"turns":6},{"damage":12,"enemies":"conspire:FuzzyDice","floor":18,"turns":4},{"damage":7,"enemies":"Centurion and Healer","floor":19,"turns":4},{"damage":21,"enemies":"Masked Bandits","floor":21,"turns":5},{"damage":5,"enemies":"conspire:Head Lice","floor":23,"turns":3},{"damage":0,"enemies":"HollowMod:Nosk","floor":25,"turns":3},{"damage":0,"enemies":"conspire:HollyBat","floor":27,"turns":3},{"damage":0,"enemies":"Chosen and Byrds","floor":29,"turns":2},{"damage":0,"enemies":"Book of Stabbing","floor":31,"turns":2},{"damage":3,"enemies":"Collector","floor":33,"turns":3},{"damage":0,"enemies":"Gensokyo:3_Boulders","floor":35,"turns":3},{"damage":4,"enemies":"Gensokyo:AncientGuardian","floor":36,"turns":3},{"damage":0,"enemies":"Gensokyo:4_Bats","floor":38,"turns":2},{"damage":0,"enemies":"Gensokyo:Dusk_and_Dawn","floor":39,"turns":2},{"damage":0,"enemies":"Gensokyo:Doremy","floor":40,"turns":2},{"damage":0,"enemies":"Gensokyo:Rafflesia","floor":42,"turns":5},{"damage":0,"enemies":"Gensokyo:Marisa","floor":44,"turns":3},{"damage":0,"enemies":"Gensokyo:Doremy","floor":46,"turns":3},{"damage":0,"enemies":"Gensokyo:3_Boulders","floor":47,"turns":2},{"damage":0,"enemies":"Gensokyo:Dusk_and_Dawn","floor":48,"turns":2},{"damage":3,"enemies":"Gensokyo:Shinki","floor":50,"turns":4},{"damage":0,"enemies":"Shield and Spear","floor":54,"turns":2},{"damage":0,"enemies":"The Heart","floor":55,"turns":4}],"seed_played":"-162164077413270797","potions_obtained":[{"floor":10.0,"key":"PowerPotion"},{"floor":11,"key":"Strength Potion"},{"floor":13,"key":"EssenceOfSteel"},{"floor":14,"key":"SpeedPotion"},{"floor":18,"key":"RealmPotion"},{"floor":48,"key":"DistilledChaos"}],"is_trial":false,"path_per_floor":["M","?","?","M","?","E","M","R","T","?","?","M","E","M","R","B",null,"M","M","?","?","?","E","$","E","T","M","R","M","R","E","R","B",null,"M","M","$","M","M","E","?","M","T","E","R","E","M","M","R","B",null,"R","$","E","B",null],"character_chosen":"Youkari","items_purchased":["Lee\u0027s Waffle","Happy Flower","Incense Burner","Mercury Hourglass","AT_TimeSand","MagicDraw2","TheEssenceOfRealm","Thinking Ahead"],"campfire_rested":4,"item_purchase_floors":[24,24,37,37,53,53,53,53],"current_hp_per_floor":[70,63,63,65,65,45,50,50,50,28,20,25,15,16,37,32,61,50,46,32,16,16,12,77,77,77,77,77,77,77,77,77,76,77,80,78,78,84,88,88,88,88,88,88,88,88,92,92,92,96,96,96,96,100,100],"gold":158,"neow_bonus":"THREE_ENEMY_KILL","is_daily":false,"chose_seed":false,"campfire_upgraded":3,"win_rate":0.0,"timestamp":1614229783,"path_taken":["M","?","?","M","?","E","M","R","T","?","?","M","E","?","R","BOSS","M","M","?","?","?","E","$","E","T","?","R","M","R","E","R","BOSS","M","M","$","M","M","E","?","M","T","E","R","E","M","?","R","BOSS","R","$","E","BOSS"],"items_purchased_type":["Relic","Relic","Relic","Relic","Relic","Relic","Relic","Card"],"build_version":"2020-12-22","purchased_purges":3,"victory":true,"max_hp_per_floor":[70,70,70,70,70,70,70,70,70,70,70,70,70,70,70,70,70,70,70,70,70,70,70,77,77,77,77,77,77,77,77,77,77,77,80,80,80,84,88,88,88,88,88,88,88,88,92,92,92,96,96,96,96,100,100],"card_choices":[{"not_picked":["Realm_recovery_purpleEX","RuleDissolution_purple"],"picked":"DimensionStaggered_purple","floor":1.0},{"not_picked":["SharpContractionReality_purple","RuleDissolution_purple","Boundary_LightAndDark_purple","SfantasyHide_purple"],"picked":"Charmbait_purple","floor":4.0},{"not_picked":["OmniscientAndOmnipotent_Monster_purple","WingOfChimera_purple","MagicEyes_LaplaceDemon_purple","Line_surface_state_purple","PositiveMatter_Antimatter_Universe_purple"],"picked":"SKIP","floor":6.0},{"not_picked":["Realm_recovery_purpleEX","Yakumo_Ran_purple","ExternalForce_HighSpeedFlying_purple","Nest_LightFlightworm_purple","Worldmountain_purple"],"picked":"SKIP","floor":7.0},{"not_picked":["MonsterNeedle_purple","WingOfChimera_purple","Worldmountain_purple","Photoelasticity_Doppler_Effect_purple"],"picked":"ButterflyHabitatTemple_purple","floor":12},{"not_picked":["SfantasyHide_purple","WorldDissolvedintheRealm_purple","RuleDissolution_purple","SharpContractionReality_purple","Boundary_DynamicStaticEquilibrium_purple"],"picked":"SKIP","floor":13},{"not_picked":["EighthInstrument_OneDividesIntoTwo_purple","Extrememeaning_purpleEX","Worldmountain_purple","AdvanceAttack_purple"],"picked":"RuptureOfTimeAndSpace_purple","floor":14},{"not_picked":["WasteWire_Metro_purple","WangLiang_LineAndCurveDreams_purple","Monsters_DoubleDeathButterfly_purple","UniverseChoice_purple"],"picked":"WangLiang_OokamiKakushi_purple","floor":16},{"not_picked":["DimensionStaggered_purple","Realm_recovery_purpleEX","Mirror_FourBoundary_purple","Mirror_FormAndEmptin_purple+1"],"picked":"Bait_HighSpeedFlying_purple","floor":18},{"not_picked":["Worldmountain_purple","SfantasyHide_purple","Mirror_FourBoundary_purple","Realm_recovery_purpleEX+1","WasteWire_Metro_purple"],"picked":"SKIP","floor":19},{"not_picked":["ExistenceContinue_purple","Realm_recovery_purpleEX+1","SfantasyHide_purple+1","Charmbait_purple+1"],"picked":"Boundary_LifeAndDeath_purple","floor":23},{"not_picked":["AdvanceAttack_purple+1","Boundary_DreamRealityDamnation_purple","ExistenceContinue_purple","RuleDissolution_purple","StateDuplicate_purple"],"picked":"SKIP","floor":25},{"not_picked":["RuptureOfTimeAndSpace_purple","Boundary_DynamicStaticEquilibrium_purple","Shallow_ocean_purpleEX","DimensionStaggered_purple"],"picked":"MeetDecomposer_purple+1","floor":27},{"not_picked":["Worldmountain_purple","Charmbait_purple","Erosivefilter_purple","StateDuplicate_purple"],"picked":"ProofOfUnderstanding_purple","floor":29},{"not_picked":["StateDuplicate_purple","WorldDissolvedintheRealm_purple+1","ExternalForce_HighSpeedFlying_purple","RuptureOfTimeAndSpace_purple+1"],"picked":"MeetDecomposer_purple","floor":31},{"not_picked":["Monsters_DoubleDeathButterfly_purple","WangLiang_LineAndCurveDreams_purple","Theboundaryofcreation_purpleEX","ProofOfUnderstanding_purple"],"picked":"GluttonyofRealm_purpleEX","floor":33},{"not_picked":["MonsterNeedle_purple","Extrememeaning_purpleEX","SfantasyHide_purple","StateDuplicate_purple+1","SharpContractionReality_purple+1"],"picked":"SKIP","floor":35},{"not_picked":["Fantasy_PerpetualMotionMachine_purple+1","MeetDecomposer_purple+1","PositiveMatter_Antimatter_Universe_purple","Umbrella_purple","CommonSense_AntiCommonSense_purple"],"picked":"SKIP","floor":36},{"not_picked":["Line_surface_state_purple","Shallow_ocean_purpleEX+1","StateDuplicate_purple","OmniscientAndOmnipotent_Monster_purple","Mirror_Drifter_purple"],"picked":"SKIP","floor":38},{"not_picked":["Boundary_ObjectiveBoundary_purple","Realm_recovery_purpleEX","PurpleNeedle_purple+1","GluttonyofRealm_purpleEX","RuleDissolution_purple"],"picked":"SKIP","floor":39},{"not_picked":["AdvanceAttack_purple","Computing_the_future_purpleEX","Worldmountain_purple+1","StateDuplicate_purple+1","MeetDecomposer_purple"],"picked":"SKIP","floor":40},{"not_picked":["Anti_communist_purple+1","Fantasy_PerpetualMotionMachine_purple+1","ExistenceContinue_purple+1","Line_surface_state_purple","Shallow_ocean_purpleEX"],"picked":"SKIP","floor":42},{"not_picked":["Mirror_TwoAndThreeElementRealm_purple","Nest_LightFlightworm_purple+1","StretchesForeverDream_purple+1","SharpContractionReality_purple","DimensionStaggered_purple+1"],"picked":"SKIP","floor":44},{"not_picked":["WeekHit_purple","Theboundaryofcreation_purpleEX","RealityDreamConfluencek_purple+1","WorldDissolvedintheRealm_purple","StretchesForeverDream_purple"],"picked":"SKIP","floor":46},{"not_picked":["Fantasy_PerpetualMotionMachine_purple","Realm_recovery_purpleEX","OmniscientAndOmnipotent_Monster_purple","WingOfChimera_purple"],"picked":"StateErode_purple+1","floor":47},{"not_picked":["WatchEChange_purple","ExternalForce_HighSpeedFlying_purple","Line_surface_state_purple","WeekHit_purple+1","MonsterNeedle_purple+1"],"picked":"SKIP","floor":48},{"not_picked":["OmniscientAndOmnipotent_Monster_purple","SfantasyHide_purple+1","Charmbait_purple+1","RealityDreamConfluencek_purple+1","Realm_recovery_purpleEX+1"],"picked":"SKIP","floor":54}],"player_experience":141102,"relics_obtained":[{"floor":1.0,"key":"SynthV:TestCard"},{"floor":6.0,"key":"Oddly Smooth Stone"},{"floor":9.0,"key":"DemoMod:MemoryAlloy"},{"floor":10.0,"key":"AT_MibuBalloonWealth"},{"floor":11,"key":"Kunai"},{"floor":13,"key":"Nunchaku"},{"floor":21,"key":"Red Mask"},{"floor":23,"key":"HollowMod:StagPassRelic"},{"floor":25,"key":"DemoMod:SerJunkan"},{"floor":31,"key":"DemoMod:Junk"},{"floor":40,"key":"DemoMod:Junk"},{"floor":43,"key":"DemoMod:Junk"},{"floor":44,"key":"DemoMod:Junk"},{"floor":46,"key":"DemoMod:Junk"},{"floor":54,"key":"DemoMod:Junk"}],"event_choices":[{"cards_removed":["Defend_purpleEX"],"damage_healed":0.0,"max_hp_gain":0.0,"max_hp_loss":0.0,"gold_gain":0.0,"event_name":"Golden Wing","player_choice":"Card Removal","floor":2.0,"gold_loss":0.0,"damage_taken":7.0},{"damage_healed":0.0,"max_hp_gain":0.0,"max_hp_loss":0.0,"gold_gain":0.0,"event_name":"conspire:Investor","player_choice":"Leave","floor":3.0,"gold_loss":0.0,"damage_taken":0.0},{"cards_removed":["AT_purpleEX"],"damage_healed":0.0,"max_hp_gain":0.0,"max_hp_loss":0.0,"gold_gain":0.0,"event_name":"The Cleric","player_choice":"Card Removal","floor":5.0,"gold_loss":50.0,"damage_taken":0.0},{"damage_healed":0.0,"max_hp_gain":0.0,"max_hp_loss":0.0,"gold_gain":30.0,"event_name":"Dead Adventurer","player_choice":"Searched \u00272\u0027 times","floor":10.0,"gold_loss":0.0,"damage_taken":0.0},{"damage_healed":0,"gold_gain":0,"player_choice":"Fought Bandits","damage_taken":0,"max_hp_gain":0,"max_hp_loss":0,"event_name":"Masked Bandits","floor":21,"gold_loss":0},{"cards_removed":["AT_purpleEX"],"damage_healed":0,"gold_gain":0,"player_choice":"Gave Gold","damage_taken":0,"max_hp_gain":0,"max_hp_loss":0,"event_name":"Beggar","floor":22,"gold_loss":75}],"is_beta":false,"boss_relics":[{"not_picked":["RhineCircuit","Snecko Eye"],"picked":"JellyFishMachine"},{"not_picked":["conspire:SpecialSausage","conspire:RunicOctahedron"],"picked":"ChiXiaoBlade"}],"items_purged_floors":[24,37,53],"is_endless":false,"potions_floor_spawned":[10,11,13,14,16,18,19,27,31,39,40,42,47,48,54],"ascension_level":5}}