{"host":"tm8iu37e08ep7d0e","time":1614274139,"event":{"mods":["2.2 Compatiblity","AchievementEnabler","Aspiration","BaseMod","Best Route Mod","Better Match","Better Third Choice","BetterRewards","CCEM2","ChefMod","Colored Map","Gold Saver","Googly Eyes","Hermit","Ironclad Rager","Minty Spire (QoL Compilation)","Permanent Neow","Quick Restart","Shop Mod","StSLib","The Druid","The Hierophant","The Marked","The Necromancer","The Servant 0.9.4","TheWitcher"],"gold_per_floor":[585,520,445,456,154,173,173,207,207,207,224,224,253,278,278,354,354,366,416,416,335,352,352,380,380,380,415,244,254,270,270,270,343,343,354,280,280,280,325,325,338,373,373,373,373],"floor_reached":44,"language":"ENG","playtime":2042,"items_purged":[],"score":1360,"play_id":"8a948943-a8cf-4c76-9a2c-32e71dea7376","local_time":"20210225102859","is_ascension_mode":true,"campfire_choices":[{"floor":7.0,"key":"REST"},{"floor":10.0,"key":"REST"},{"data":"Apotheosis","floor":12.0,"key":"SMITH"},{"floor":15.0,"key":"REST"},{"data":"Inflame","floor":23.0,"key":"SMITH"},{"floor":25.0,"key":"REST"},{"data":"Bludgeon","floor":32.0,"key":"SMITH"},{"floor":40,"key":"REST"}],"circlet_count":0,"master_deck":["AscendersBane","Strike_R","Strike_R","Defend_R","Defend_R+1","Defend_R+1","Defend_R","Bash","Body Slam","Battle Trance","Apotheosis+1","Flame Barrier","Iron Wave","Twin Strike","True Grit","Bludgeon+1","Infernal Blade","Inflame+1","Fire Breathing","Barricade","Flex","Offering","Madness","Madness","True Grit","Twin Strike","Iron Wave+1"],"relics":["Burning Blood","Thread and Needle","War Paint","betterThird:SlimedRelic","Art of War","PureWater","Odd Mushroom","Mark of Pain","CCEMRelics:DerglesHeadphones","CCEMRelics:HeirloomTomato","Ornamental Fan","CCEMRelics:JestersCrown","MutagenicStrength","aspiration:PoetsPen_weak","MerchantsRug","Prayer Wheel","Torii","Dream Catcher"],"acts_visited":["Exordium","TheCity","TheBeyond"],"potions_floor_usage":[41,42],"damage_taken":[{"damage":0.0,"enemies":"Jaw Worm","floor":1.0,"turns":3.0},{"damage":11.0,"enemies":"2 Louse","floor":4.0,"turns":3.0},{"damage":0.0,"enemies":"Small Slimes","floor":6.0,"turns":5.0},{"damage":47.0,"enemies":"Gremlin Nob","floor":8.0,"turns":5.0},{"damage":0.0,"enemies":"Looter","floor":11.0,"turns":4.0},{"damage":0.0,"enemies":"3 Sentries","floor":13.0,"turns":8.0},{"damage":0.0,"enemies":"The Mushroom Lair","floor":14.0,"turns":6.0},{"damage":15.0,"enemies":"The Guardian","floor":16.0,"turns":12.0},{"damage":4.0,"enemies":"Shell Parasite","floor":18.0,"turns":5.0},{"damage":0.0,"enemies":"Chosen","floor":22.0,"turns":7.0},{"damage":42.0,"enemies":"Gremlin Leader","floor":24.0,"turns":8.0},{"damage":11.0,"enemies":"Book of Stabbing","floor":27.0,"turns":4.0},{"damage":1.0,"enemies":"3 Cultists","floor":29.0,"turns":5.0},{"damage":12.0,"enemies":"Snake Plant","floor":30.0,"turns":4.0},{"damage":118.0,"enemies":"Champ","floor":33.0,"turns":15.0},{"damage":0.0,"enemies":"Orb Walker","floor":35.0,"turns":3.0},{"damage":27,"enemies":"2 Orb Walkers","floor":39,"turns":6},{"damage":17,"enemies":"3 Darklings","floor":41,"turns":5},{"damage":31,"enemies":"Giant Head","floor":42,"turns":7},{"damage":33,"enemies":"Maw","floor":44,"turns":6}],"seed_played":"-7120667661268291993","potions_obtained":[{"floor":1.0,"key":"PowerPotion"},{"floor":6.0,"key":"Swift Potion"},{"floor":14.0,"key":"DuplicationPotion"},{"floor":35,"key":"SkillPotion"}],"is_trial":false,"path_per_floor":["M","?","?","M","$","M","R","E","T","R","M","R","E","?","R","B",null,"M","?","?","$","M","R","E","R","T","E","$","M","M","?","R","B",null,"M","$","?","?","?","R","M","E","T","M"],"character_chosen":"IRONCLAD","items_purchased":["Thread and Needle","War Paint","Apotheosis","Flame Barrier","Inflame","CCEMRelics:JestersCrown","Offering","MerchantsRug"],"campfire_rested":5,"item_purchase_floors":[0,0,5,5,21,28,36,36],"current_hp_per_floor":[41,30,30,25,25,31,53,12,12,34,40,40,46,52,74,65,73,75,75,75,75,75,75,39,61,66,63,63,70,66,66,78,9,62,70,70,70,56,37,61,52,29,29,0,0],"gold":373,"neow_bonus":"","is_daily":false,"chose_seed":false,"campfire_upgraded":3,"win_rate":0.0,"timestamp":1614274139,"path_taken":["M","?","?","M","$","M","R","E","T","R","M","R","E","?","R","BOSS","M","?","?","$","M","R","E","R","T","E","$","?","M","?","R","BOSS","M","$","?","?","?","R","?","E","T","M"],"items_purchased_type":["Relic","Relic","Card","Card","Card","Relic","Card","Relic"],"build_version":"2020-12-22","purchased_purges":0,"victory":false,"max_hp_per_floor":[75,75,75,75,75,75,75,75,75,75,75,75,75,75,75,75,75,75,75,75,75,75,75,75,75,80,80,80,80,80,80,80,80,80,80,80,80,80,80,80,80,80,80,80,80],"card_choices":[{"not_picked":["Combust","Clothesline"],"picked":"Body Slam","floor":1.0},{"not_picked":["Intimidate","Wild Strike"],"picked":"Battle Trance","floor":4.0},{"not_picked":["Clothesline","Anger","Thunderclap"],"picked":"SKIP","floor":6.0},{"not_picked":["Shockwave","Dark Embrace"],"picked":"Iron Wave","floor":8.0},{"not_picked":["Feel No Pain","Havoc"],"picked":"Twin Strike","floor":11.0},{"not_picked":["Sentinel","Battle Trance"],"picked":"True Grit","floor":13.0},{"not_picked":["Double Tap","Fiend Fire"],"picked":"Bludgeon","floor":16.0},{"not_picked":["Ghostly Armor","Twin Strike","Perfected Strike"],"picked":"SKIP","floor":18.0},{"not_picked":["Evolve","Perfected Strike","Reckless Charge"],"picked":"SKIP","floor":22.0},{"not_picked":["Anger","Searing Blow","Havoc"],"picked":"SKIP","floor":24.0},{"not_picked":["Sword Boomerang","Second Wind"],"picked":"Fire Breathing","floor":27.0},{"not_picked":["Twin Strike","Flame Barrier","Rampage"],"picked":"SKIP","floor":29.0},{"not_picked":["Headbutt","Blood for Blood","Pommel Strike"],"picked":"SKIP","floor":30.0},{"not_picked":["Offering","Bludgeon"],"picked":"Barricade","floor":33.0},{"not_picked":["Clothesline","Shockwave"],"picked":"Flex","floor":35},{"not_picked":["Metallicize","Warcry+1"],"picked":"True Grit","floor":39},{"not_picked":["Armaments+1","Searing Blow+1"],"picked":"Twin Strike","floor":41},{"not_picked":["Perfected Strike","Warcry+1","Cleave"],"picked":"SKIP","floor":41},{"not_picked":["Armaments","Twin Strike"],"picked":"Iron Wave+1","floor":42}],"player_experience":1287443,"relics_obtained":[{"floor":8.0,"key":"Art of War"},{"floor":9.0,"key":"aspiration:SeaSaltIceCream"},{"floor":13.0,"key":"CCEMRelics:D6"},{"floor":14.0,"key":"Odd Mushroom"},{"floor":24.0,"key":"CCEMRelics:DerglesHeadphones"},{"floor":26.0,"key":"CCEMRelics:HeirloomTomato"},{"floor":27.0,"key":"Ornamental Fan"},{"floor":39,"key":"Prayer Wheel"},{"floor":42,"key":"Torii"},{"floor":43,"key":"Dream Catcher"}],"event_choices":[{"damage_healed":0.0,"max_hp_gain":0.0,"max_hp_loss":0.0,"gold_gain":0.0,"event_name":"betterThird:BetterGoop","player_choice":"Slimed","floor":2.0,"gold_loss":65.0,"damage_taken":11.0},{"cards_removed":["Strike_R"],"damage_healed":0.0,"max_hp_gain":0.0,"max_hp_loss":0.0,"gold_gain":0.0,"event_name":"The Cleric","player_choice":"Card Removal","floor":3.0,"gold_loss":75.0,"damage_taken":0.0},{"damage_healed":0.0,"max_hp_gain":0.0,"max_hp_loss":0.0,"gold_gain":0.0,"event_name":"Mushrooms","player_choice":"Fought Mushrooms","floor":14.0,"gold_loss":0.0,"damage_taken":0.0},{"damage_healed":0.0,"max_hp_gain":0.0,"max_hp_loss":0.0,"gold_gain":50.0,"event_name":"betterThird:BetterNest","player_choice":"Steal","floor":19.0,"gold_loss":0.0,"damage_taken":0.0},{"damage_healed":0.0,"max_hp_gain":0.0,"max_hp_loss":0.0,"gold_gain":0.0,"cards_transformed":["Strike_R"],"event_name":"Transmorgrifier","player_choice":"Transformed","floor":20.0,"gold_loss":0.0,"damage_taken":0.0,"cards_obtained":["Infernal Blade"]},{"damage_healed":0.0,"max_hp_gain":0.0,"max_hp_loss":0.0,"gold_gain":0.0,"event_name":"Drug Dealer","player_choice":"Inject Mutagens","floor":31.0,"gold_loss":0.0,"damage_taken":0.0,"relics_obtained":["MutagenicStrength"]},{"damage_healed":0,"gold_gain":0,"player_choice":"Ignored","damage_taken":0,"max_hp_gain":0,"max_hp_loss":0,"event_name":"Tomb of Lord Red Mask","floor":37,"gold_loss":0},{"damage_healed":0,"gold_gain":0,"player_choice":"Embrace Madness","damage_taken":14,"max_hp_gain":0,"max_hp_loss":0,"event_name":"Winding Halls","floor":38,"gold_loss":0,"cards_obtained":["Madness","Madness"]},{"damage_healed":0,"gold_gain":0,"player_choice":"Fight","damage_taken":0,"max_hp_gain":0,"max_hp_loss":0,"event_name":"Mysterious Sphere","floor":39,"gold_loss":0}],"is_beta":false,"boss_relics":[{"not_picked":["CCEMRelics:ReaperScythe","Coffee Dripper"],"picked":"Mark of Pain"},{"not_picked":["aspiration:SecretTechniqueScroll","aspiration:RunicSpoon"],"picked":"aspiration:PoetsPen_weak"}],"items_purged_floors":[],"is_endless":false,"potions_floor_spawned":[1,6,14,16,18,22,24,33,35],"killed_by":"Maw","ascension_level":20}}