{"host":"o88u0awh8mkwl1l8","time":1614224935,"event":{"mods":["BaseMod","Colored Map","Highlight Path","Minty Spire (QoL Compilation)","Relic Sorter"],"gold_per_floor":[116,191,191,202,202,202,237,237,264,29,44,44,84,109,109,204,204,223,223,237,146,146,146,146,146],"floor_reached":24,"language":"JPN","playtime":984,"items_purged":["Strike_P","Writhe"],"score":529,"play_id":"1f0554aa-3b06-469a-a316-9d0a08d4a215","local_time":"20210225124855","is_ascension_mode":true,"campfire_choices":[{"data":"CutThroughFate","floor":6.0,"key":"SMITH"},{"data":"CarveReality","floor":8.0,"key":"SMITH"},{"data":"WindmillStrike","floor":15,"key":"SMITH"},{"data":"Evaluate","floor":23,"key":"SMITH"}],"circlet_count":0,"master_deck":["AscendersBane","Defend_P","Defend_P","Defend_P+1","Eruption+1","Vigilance","CutThroughFate+1","CarveReality+1","Establishment","SandsOfTime","SashWhip","Evaluate+1","WindmillStrike+1","Brilliance","DeceiveReality","Bite","Bite","Bite","Bite","Bite"],"relics":["Empty Cage","Bronze Scales","Akabeko","Membership Card","Golden Idol","Pen Nib","Sozu","Ancient Tea Set"],"acts_visited":["Exordium","TheCity"],"potions_floor_usage":[],"damage_taken":[{"damage":0.0,"enemies":"Jaw Worm","floor":1.0,"turns":6.0},{"damage":6.0,"enemies":"Small Slimes","floor":4.0,"turns":4.0},{"damage":0.0,"enemies":"Gremlin Nob","floor":7.0,"turns":2.0},{"damage":1.0,"enemies":"Cultist","floor":11.0,"turns":3.0},{"damage":0.0,"enemies":"Lagavulin","floor":13.0,"turns":4.0},{"damage":6,"enemies":"3 Louse","floor":14,"turns":2},{"damage":23,"enemies":"The Guardian","floor":16,"turns":7},{"damage":0,"enemies":"Spheric Guardian","floor":18,"turns":1},{"damage":28,"enemies":"2 Thieves","floor":20,"turns":3},{"damage":0,"enemies":"Slavers","floor":24,"turns":1}],"seed_played":"-6582661539993940996","potions_obtained":[{"floor":4.0,"key":"Dexterity Potion"},{"floor":7.0,"key":"AttackPotion"},{"floor":13.0,"key":"LiquidBronze"},{"floor":14,"key":"CultistPotion"}],"is_trial":false,"path_per_floor":["M","?","?","M","?","R","E","R","T","$","M","?","E","M","R","B",null,"M","?","M","$","?","R","E"],"character_chosen":"WATCHER","items_purchased":["Membership Card","SandsOfTime","DeceiveReality"],"campfire_rested":0,"item_purchase_floors":[10,10,21],"current_hp_per_floor":[61,50,30,24,46,46,46,46,46,46,45,45,45,39,39,16,51,51,51,23,23,23,23,23,23],"gold":146,"neow_bonus":"BOSS_RELIC","is_daily":false,"chose_seed":false,"campfire_upgraded":4,"win_rate":0.0,"timestamp":1614224935,"path_taken":["M","?","?","M","?","R","E","R","T","?","M","?","E","M","R","BOSS","M","?","M","$","?","R","E"],"items_purchased_type":["Relic","Card","Card"],"build_version":"2020-12-22","purchased_purges":2,"victory":false,"max_hp_per_floor":[68,68,68,68,68,68,68,68,68,68,68,62,62,62,62,62,62,62,62,62,62,43,43,43,43],"card_choices":[{"not_picked":["Protect","Sanctity"],"picked":"CutThroughFate","floor":1.0},{"not_picked":["EmptyFist","FlyingSleeves"],"picked":"CarveReality","floor":4.0},{"not_picked":["Crescendo","ForeignInfluence"],"picked":"Establishment","floor":7.0},{"not_picked":["FlurryOfBlows","Vengeance"],"picked":"SashWhip","floor":11.0},{"not_picked":["SashWhip","ClearTheMind"],"picked":"Evaluate","floor":13.0},{"not_picked":["JustLucky","Crescendo"],"picked":"WindmillStrike","floor":14},{"not_picked":["MasterReality","Alpha"],"picked":"Brilliance","floor":16},{"not_picked":["SashWhip+1","WaveOfTheHand","BowlingBash"],"picked":"SKIP","floor":18},{"not_picked":["EmptyFist","Prostrate","FlurryOfBlows"],"picked":"SKIP","floor":20}],"player_experience":1345825,"relics_obtained":[{"floor":7.0,"key":"Bronze Scales"},{"floor":9.0,"key":"Akabeko"},{"floor":13.0,"key":"Pen Nib"}],"event_choices":[{"damage_healed":0.0,"max_hp_gain":0.0,"max_hp_loss":0.0,"gold_gain":75.0,"event_name":"World of Goop","player_choice":"Gather Gold","floor":2.0,"gold_loss":0.0,"damage_taken":11.0},{"damage_healed":0.0,"max_hp_gain":0.0,"max_hp_loss":0.0,"gold_gain":0.0,"event_name":"Shining Light","player_choice":"Entered Light","floor":3.0,"gold_loss":0.0,"damage_taken":20.0,"cards_upgraded":["Defend_P","Eruption"]},{"damage_healed":22.0,"max_hp_gain":0.0,"max_hp_loss":0.0,"gold_gain":0.0,"event_name":"Big Fish","player_choice":"Banana","floor":5.0,"gold_loss":0.0,"damage_taken":0.0},{"damage_healed":0.0,"max_hp_gain":0.0,"max_hp_loss":6.0,"gold_gain":0.0,"event_name":"Golden Idol","player_choice":"Lose Max HP","floor":12.0,"gold_loss":0.0,"damage_taken":0.0,"relics_obtained":["Golden Idol"]},{"damage_healed":0,"gold_gain":0,"player_choice":"Opened","damage_taken":0,"relics_obtained":["Ancient Tea Set"],"max_hp_gain":0,"max_hp_loss":0,"event_name":"The Mausoleum","floor":19,"gold_loss":0,"cards_obtained":["Writhe"]},{"damage_healed":0,"gold_gain":0,"player_choice":"Became a vampire","damage_taken":0,"max_hp_gain":0,"max_hp_loss":19,"event_name":"Vampires","floor":22,"gold_loss":0,"cards_obtained":["Bite","Bite","Bite","Bite","Bite"]}],"is_beta":false,"boss_relics":[{"not_picked":["Fusion Hammer","Cursed Key"],"picked":"Sozu"}],"items_purged_floors":[10,21],"is_endless":false,"potions_floor_spawned":[4,7,11,13,14],"killed_by":"Slavers","ascension_level":20}}