{"host":"prxrhpgaxnj4om9r","time":1614226151,"event":{"mods":["AchievementEnabler","BaseMod","Colored Map","DeckTracker","Minty Spire (QoL Compilation)"],"gold_per_floor":[113,113,123,298,298,298,332,37,83,103,103,147,147,175,175,279,351,371,388,9,35,80,80,105,134,157,157,183,37,136,136,136,238,238,257,257,274,274,299,338,396,396,396,422,62,82,62,91,91,91],"floor_reached":51,"language":"KOR","playtime":2142,"items_purged":["Doubt"],"score":1148,"play_id":"cc3d0d80-47a7-4560-9097-fc5085c4ab59","local_time":"20210225130911","is_ascension_mode":true,"campfire_choices":[{"data":"Bandage Up","floor":6,"key":"SMITH"},{"data":"FollowUp","floor":11,"key":"SMITH"},{"data":"Crescendo","floor":13,"key":"SMITH"},{"data":"Vigilance","floor":15,"key":"SMITH"},{"data":"1","floor":23,"key":"LIFT"},{"data":"2","floor":27,"key":"LIFT"},{"data":"3","floor":32,"key":"LIFT"},{"data":"Ghostly","floor":42,"key":"SMITH"},{"data":"TalkToTheHand","floor":49,"key":"SMITH"}],"circlet_count":0,"master_deck":["Eruption+1","Vigilance+1","Bandage Up+1","CutThroughFate","DeusExMachina","Sanctity","FollowUp+1","Crescendo+1","Consecrate","Ragnarok","WindmillStrike+1","Halt+1","DeusExMachina","Collect","Worship","InnerPeace","Brilliance","Blasphemy","TalkToTheHand+1","SashWhip+1","Ghostly+1","Ghostly","Ghostly+1","Ghostly","Ghostly","WheelKick","LessonLearned","ThirdEye+1","Vault+1","MentalFortress+1","ReachHeaven+1","Tantrum"],"relics":["PureWater","Ornamental Fan","Gremlin Horn","CeramicFish","Oddly Smooth Stone","Lantern","Boot","Pandora\u0027s Box","Girya","Singing Bowl","Blood Vial","MealTicket","Coffee Dripper","Toxic Egg 2","Question Card","Peace Pipe","The Courier","Nunchaku","Lee\u0027s Waffle","Potion Belt"],"acts_visited":["Exordium","TheCity","TheBeyond"],"potions_floor_usage":[7,12,16,33,33,35,46,46,48,50,50],"damage_taken":[{"damage":0,"enemies":"Jaw Worm","floor":1,"turns":2},{"damage":0,"enemies":"2 Louse","floor":3,"turns":2},{"damage":30,"enemies":"Gremlin Nob","floor":7,"turns":4},{"damage":1,"enemies":"Cultist","floor":10,"turns":4},{"damage":2,"enemies":"3 Sentries","floor":12,"turns":5},{"damage":0,"enemies":"Looter","floor":14,"turns":2},{"damage":59,"enemies":"Hexaghost","floor":16,"turns":10},{"damage":0,"enemies":"3 Byrds","floor":18,"turns":3},{"damage":1,"enemies":"Chosen","floor":19,"turns":3},{"damage":20,"enemies":"Centurion and Healer","floor":21,"turns":5},{"damage":2,"enemies":"Chosen and Byrds","floor":24,"turns":6},{"damage":3,"enemies":"Book of Stabbing","floor":25,"turns":4},{"damage":0,"enemies":"Gremlin Leader","floor":28,"turns":3},{"damage":0,"enemies":"Champ","floor":33,"turns":6},{"damage":0,"enemies":"3 Shapes","floor":35,"turns":1},{"damage":0,"enemies":"Orb Walker","floor":37,"turns":3},{"damage":2,"enemies":"Jaw Worm Horde","floor":39,"turns":4},{"damage":1,"enemies":"Reptomancer","floor":40,"turns":5},{"damage":0,"enemies":"2 Orb Walkers","floor":41,"turns":5},{"damage":3,"enemies":"Nemesis","floor":44,"turns":5},{"damage":0,"enemies":"Writhing Mass","floor":46,"turns":4},{"damage":10,"enemies":"Spire Growth","floor":48,"turns":5},{"damage":15,"enemies":"Awakened One","floor":50,"turns":9}],"seed_played":"7274062844530349317","potions_obtained":[{"floor":3,"key":"DuplicationPotion"},{"floor":7,"key":"StancePotion"},{"floor":10,"key":"StancePotion"},{"floor":21,"key":"BottledMiracle"},{"floor":25,"key":"Ambrosia"},{"floor":28,"key":"Fire Potion"},{"floor":35,"key":"Dexterity Potion"},{"floor":41,"key":"Dexterity Potion"},{"floor":46,"key":"SpeedPotion"},{"floor":47,"key":"SpeedPotion"}],"is_trial":false,"path_per_floor":["M","?","M","?","T","R","E","$","T","M","R","E","R","M","R","B",null,"M","M","$","M","?","R","M","E","T","R","E","$","?","?","R","B",null,"M","$","M","T","M","E","?","R","T","E","$","M","?","M","R","B",null],"character_chosen":"WATCHER","items_purchased":["CeramicFish","Oddly Smooth Stone","Girya","LessonLearned","Lee\u0027s Waffle","Potion Belt","AttackPotion","Dexterity Potion","Energy Potion"],"campfire_rested":0,"item_purchase_floors":[8,8,20,29,45,45,45,45,45],"current_hp_per_floor":[69,69,72,72,72,72,48,48,48,53,53,57,57,57,57,4,55,61,66,66,52,36,36,36,35,35,35,39,40,40,40,40,42,42,42,42,44,44,42,43,44,44,44,46,53,55,55,45,45,38],"gold":91,"neow_bonus":"RANDOM_COLORLESS","is_daily":false,"chose_seed":false,"campfire_upgraded":6,"win_rate":0.0,"timestamp":1614226151,"path_taken":["M","?","M","?","?","R","E","$","T","M","R","E","R","M","R","BOSS","M","M","$","?","?","R","M","E","T","R","E","$","?","?","R","BOSS","M","$","M","?","?","E","?","R","T","E","$","M","?","M","R","BOSS"],"items_purchased_type":["Relic","Relic","Relic","Card","Relic","Relic","Potion","Potion","Potion"],"build_version":"2020-12-22","purchased_purges":1,"victory":true,"max_hp_per_floor":[72,72,72,72,72,72,72,72,72,72,72,72,72,72,72,72,72,72,72,72,72,36,36,36,38,38,38,40,40,40,40,40,42,42,42,42,44,44,44,44,44,44,44,46,53,55,55,55,55,55],"card_choices":[{"not_picked":["Impatience","Good Instincts"],"picked":"Bandage Up","floor":0},{"not_picked":["ThirdEye","FlyingSleeves"],"picked":"CutThroughFate","floor":1},{"not_picked":["Halt","WindmillStrike"],"picked":"DeusExMachina","floor":3},{"not_picked":["EmptyFist","ConjureBlade"],"picked":"Sanctity","floor":7},{"not_picked":["CrushJoints","BattleHymn"],"picked":"FollowUp","floor":10},{"not_picked":["FlyingSleeves","Adaptation"],"picked":"Crescendo","floor":12},{"not_picked":["PathToVictory","Nirvana"],"picked":"Consecrate","floor":14},{"not_picked":["Establishment","Alpha"],"picked":"Ragnarok","floor":16},{"not_picked":["BowlingBash","FlyingSleeves+1"],"picked":"TalkToTheHand","floor":18},{"not_picked":["Study","WaveOfTheHand","PathToVictory"],"picked":"SKIP","floor":19},{"not_picked":["Evaluate","Crescendo+1"],"picked":"SashWhip+1","floor":21},{"not_picked":["SashWhip","EmptyMind"],"picked":"WheelKick","floor":24},{"not_picked":["SashWhip+1","Fasting2","Vault"],"picked":"Singing Bowl","floor":25},{"not_picked":["CrushJoints","SashWhip","JustLucky"],"picked":"Singing Bowl","floor":28},{"not_picked":["Scrawl","DeusExMachina","MasterReality"],"picked":"Singing Bowl","floor":33},{"not_picked":["Halt","Prostrate"],"picked":"ThirdEye+1","floor":35},{"not_picked":["CrushJoints+1","EmptyBody","WaveOfTheHand+1"],"picked":"Singing Bowl","floor":37},{"not_picked":["Consecrate","InnerPeace+1"],"picked":"Vault+1","floor":39},{"not_picked":["FlurryOfBlows","ClearTheMind+1"],"picked":"MentalFortress+1","floor":40},{"not_picked":["FearNoEvil+1","Evaluate+1","Tantrum"],"picked":"ReachHeaven+1","floor":41},{"not_picked":["SashWhip+1","Wallop","ConjureBlade+1","FollowUp+1"],"picked":"Singing Bowl","floor":44},{"not_picked":["PathToVictory+1","Consecrate+1","Evaluate+1","JustLucky+1"],"picked":"Singing Bowl","floor":46},{"not_picked":["SignatureMove","FlurryOfBlows+1","EmptyFist"],"picked":"Tantrum","floor":48}],"player_experience":643109,"relics_obtained":[{"floor":5,"key":"Ornamental Fan"},{"floor":7,"key":"Gremlin Horn"},{"floor":9,"key":"Lantern"},{"floor":12,"key":"Boot"},{"floor":25,"key":"Singing Bowl"},{"floor":26,"key":"Blood Vial"},{"floor":28,"key":"MealTicket"},{"floor":38,"key":"Toxic Egg 2"},{"floor":40,"key":"Question Card"},{"floor":41,"key":"Peace Pipe"},{"floor":43,"key":"The Courier"},{"floor":44,"key":"Nunchaku"}],"event_choices":[{"damage_healed":0,"gold_gain":0,"player_choice":"Grow","damage_taken":0,"max_hp_gain":0,"max_hp_loss":0,"event_name":"Living Wall","floor":2,"gold_loss":0,"cards_upgraded":["Eruption"]},{"damage_healed":0,"gold_gain":175,"player_choice":"AGREE","damage_taken":0,"max_hp_gain":0,"max_hp_loss":0,"event_name":"Liars Game","floor":4,"gold_loss":0,"cards_obtained":["Doubt"]},{"damage_healed":0,"gold_gain":0,"player_choice":"Became a Ghost","damage_taken":0,"max_hp_gain":0,"max_hp_loss":36,"event_name":"Ghosts","floor":22,"gold_loss":0,"cards_obtained":["Ghostly","Ghostly","Ghostly","Ghostly","Ghostly"]},{"damage_healed":0,"gold_gain":99,"player_choice":"Stole From Cult","damage_taken":0,"max_hp_gain":0,"max_hp_loss":0,"event_name":"Nest","floor":30,"gold_loss":0},{"damage_healed":0,"gold_gain":0,"player_choice":"Got Potions","damage_taken":0,"max_hp_gain":0,"max_hp_loss":0,"event_name":"Lab","floor":31,"gold_loss":0},{"damage_healed":0,"gold_gain":0,"player_choice":"Fight","damage_taken":0,"max_hp_gain":0,"max_hp_loss":0,"event_name":"Mysterious Sphere","floor":41,"gold_loss":0},{"damage_healed":0,"gold_gain":0,"player_choice":"Bought 1 Potion","damage_taken":0,"max_hp_gain":0,"max_hp_loss":0,"event_name":"The Woman in Blue","floor":47,"gold_loss":0}],"is_beta":false,"boss_relics":[{"not_picked":["SlaversCollar","Tiny House"],"picked":"Pandora\u0027s Box"},{"not_picked":["Fusion Hammer","Philosopher\u0027s Stone"],"picked":"Coffee Dripper"}],"items_purged_floors":[20],"is_endless":false,"potions_floor_spawned":[3,7,10,21,25,28,35,41,46],"ascension_level":7}}