{"host":"xltl1aroowo69o4n","time":1614242139,"event":{"mods":["BaseMod","Colored Map","Colored Powertips","Downfall","Koishi","Marisa????????","Minty Spire (QoL Compilation)","Replay The Spire","StSLib","The Cursed","The Hierophant","The Mystic","The Necromancer","The Servant 0.9.4"],"gold_per_floor":[99,114,11,25,10,25,25,42,27,44,44,64,64,16,30,132,132,132,151,38,38,52,70,95,108,48,62,78,109,9,43,57,148,148,48,64,109,109,127,152,152,165,215,228,259,274,274,3,24,14],"floor_reached":51,"language":"ENG","playtime":2978,"items_purged":["Regret","ReplayTheSpireMod:Doomed"],"score":845,"play_id":"10091305-7dea-410d-8006-328624aed44e","local_time":"20210225033539","is_ascension_mode":true,"campfire_choices":[{"floor":1,"key":"DIG"},{"floor":11,"key":"REST"},{"floor":18,"key":"RECALL"},{"floor":30,"key":"REST"},{"floor":35,"key":"REST"},{"floor":47,"key":"REST"}],"circlet_count":0,"master_deck":["Koishi:BasicStrike","Koishi:BasicStrike","Koishi:BasicStrike","Koishi:BasicStrike","Koishi:BasicDefend","Koishi:BasicDefend","Koishi:BasicDefend","Koishi:BasicDefend","Koishi:Provoke","Koishi:HauntingSlash","Koishi:JumpScare","Koishi:StingingMind","Replay:SS_hec_1","Koishi:UnansweredLove","Koishi:StingingMind","Koishi:VengefulSpirit","Koishi:TraumaticStroke","Koishi:MentalBreakdown","Koishi:MindNumbingTerror","Koishi:TremblingHands","Koishi:UnansweredLove","Koishi:BramblyRoseGarden","Koishi:UnseenTerror+1","Koishi:HeartStoppingHorror","Koishi:PredatoryInstincts","Koishi:MassHysteria","Panache","Koishi:BloodcurdlingScream","Koishi:StrangeCloudFist","Koishi:SpiritedAway","Koishi:UnseenTerror+1","Koishi:UnseenTerror+1","Koishi:StingingMind","Koishi:Possession","ReplayTheSpireMod:Splinters","Koishi:FreudianInstinct+1","Koishi:RollingInRichesHeart","Koishi:PerfectMindControl","Koishi:EmbryosDream+1","Koishi:BramblyRoseGarden+1","Koishi:ImGoingToCallYouNow","Koishi:ApparitionsStalkTheNight","Koishi:DanmakuParanoia+1","Koishi:RuptureMind","Koishi:DNAsFlaw+1","Koishi:UnansweredLove","expansioncontent:StudyTheSpire","ReplayTheSpireMod:Private Reserves","Koishi:DNAsFlaw+1"],"relics":["Koishi:ImaginaryFriend","Unceasing Top","Onion Ring","ReplayTheSpireMod:Lightbulb","Pen Nib","Replay:Grab Bag","Painkiller Herb","Fusion Hammer","Snecko Heart","Koishi:BloodstainedWhiteRose","Bottled Lightning","downfall:HeartBlessingRed","Gambling Chip","Honey Jar","downfall:HeartBlessingBlue","Replay:Arrowhead","Replay:Bottled Eggs","Ancient Tea Set","Replay:Bottled Flurry","ReplayTheSpireMod:Ring of Challenge","Ring of Greed","Golden Idol","Blue Doll","InkBottle"],"acts_visited":["Exordium","TheCity","TheBeyond"],"potions_floor_usage":[14,16,20,20,20,25,25,37,40,50,50],"damage_taken":[{"damage":1,"enemies":"Cultist","floor":2,"turns":4},{"damage":0,"enemies":"downfall:FleeingMerchant","floor":3,"turns":4},{"damage":16,"enemies":"Small Slimes","floor":4,"turns":3},{"damage":0,"enemies":"downfall:FleeingMerchant","floor":5,"turns":4},{"damage":0,"enemies":"Jaw Worm","floor":6,"turns":3},{"damage":0,"enemies":"Large Slime","floor":8,"turns":3},{"damage":12,"enemies":"downfall:FleeingMerchant","floor":9,"turns":4},{"damage":9,"enemies":"Red Slaver","floor":10,"turns":2},{"damage":5,"enemies":"Blue Slaver","floor":12,"turns":2},{"damage":4,"enemies":"downfall:FleeingMerchant","floor":14,"turns":4},{"damage":30,"enemies":"Exordium Thugs","floor":15,"turns":4},{"damage":25,"enemies":"SI_SHIV_ARCHETYPE","floor":16,"turns":6},{"damage":33,"enemies":"Shell Parasite","floor":19,"turns":5},{"damage":2,"enemies":"downfall:FleeingMerchant","floor":20,"turns":5},{"damage":11,"enemies":"3 Byrds","floor":22,"turns":3},{"damage":0,"enemies":"Sentry and Sphere","floor":23,"turns":4},{"damage":10,"enemies":"Snake Plant","floor":25,"turns":2},{"damage":9,"enemies":"Centurion and Healer","floor":27,"turns":2},{"damage":8,"enemies":"Snecko","floor":28,"turns":3},{"damage":16,"enemies":"Slavers","floor":29,"turns":3},{"damage":5,"enemies":"Chosen and Byrds","floor":32,"turns":4},{"damage":39,"enemies":"DF_ARCHETYPE_CLAW","floor":33,"turns":6},{"damage":20,"enemies":"3 Shapes","floor":36,"turns":5},{"damage":13,"enemies":"3 Shapes","floor":37,"turns":6},{"damage":6,"enemies":"3 Darklings","floor":39,"turns":3},{"damage":29,"enemies":"Nemesis","floor":40,"turns":5},{"damage":27,"enemies":"Jaw Worm Horde","floor":42,"turns":4},{"damage":1,"enemies":"Writhing Mass","floor":44,"turns":3},{"damage":62,"enemies":"Giant Head","floor":45,"turns":8},{"damage":0,"enemies":"Transient","floor":46,"turns":5},{"damage":3,"enemies":"Jaw Worm Horde","floor":49,"turns":3},{"damage":22,"enemies":"IC_BLOCK_ARCHETYPE","floor":50,"turns":9}],"seed_played":"6297104918532067503","potions_obtained":[{"floor":6,"key":"DuplicationPotion"},{"floor":10,"key":"Adrenaline Potion"},{"floor":15,"key":"Swift Potion"},{"floor":16,"key":"ColorlessPotion"},{"floor":19,"key":"BlessingOfTheForge"},{"floor":22,"key":"PowerPotion"},{"floor":25,"key":"Weak Potion"},{"floor":29,"key":"Languid Potion"},{"floor":33,"key":"Energy Potion"},{"floor":36,"key":"FairyPotion"},{"floor":42,"key":"Guardian:BlockOnCardUsePotion"},{"floor":44,"key":"Swift Potion"},{"floor":45,"key":"Energy Potion"},{"floor":46,"key":"Weak Potion"}],"is_trial":false,"path_per_floor":["R_BF","M","$","M","$","M","T","M","$","M","R","M","?","$","M","B",null,"T","?","T","?","?","?","T","?","T","?","?","E","T","?","?","B",null,"T","?","?","T","?","E","T","?","?","?","E","?","T","T","?","B",null],"character_chosen":"KOISHI","items_purchased":["Replay:SS_hec_1","Koishi:BramblyRoseGarden","Koishi:BloodstainedWhiteRose","DistilledChaos","Panache","Koishi:UnseenTerror","expansioncontent:StudyTheSpire","ReplayTheSpireMod:Private Reserves"],"campfire_rested":4,"item_purchase_floors":[3,14,20,20,20,26,48,48],"current_hp_per_floor":[60,60,60,50,50,53,53,53,41,39,57,60,60,56,33,19,60,60,35,44,44,47,53,53,53,53,53,60,51,60,60,60,40,60,70,70,70,70,70,70,70,69,69,70,37,59,70,70,70,70],"gold":14,"neow_bonus":"ONE_RARE_RELIC","is_daily":false,"chose_seed":false,"campfire_upgraded":0,"win_rate":0.0,"timestamp":1614242139,"path_taken":["R_BF","M","?","?","$","M","T","M","$","M","R","M","?","?","M","BOSS","T","?","T","?","?","?","T","?","T","?","?","E","T","?","?","BOSS","T","?","?","?","?","E","T","?","?","?","E","?","T","?","?","BOSS"],"items_purchased_type":["Card","Card","Relic","Potion","Card","Card","Card","Card"],"build_version":"2020-12-13","purchased_purges":2,"victory":true,"max_hp_per_floor":[60,60,60,60,60,60,60,60,60,60,60,60,60,60,60,60,60,60,60,60,60,60,60,60,60,60,60,60,60,60,60,60,60,60,70,70,70,70,70,70,70,70,70,70,70,70,70,70,70,70],"card_choices":[{"not_picked":["Koishi:PhantomStrike","Koishi:FourthEye"],"picked":"Koishi:JumpScare","floor":2},{"not_picked":["Koishi:LastRemote","Koishi:Jaunt"],"picked":"Koishi:StingingMind","floor":3},{"not_picked":["Koishi:SprinkleStarAndHeart","Koishi:RoseHell"],"picked":"Koishi:UnansweredLove","floor":4},{"not_picked":["Koishi:SubconsciousSweep","Koishi:PhilosophyOfTheDespised"],"picked":"Koishi:StingingMind","floor":5},{"not_picked":["Koishi:CatchAndRose","Koishi:Jaunt"],"picked":"Koishi:VengefulSpirit","floor":6},{"not_picked":["Koishi:UnansweredLove","Koishi:SpiritedAway"],"picked":"Koishi:TraumaticStroke","floor":8},{"not_picked":["Koishi:Prune","Koishi:TerrifyingSpectre"],"picked":"Koishi:MentalBreakdown","floor":9},{"not_picked":["Koishi:SubconsciousSweep","Koishi:Prune"],"picked":"Koishi:MindNumbingTerror","floor":10},{"not_picked":["Koishi:Bloodlust","Koishi:Prune"],"picked":"Koishi:TremblingHands","floor":12},{"not_picked":["Koishi:SubterraneanRose","Koishi:Bloodlust"],"picked":"Koishi:UnansweredLove","floor":14},{"not_picked":["Koishi:ReleaseOfTheId","Koishi:Whimsy"],"picked":"Koishi:UnseenTerror","floor":15},{"not_picked":["Koishi:MindStellarRelief","Koishi:ConfinedInnocent"],"picked":"Koishi:HeartStoppingHorror","floor":16},{"not_picked":["Koishi:Prune","Koishi:CatchAndRose"],"picked":"Koishi:PredatoryInstincts","floor":19},{"not_picked":["Koishi:HeartAttack+1","Koishi:EmbryosDream"],"picked":"Koishi:MassHysteria","floor":20},{"not_picked":["Koishi:SubconsciousSweep+1","Koishi:JumpScare+1"],"picked":"Koishi:BloodcurdlingScream","floor":22},{"not_picked":["Koishi:TraumaticStroke+1","Koishi:HeartfeltFancy"],"picked":"Koishi:StrangeCloudFist","floor":23},{"not_picked":["Koishi:Prune","Koishi:UnansweredLove"],"picked":"Koishi:SpiritedAway","floor":25},{"not_picked":["Koishi:Prune","Koishi:SpiritedAway"],"picked":"Koishi:StingingMind","floor":27},{"not_picked":["Koishi:IdleWhim+1","Koishi:UnconsciousUprising","Koishi:SubterraneanRose+1"],"picked":"SKIP","floor":28},{"not_picked":["Koishi:PhantomBarrier","Koishi:ReleaseOfTheId+1"],"picked":"Koishi:Possession","floor":29},{"not_picked":["Koishi:Vanish","Koishi:Bloodlust"],"picked":"Koishi:FreudianInstinct+1","floor":31},{"not_picked":["Koishi:PredatoryInstincts+1","Koishi:UnseenTerror"],"picked":"Koishi:RollingInRichesHeart","floor":32},{"not_picked":["Koishi:ConditionedTeleport","Koishi:MentalBreakdown"],"picked":"Koishi:PerfectMindControl","floor":33},{"not_picked":["Koishi:Vanish","Koishi:ReflexRadar+1","Koishi:FleetingPhantom"],"picked":"Koishi:EmbryosDream+1","floor":36},{"not_picked":["Koishi:UnconsciousUrges+1","Koishi:BloodcurdlingScream","Koishi:PhilosophyOfTheDespised"],"picked":"Koishi:BramblyRoseGarden+1","floor":37},{"not_picked":["Koishi:UnconsciousUrges","Koishi:EmbryosDream+1","Koishi:UnansweredLove"],"picked":"Koishi:ImGoingToCallYouNow","floor":39},{"not_picked":["Koishi:BramblyRoseGarden+1","Koishi:CatchAndRose+1","Koishi:LastRemote+1"],"picked":"Koishi:ApparitionsStalkTheNight","floor":40},{"not_picked":["Koishi:FleetingPhantom+1","Koishi:Jaunt+1","Koishi:StingingMind"],"picked":"Koishi:DanmakuParanoia+1","floor":42},{"not_picked":["Koishi:HeartAttack+1","Koishi:UnconsciousUrges+1","Koishi:Jaunt"],"picked":"Koishi:RuptureMind","floor":44},{"not_picked":["Koishi:UnconsciousUprising+1","Koishi:Prune+1","Koishi:StingingMind+1"],"picked":"Koishi:DNAsFlaw+1","floor":45},{"not_picked":["Koishi:CatchAndRose","Koishi:FourthEye+1","Koishi:BloodcurdlingScream+1"],"picked":"Koishi:UnansweredLove","floor":46},{"not_picked":["Koishi:LastRemote","Koishi:EmbryosDream+1","Koishi:SpiritedAway+1"],"picked":"Koishi:DNAsFlaw+1","floor":49}],"player_experience":280970,"relics_obtained":[{"floor":1,"key":"Onion Ring"},{"floor":7,"key":"ReplayTheSpireMod:Lightbulb"},{"floor":29,"key":"Bottled Lightning"},{"floor":31,"key":"Gambling Chip"},{"floor":37,"key":"Replay:Arrowhead"},{"floor":38,"key":"Replay:Bottled Eggs"},{"floor":40,"key":"Ancient Tea Set"},{"floor":41,"key":"Replay:Bottled Flurry"},{"floor":43,"key":"ReplayTheSpireMod:Ring of Challenge"},{"floor":43,"key":"Ring of Greed"},{"floor":43,"key":"Golden Idol"},{"floor":43,"key":"Blue Doll"},{"floor":45,"key":"InkBottle"}],"event_choices":[{"damage_healed":0,"gold_gain":0,"player_choice":"Box","damage_taken":0,"relics_obtained":["Pen Nib"],"max_hp_gain":0,"max_hp_loss":0,"event_name":"Big Fish","floor":13,"gold_loss":0,"cards_obtained":["Regret"]}],"is_beta":false,"boss_relics":[{"not_picked":["ChewingGum","Abe\u0027s Treasure"],"picked":"Replay:Grab Bag"},{"not_picked":["Replay:Wanted Poster","Philosopher\u0027s Stone"],"picked":"Painkiller Herb"},{"not_picked":["Sozu","Coffee Dripper"],"picked":"Fusion Hammer"},{"not_picked":["Ring of Chaos","SacredBark"],"picked":"Snecko Heart"},{"not_picked":["Kintsugi","Empty Cage"],"picked":"Honey Jar"}],"items_purged_floors":[20,48],"is_endless":false,"potions_floor_spawned":[6,10,15,16,19,22,25,29,33,36,42,44,45,46],"ascension_level":2}}