{"host":"kzw87w9fb0mudblt","time":1614290955,"event":{"mods":["BaseMod","Colored Map","Minty Spire (QoL Compilation)","Replay The Spire","StSLib","SuperFastMode"],"gold_per_floor":[119,136,136,211,62,62,62,74,101,27,42,56,56,70,70,190,290,310,200,200,219,243,243,264,189,189,189,189],"floor_reached":27,"language":"ENG","playtime":1662,"items_purged":["Regret","Defend_P","Injury"],"score":255,"play_id":"ebcf32ab-e51c-4747-a73a-1f1e30433fa2","local_time":"20210225230915","is_ascension_mode":false,"campfire_choices":[{"data":"Eruption","floor":6,"key":"SMITH"},{"data":"SandsOfTime","floor":15,"key":"SMITH"},{"floor":23,"key":"REST"}],"circlet_count":0,"master_deck":["Strike_P","Strike_P","Strike_P","Defend_P","Defend_P","Defend_P","Eruption+1","Vigilance","Indignation","InnerPeace","Conclude","Prostrate","Prostrate","SandsOfTime+1","Establishment","Bandage Up+1","FearNoEvil+1","FlyingSleeves+1"],"relics":["PureWater","ReplayFunnel","Blue Doll","Gremlin Horn","Smiling Mask","Golden Idol","Replay:Wanted Poster","Eternal Feather"],"acts_visited":["Exordium","TheCity"],"potions_floor_usage":[12,14,21,27],"damage_taken":[{"damage":1,"enemies":"Jaw Worm","floor":1,"turns":5},{"damage":0,"enemies":"Small Slimes","floor":2,"turns":4},{"damage":0,"enemies":"2 Louse","floor":8,"turns":1},{"damage":0,"enemies":"2 Fungi Beasts","floor":11,"turns":2},{"damage":5,"enemies":"Looter","floor":12,"turns":2},{"damage":2,"enemies":"Large Slime","floor":14,"turns":5},{"damage":0,"enemies":"Slime Boss","floor":16,"turns":6},{"damage":4,"enemies":"Spheric Guardian","floor":18,"turns":2},{"damage":9,"enemies":"Chosen","floor":21,"turns":4},{"damage":61,"enemies":"Snecko","floor":22,"turns":6},{"damage":19,"enemies":"Chosen and Byrds","floor":24,"turns":7},{"damage":22,"enemies":"Centurion and Healer","floor":27,"turns":4}],"seed_played":"-3982439597117474752","potions_obtained":[{"floor":8,"key":"FearPotion"},{"floor":12,"key":"Adrenaline Potion"},{"floor":16,"key":"Milkshake"},{"floor":18,"key":"GamblersBrew"},{"floor":24,"key":"Dexterity Potion"}],"is_trial":false,"path_per_floor":["M","M","?","?","$","R","T","M","T","$","M","M","?","M","R","B",null,"M","$","?","M","M","R","M","?","T","M"],"character_chosen":"WATCHER","items_purchased":["InnerPeace","Prostrate","Bandage Up+1"],"campfire_rested":1,"item_purchase_floors":[5,10,19],"current_hp_per_floor":[71,71,71,60,60,60,60,60,60,60,60,55,55,53,53,53,72,68,68,68,59,4,25,12,12,12,0,0],"gold":189,"neow_bonus":"RANDOM_COMMON_RELIC","is_daily":false,"chose_seed":false,"campfire_upgraded":2,"win_rate":0.0,"timestamp":1614290955,"path_taken":["M","M","?","?","$","R","?","M","T","?","M","M","?","M","R","BOSS","M","$","?","M","M","R","M","?","T","M"],"items_purchased_type":["Card","Card","Card"],"build_version":"2020-12-22","purchased_purges":3,"victory":false,"max_hp_per_floor":[72,72,72,72,72,72,72,72,72,72,72,72,72,72,72,72,72,72,72,72,72,72,72,72,72,72,72,72],"card_choices":[{"not_picked":["Evaluate","Prostrate","Crescendo"],"picked":"SKIP","floor":1},{"not_picked":["SandsOfTime","Evaluate"],"picked":"Indignation","floor":2},{"not_picked":["Wallop","Swivel"],"picked":"Conclude","floor":8},{"not_picked":["FlurryOfBlows","Replay:BluntJabs","ClearTheMind"],"picked":"SKIP","floor":11},{"not_picked":["Replay:AtTheReady","Replay:Cycle","FlyingSleeves"],"picked":"SKIP","floor":12},{"not_picked":["DeceiveReality","Halt"],"picked":"SandsOfTime","floor":14},{"not_picked":["Judgement","Blasphemy"],"picked":"Establishment","floor":16},{"not_picked":["SashWhip+1","Evaluate","PathToVictory"],"picked":"SKIP","floor":18},{"not_picked":["Halt","DeceiveReality","Replay:Cycle"],"picked":"SKIP","floor":21},{"not_picked":["EmptyFist","CutThroughFate"],"picked":"FearNoEvil+1","floor":22},{"not_picked":["EmptyFist","Replay:ManipulateFuture+1"],"picked":"FlyingSleeves+1","floor":24}],"player_experience":31895,"relics_obtained":[{"floor":7,"key":"Gremlin Horn"},{"floor":9,"key":"Smiling Mask"},{"floor":26,"key":"Eternal Feather"}],"event_choices":[{"damage_healed":0,"gold_gain":0,"player_choice":"Box","damage_taken":0,"relics_obtained":["Blue Doll"],"max_hp_gain":0,"max_hp_loss":0,"event_name":"Big Fish","floor":3,"gold_loss":0,"cards_obtained":["Regret"]},{"damage_healed":0,"gold_gain":75,"player_choice":"Gather Gold","damage_taken":11,"max_hp_gain":0,"max_hp_loss":0,"event_name":"World of Goop","floor":4,"gold_loss":0},{"damage_healed":0,"gold_gain":0,"player_choice":"Take Wound","damage_taken":0,"relics_obtained":["Golden Idol"],"max_hp_gain":0,"max_hp_loss":0,"event_name":"Golden Idol","floor":13,"gold_loss":0,"cards_obtained":["Injury"]},{"damage_healed":0,"gold_gain":0,"player_choice":"Ignored","damage_taken":0,"max_hp_gain":0,"max_hp_loss":0,"event_name":"Cursed Tome","floor":20,"gold_loss":0},{"cards_removed":["Strike_P"],"damage_healed":0,"gold_gain":0,"player_choice":"Gave Gold","damage_taken":0,"max_hp_gain":0,"max_hp_loss":0,"event_name":"Beggar","floor":25,"gold_loss":75}],"is_beta":false,"boss_relics":[{"not_picked":["Replay:Drink Me","Replay:Ancient Bell"],"picked":"Replay:Wanted Poster"}],"items_purged_floors":[5,10,19],"is_endless":false,"potions_floor_spawned":[8,12,16,18,24],"killed_by":"Centurion and Healer","ascension_level":0}}