{"host":"kybn6ox37urbij4t","time":1614249700,"event":{"mods":["Aspiration","BaseMod","Better Third Choice","Dota2Spire","Downfall","Hermit","Minty Spire (QoL Compilation)","Reliquary","Replay The Spire","Robot Space Explorer","StSLib","The Blue Laboratory","TheWitcher"],"gold_per_floor":[118,118,118,118,133,133,167,167,167,197,224,224,242,269,281,293,293],"floor_reached":16,"language":"ENG","playtime":514,"items_purged":[],"score":219,"play_id":"86e4551b-df97-48e9-ae53-1f439aa07d11","local_time":"20210225114140","is_ascension_mode":true,"campfire_choices":[{"data":"BasicCrystalCard","floor":6,"key":"SMITH"},{"data":"Zap","floor":8,"key":"SMITH"},{"floor":15,"key":"REST"}],"circlet_count":0,"master_deck":["AscendersBane","Strike_B","Strike_B","Strike_B","Strike_B","Defend_B","Defend_B","Defend_B","Zap+1","Dualcast","BasicCrystalCard+1","Ball Lightning","Beam Cell","Steam","Chill","Pain","Go for the Eyes"],"relics":["Cracked Core","NeowsBlessing","Tiny Chest","Solar Panel","Odd Mushroom","aspiration:MysteriousAuxiliaryCore","WarpedTongs","MawBank"],"acts_visited":["Exordium"],"potions_floor_usage":[],"damage_taken":[{"damage":0,"enemies":"Cultist","floor":1,"turns":1},{"damage":0,"enemies":"2 Louse","floor":5,"turns":1},{"damage":0,"enemies":"3 Sentries","floor":7,"turns":1},{"damage":24,"enemies":"The Mushroom Lair","floor":10,"turns":4},{"damage":34,"enemies":"Gremlin Nob","floor":11,"turns":4},{"damage":0,"enemies":"Small Slimes","floor":13,"turns":2},{"damage":20,"enemies":"3 Sentries","floor":14,"turns":7},{"damage":34,"enemies":"Slime Boss","floor":16,"turns":7}],"seed_played":"-9206068261471815412","potions_obtained":[{"floor":1,"key":"sneckomod:MuddlingPotion"},{"floor":10,"key":"blueLaboratory:HeartbeatPotion"}],"is_trial":false,"path_per_floor":["M","$","?","?","M","R","E","R","T","?","E","?","M","E","R","B"],"character_chosen":"DEFECT","items_purchased":[],"campfire_rested":1,"item_purchase_floors":[],"current_hp_per_floor":[68,68,68,73,73,73,73,73,73,53,19,19,23,5,29,0,0],"gold":293,"neow_bonus":"THREE_ENEMY_KILL","is_daily":false,"chose_seed":false,"campfire_upgraded":2,"win_rate":0.0,"timestamp":1614249700,"path_taken":["M","?","?","?","M","R","E","R","T","?","E","?","?","E","R","BOSS"],"items_purchased_type":[],"build_version":"2020-12-22","purchased_purges":0,"victory":false,"max_hp_per_floor":[75,75,75,80,80,80,80,80,80,80,80,80,80,80,80,80,80],"card_choices":[{"not_picked":["ReplaySort","Panic Button"],"picked":"BasicCrystalCard","floor":1},{"not_picked":["Genetic Algorithm","Force Field"],"picked":"Ball Lightning","floor":5},{"not_picked":["ReplayTheSpireMod:Calculation Training","Rebound"],"picked":"Beam Cell","floor":7},{"not_picked":["Compile Driver","ReplayTheSpireMod:Omega Cannon"],"picked":"Steam","floor":10},{"not_picked":["Force Field","Sweeping Beam"],"picked":"Chill","floor":11},{"not_picked":["Beam Cell","Sweeping Beam"],"picked":"Go for the Eyes","floor":13},{"not_picked":["Double Energy","Skim","Mirror Shield"],"picked":"SKIP","floor":14}],"player_experience":435272,"relics_obtained":[{"floor":7,"key":"Tiny Chest"},{"floor":9,"key":"Solar Panel"},{"floor":10,"key":"Odd Mushroom"},{"floor":11,"key":"aspiration:MysteriousAuxiliaryCore"},{"floor":14,"key":"MawBank"}],"event_choices":[{"damage_healed":0,"gold_gain":0,"player_choice":"Donut","damage_taken":0,"max_hp_gain":5,"max_hp_loss":0,"event_name":"Big Fish","floor":4,"gold_loss":0},{"damage_healed":0,"gold_gain":0,"player_choice":"Fought Mushrooms","damage_taken":0,"max_hp_gain":0,"max_hp_loss":0,"event_name":"Mushrooms","floor":10,"gold_loss":0},{"damage_healed":0,"gold_gain":0,"player_choice":"Rummage","damage_taken":0,"relics_obtained":["WarpedTongs"],"max_hp_gain":0,"max_hp_loss":0,"event_name":"Accursed Blacksmith","floor":12,"gold_loss":0,"cards_obtained":["Pain"]}],"is_beta":false,"boss_relics":[],"items_purged_floors":[],"is_endless":false,"potions_floor_spawned":[1,10],"killed_by":"Slime Boss","ascension_level":11}}