{"host":"qgrlfjrqk9z96gfi","time":1614286651,"event":{"mods":["BaseMod","Block Reminder","Colored Map","Custom Start","DeckTracker","Minty Spire (QoL Compilation)"],"gold_per_floor":[117,117,131,146,19,45,45,61,61,81,109,122,122,155,155,232,232,250,250,250,264,279,309,328,328,374,400,400,73,88,103,103,176,176,195,214,51,70,70,104,124,155,155,168,179,189,189,217,217,217,217],"floor_reached":50,"language":"ENG","playtime":2240,"items_purged":["Strike_G","Bite"],"score":1446,"play_id":"a53237c3-b0f1-4792-9d2a-fbbe60df56f3","local_time":"20210225105731","is_ascension_mode":true,"campfire_choices":[{"data":"Burst","floor":7.0,"key":"SMITH"},{"data":"Cloak And Dagger","floor":13.0,"key":"SMITH"},{"floor":15.0,"key":"REST"},{"data":"Bullet Time","floor":25.0,"key":"SMITH"},{"data":"Calculated Gamble","floor":28.0,"key":"SMITH"},{"data":"Blade Dance","floor":32.0,"key":"SMITH"},{"floor":47.0,"key":"RECALL"},{"floor":49.0,"key":"REST"}],"circlet_count":0,"master_deck":["AscendersBane","Defend_G","Defend_G","Defend_G","Defend_G","Defend_G","Survivor","Neutralize+1","All Out Attack","Burst+1","Dagger Throw","Calculated Gamble+1","PiercingWail","Dagger Spray+1","Blade Dance+1","Cloak And Dagger+1","Underhanded Strike","Riddle With Holes","Slice","Glass Knife","Underhanded Strike+1","Bite","Bite","Bite","Bite","Acrobatics+1","Prepared+1","Backstab","Bullet Time+1","Tactician","Backflip","Endless Agony","Tools of the Trade","Backflip","Concentrate+1","Terror","Blade Dance"],"relics":["Ring of the Snake","Akabeko","Whetstone","Shuriken","Bottled Flame","PreservedInsect","Philosopher\u0027s Stone","Nilry\u0027s Codex","Dream Catcher","Potion Belt","Ornamental Fan","Oddly Smooth Stone","Runic Pyramid","Toy Ornithopter","Bag of Marbles","Ancient Tea Set","Dead Branch"],"acts_visited":["Exordium","TheCity","TheBeyond"],"potions_floor_usage":[50,50],"damage_taken":[{"damage":0.0,"enemies":"Jaw Worm","floor":1.0,"turns":5.0},{"damage":0.0,"enemies":"Cultist","floor":3.0,"turns":4.0},{"damage":2.0,"enemies":"Small Slimes","floor":4.0,"turns":2.0},{"damage":12.0,"enemies":"3 Sentries","floor":6.0,"turns":5.0},{"damage":1.0,"enemies":"Looter","floor":8.0,"turns":2.0},{"damage":7.0,"enemies":"Large Slime","floor":10.0,"turns":3.0},{"damage":0.0,"enemies":"Gremlin Nob","floor":11.0,"turns":2.0},{"damage":0.0,"enemies":"Red Slaver","floor":12.0,"turns":3.0},{"damage":15.0,"enemies":"Lagavulin","floor":14.0,"turns":3.0},{"damage":20.0,"enemies":"The Guardian","floor":16.0,"turns":13.0},{"damage":0.0,"enemies":"Chosen","floor":18.0,"turns":2.0},{"damage":6.0,"enemies":"2 Thieves","floor":21.0,"turns":2.0},{"damage":0.0,"enemies":"Centurion and Healer","floor":22.0,"turns":2.0},{"damage":0.0,"enemies":"Gremlin Leader","floor":23.0,"turns":3.0},{"damage":0.0,"enemies":"Shelled Parasite and Fungi","floor":24.0,"turns":1.0},{"damage":3.0,"enemies":"Slavers","floor":27.0,"turns":2.0},{"damage":0.0,"enemies":"3 Cultists","floor":30.0,"turns":2.0},{"damage":0.0,"enemies":"Snecko","floor":31.0,"turns":3.0},{"damage":41.0,"enemies":"Automaton","floor":33.0,"turns":8.0},{"damage":27.0,"enemies":"3 Shapes","floor":35.0,"turns":12.0},{"damage":0.0,"enemies":"Orb Walker","floor":36.0,"turns":2.0},{"damage":1.0,"enemies":"Writhing Mass","floor":38.0,"turns":6.0},{"damage":0.0,"enemies":"Reptomancer","floor":40.0,"turns":3.0},{"damage":0.0,"enemies":"Transient","floor":41.0,"turns":6.0},{"damage":0.0,"enemies":"Giant Head","floor":42.0,"turns":4.0},{"damage":0.0,"enemies":"Sphere and 2 Shapes","floor":44.0,"turns":1.0},{"damage":0.0,"enemies":"Jaw Worm Horde","floor":45.0,"turns":1.0},{"damage":0.0,"enemies":"3 Darklings","floor":46.0,"turns":1.0},{"damage":22.0,"enemies":"Nemesis","floor":48.0,"turns":3.0},{"damage":59,"enemies":"Time Eater","floor":50,"turns":7}],"seed_played":"-9110474565741865025","potions_obtained":[{"floor":1.0,"key":"CunningPotion"},{"floor":3.0,"key":"Poison Potion"},{"floor":12.0,"key":"FearPotion"},{"floor":22.0,"key":"LiquidMemories"},{"floor":23.0,"key":"SpeedPotion"},{"floor":30.0,"key":"Weak Potion"},{"floor":31.0,"key":"Block Potion"},{"floor":35.0,"key":"Ancient Potion"},{"floor":36.0,"key":"LiquidMemories"},{"floor":39.0,"key":"EntropicBrew"},{"floor":44.0,"key":"AttackPotion"}],"is_trial":false,"path_per_floor":["M","?","M","M","$","E","R","M","T","M","E","M","R","E","R","B",null,"M","?","?","M","M","E","M","R","T","E","R","$","M","M","R","B",null,"M","M","$","M","?","E","M","E","T","M","M","M","R","E","R","B"],"character_chosen":"THE_SILENT","items_purchased":["Dagger Spray","Oddly Smooth Stone","BlessingOfTheForge","Toy Ornithopter"],"campfire_rested":2,"item_purchase_floors":[5,29,29,37],"current_hp_per_floor":[59,59,59,57,57,45,45,44,44,37,37,37,37,22,41,21,55,55,34,34,32,36,42,42,42,42,43,43,43,45,46,46,13,38,27,31,31,45,45,46,46,46,46,46,46,46,46,26,39,0,0],"gold":217,"neow_bonus":"RANDOM_COMMON_RELIC","is_daily":false,"chose_seed":false,"campfire_upgraded":5,"win_rate":0.0,"timestamp":1614286651,"path_taken":["M","?","M","M","?","E","R","?","T","M","E","?","R","E","R","BOSS","M","?","?","M","M","E","M","R","T","E","R","$","M","M","R","BOSS","M","M","$","M","?","E","M","E","T","M","?","M","R","E","R","BOSS"],"items_purchased_type":["Card","Relic","Potion","Relic"],"build_version":"2020-12-22","purchased_purges":2,"victory":false,"max_hp_per_floor":[66,66,66,66,66,66,66,66,66,66,66,66,66,66,66,66,66,66,66,46,46,46,46,46,46,46,46,46,46,46,46,46,46,46,46,46,46,46,46,46,46,46,46,46,46,46,46,46,46,46,46],"card_choices":[{"not_picked":["Expertise","Leg Sweep"],"picked":"All Out Attack","floor":1.0},{"not_picked":["PiercingWail","Bane"],"picked":"Calculated Gamble","floor":3.0},{"not_picked":["Prepared","Predator"],"picked":"PiercingWail","floor":4.0},{"not_picked":["Bane","Skewer"],"picked":"Blade Dance","floor":6.0},{"not_picked":["Storm of Steel","Dagger Spray","Quick Slash"],"picked":"SKIP","floor":8.0},{"not_picked":["Poisoned Stab","Prepared"],"picked":"Cloak And Dagger","floor":10.0},{"not_picked":["Dodge and Roll","PiercingWail"],"picked":"Underhanded Strike","floor":11.0},{"not_picked":["Flying Knee","Noxious Fumes"],"picked":"Riddle With Holes","floor":12.0},{"not_picked":["Dash","Night Terror"],"picked":"Slice","floor":14.0},{"not_picked":["Bullet Time","Malaise"],"picked":"Glass Knife","floor":16.0},{"not_picked":["Slice","Dash"],"picked":"Underhanded Strike+1","floor":18.0},{"not_picked":["PiercingWail","Cloak And Dagger"],"picked":"Acrobatics+1","floor":21.0},{"not_picked":["Dagger Throw","Footwork"],"picked":"Prepared+1","floor":22.0},{"not_picked":["Crippling Poison","Dodge and Roll"],"picked":"Backstab","floor":23.0},{"not_picked":["Riddle With Holes","Deadly Poison"],"picked":"Bullet Time","floor":24.0},{"not_picked":["Slice","Outmaneuver"],"picked":"Tactician","floor":27.0},{"not_picked":["Acrobatics","Prepared"],"picked":"Backflip","floor":30.0},{"not_picked":["Distraction+1","Prepared"],"picked":"Endless Agony","floor":31.0},{"not_picked":["Burst","Storm of Steel"],"picked":"Tools of the Trade","floor":33.0},{"not_picked":["Poisoned Stab+1","Dagger Spray"],"picked":"Backflip","floor":35.0},{"not_picked":["Crippling Poison","Escape Plan+1"],"picked":"Concentrate+1","floor":36.0},{"not_picked":["Outmaneuver","Bane"],"picked":"Terror","floor":38.0},{"not_picked":["Dash","Backstab+1","Skewer"],"picked":"SKIP","floor":40.0},{"not_picked":["Dodge and Roll","Underhanded Strike"],"picked":"Blade Dance","floor":41.0},{"not_picked":["Sucker Punch+1","Underhanded Strike+1","Deadly Poison"],"picked":"SKIP","floor":42.0},{"not_picked":["Deflect","Night Terror","Blade Dance"],"picked":"SKIP","floor":44.0},{"not_picked":["Poisoned Stab+1","Quick Slash","Slice+1"],"picked":"SKIP","floor":45.0},{"not_picked":["Well Laid Plans+1","Poisoned Stab","Expertise"],"picked":"SKIP","floor":46.0},{"not_picked":["Concentrate","Dagger Spray","Endless Agony"],"picked":"SKIP","floor":48.0}],"player_experience":1193581,"relics_obtained":[{"floor":6.0,"key":"Whetstone"},{"floor":9.0,"key":"Shuriken"},{"floor":11.0,"key":"Bottled Flame"},{"floor":14.0,"key":"PreservedInsect"},{"floor":19.0,"key":"Nilry\u0027s Codex"},{"floor":23.0,"key":"Dream Catcher"},{"floor":26.0,"key":"Potion Belt"},{"floor":27.0,"key":"Ornamental Fan"},{"floor":40.0,"key":"Bag of Marbles"},{"floor":42.0,"key":"Ancient Tea Set"},{"floor":48.0,"key":"Dead Branch"}],"event_choices":[{"damage_healed":0.0,"max_hp_gain":0.0,"max_hp_loss":0.0,"gold_gain":0.0,"event_name":"Match and Keep!","player_choice":"2 cards matched","floor":2.0,"gold_loss":0.0,"damage_taken":0.0,"cards_obtained":["Burst","Dagger Throw"]},{"damage_healed":0.0,"max_hp_gain":0.0,"max_hp_loss":0.0,"gold_gain":0.0,"event_name":"Cursed Tome","player_choice":"Obtained Book","floor":19.0,"gold_loss":0.0,"damage_taken":21.0},{"damage_healed":0.0,"max_hp_gain":0.0,"max_hp_loss":20.0,"gold_gain":0.0,"event_name":"Vampires","player_choice":"Became a vampire","floor":20.0,"gold_loss":0.0,"damage_taken":0.0,"cards_obtained":["Bite","Bite","Bite","Bite","Bite"]},{"damage_healed":0.0,"max_hp_gain":0.0,"max_hp_loss":0.0,"gold_gain":0.0,"event_name":"Lab","player_choice":"Got Potions","floor":39.0,"gold_loss":0.0,"damage_taken":0.0}],"is_beta":false,"boss_relics":[{"not_picked":["Busted Crown","Calling Bell"],"picked":"Philosopher\u0027s Stone"},{"not_picked":["Empty Cage","SacredBark"],"picked":"Runic Pyramid"}],"items_purged_floors":[5,29],"is_endless":false,"potions_floor_spawned":[1,3,8,12,22,23,30,31,35,36,44,45,46],"killed_by":"Time Eater","ascension_level":20}}