{"host":"lku4gktzilv18rfq","time":1614229815,"event":{"mods":["BaseMod","Minty Spire (QoL Compilation)","Permanent Neow","StSLib","thorton"],"gold_per_floor":[28,55,83,125,167,167,220,220,220,278,331,99,152,254,254,418,418,493,89,191,13,13,13,83,83,83,83,189,322,20,20,20,249,249,376,70,231,49,206,206,403,579,579,682,825,1028,1028,557,557,738,738,738,348,495,495],"floor_reached":56,"language":"ENG","playtime":8984,"items_purged":["Normality","thethorton:Defend","thethorton:Defend","thethorton:Defend","thethorton:Defend","thethorton:Strike","Parasite","thethorton:Strike"],"score":1842,"play_id":"2e702909-4434-4214-8f9c-e0d781da1d9e","local_time":"20210224211015","is_ascension_mode":true,"campfire_choices":[{"data":"thethorton:Heckle","floor":6.0,"key":"SMITH"},{"data":"thethorton:PennyToss","floor":8.0,"key":"SMITH"},{"data":"thethorton:ThickSkin","floor":15.0,"key":"SMITH"},{"data":"thethorton:Portfolio","floor":23.0,"key":"SMITH"},{"data":"thethorton:CallShop","floor":25.0,"key":"SMITH"},{"data":"thethorton:PennyToss","floor":27.0,"key":"SMITH"},{"data":"thethorton:Octopus","floor":32.0,"key":"SMITH"},{"floor":40.0,"key":"RECALL"},{"data":"thethorton:CardboardBox","floor":47.0,"key":"SMITH"},{"data":"thethorton:SellShort","floor":49.0,"key":"SMITH"},{"data":"Amplify","floor":52,"key":"SMITH"}],"circlet_count":0,"master_deck":["thethorton:Heckle+1","thethorton:CreditCard","thethorton:PennyToss+1","thethorton:SnowDay","thethorton:CallIn","thethorton:BattleTrash","thethorton:CoinClash","thethorton:CannonShot","thethorton:LongDaysWork","thethorton:PennyToss+1","thethorton:CallShop+1","thethorton:ThickSkin+1","thethorton:Portfolio+1","thethorton:CardboardBox","thethorton:PocketChange+1","thethorton:EquivalentExchange","thethorton:CoinClash+1","thethorton:Octopus+1","thethorton:PennyToss","thethorton:Portfolio","thethorton:GemGun+1","Master of Strategy","thethorton:SellShort+1","thethorton:PowerUp","thethorton:PennyToss+1","thethorton:ThickSkin","Panache","thethorton:PennyToss+1","thethorton:CardboardBox","thethorton:Octopus+1","thethorton:PennyToss+1","Amplify+1","Master of Strategy","thethorton:PocketChange","thethorton:CardboardBox+1","Master of Strategy","thethorton:PennyToss+1","thethorton:CardboardBox","thethorton:PennyToss+1","thethorton:CardboardBox","thethorton:CardboardBox+1","Master of Strategy","thethorton:GemGun+1"],"relics":["thethorton:CouragePotion","Dream Catcher","Ornamental Fan","Juzu Bracelet","Lee\u0027s Waffle","Ice Cream","thethorton:CrushedCigarette","Membership Card","Happy Flower","Shuriken","OrangePellets","Pantograph","Blue Candle","Boot","Bottled Flame","thethorton:Resume","Sozu","Art of War","Bag of Preparation","Orichalcum","PreservedInsect","Dead Branch","Lizard Tail","Toy Ornithopter","Mercury Hourglass","Question Card","Mummified Hand","Medical Kit","Akabeko","Strawberry","Anchor","DollysMirror","Bag of Preparation","Thread and Needle","Matryoshka"],"acts_visited":["Exordium","TheCity","TheBeyond","TheEnding"],"potions_floor_usage":[],"damage_taken":[{"damage":1.0,"enemies":"Cultist","floor":1.0,"turns":6.0},{"damage":3.0,"enemies":"Jaw Worm","floor":2.0,"turns":9.0},{"damage":0.0,"enemies":"Small Slimes","floor":3.0,"turns":6.0},{"damage":6.0,"enemies":"Blue Slaver","floor":4.0,"turns":5.0},{"damage":2.0,"enemies":"2 Fungi Beasts","floor":5.0,"turns":4.0},{"damage":9.0,"enemies":"3 Sentries","floor":7.0,"turns":11.0},{"damage":0.0,"enemies":"Gremlin Nob","floor":10.0,"turns":3.0},{"damage":18.0,"enemies":"Exordium Wildlife","floor":11.0,"turns":6.0},{"damage":0.0,"enemies":"Gremlin Gang","floor":13.0,"turns":5.0},{"damage":14.0,"enemies":"Lagavulin","floor":14.0,"turns":7.0},{"damage":73.0,"enemies":"Hexaghost","floor":16.0,"turns":22.0},{"damage":18.0,"enemies":"3 Byrds","floor":18.0,"turns":10.0},{"damage":32.0,"enemies":"Chosen","floor":20.0,"turns":6.0},{"damage":0.0,"enemies":"Snake Plant","floor":24.0,"turns":6.0},{"damage":3.0,"enemies":"3 Cultists","floor":28.0,"turns":6.0},{"damage":6.0,"enemies":"Gremlin Leader","floor":29.0,"turns":7.0},{"damage":32.0,"enemies":"Champ","floor":33.0,"turns":9.0},{"damage":0.0,"enemies":"Orb Walker","floor":35.0,"turns":4.0},{"damage":5.0,"enemies":"3 Shapes","floor":37.0,"turns":6.0},{"damage":7.0,"enemies":"Writhing Mass","floor":39.0,"turns":6.0},{"damage":8.0,"enemies":"Giant Head","floor":41.0,"turns":7.0},{"damage":1.0,"enemies":"4 Shapes","floor":42.0,"turns":5.0},{"damage":6.0,"enemies":"Nemesis","floor":44.0,"turns":3.0},{"damage":2.0,"enemies":"Maw","floor":45.0,"turns":6.0},{"damage":3.0,"enemies":"Giant Head","floor":46.0,"turns":6.0},{"damage":69,"enemies":"Awakened One","floor":50,"turns":10},{"damage":0,"enemies":"Shield and Spear","floor":54,"turns":3},{"damage":17,"enemies":"The Heart","floor":55,"turns":9}],"seed_played":"-4959192352675321838","potions_obtained":[{"floor":2.0,"key":"EntropicBrew"},{"floor":3.0,"key":"FairyPotion"},{"floor":7.0,"key":"FearPotion"},{"floor":11.0,"key":"DistilledChaos"},{"floor":28.0,"key":"Explosive Potion"},{"floor":33.0,"key":"Strength Potion"}],"is_trial":false,"path_per_floor":["M","M","M","M","M","R","E","R","T","E","M","$","M","E","R","B",null,"M","$","M","$","?","R","M","R","T","R","M","E","$","?","R","B",null,"M","$","M","$","M","R","E","M","T","E","M","E","R","$","R","B",null,"R","$","E","B",null],"character_chosen":"THE_THORT","items_purchased":["Lee\u0027s Waffle","Membership Card","Happy Flower","Shuriken","thethorton:CardboardBox","OrangePellets","thethorton:Octopus","thethorton:PennyToss","thethorton:Resume","Regen Potion","Master of Strategy","thethorton:SellShort","thethorton:PowerUp","Panache","Mummified Hand","Medical Kit","Akabeko","thethorton:CardboardBox","Strawberry","Anchor","thethorton:CardboardBox","DollysMirror"],"campfire_rested":0,"item_purchase_floors":[12,19,19,19,21,21,30,30,30,30,36,36,36,38,48,48,48,48,53,53,53,53],"current_hp_per_floor":[67,64,64,58,56,56,47,47,47,47,29,75,75,61,61,10,75,57,57,25,25,25,25,25,25,25,25,22,16,16,41,41,34,75,75,75,70,70,63,63,55,54,54,48,46,43,43,43,43,36,72,72,79,79,62],"gold":495,"neow_bonus":"TRANSFORM_TWO_CARDS","is_daily":false,"chose_seed":false,"campfire_upgraded":10,"win_rate":0.0,"timestamp":1614229815,"path_taken":["M","M","M","M","M","R","E","R","T","E","M","?","M","E","R","BOSS","M","?","M","?","?","R","M","R","T","R","M","E","?","?","R","BOSS","M","$","M","?","M","R","E","M","T","E","M","E","R","?","R","BOSS","R","$","E","BOSS"],"items_purchased_type":["Relic","Relic","Relic","Relic","Card","Relic","Card","Card","Relic","Potion","Card","Card","Card","Card","Relic","Relic","Relic","Card","Relic","Relic","Card","Relic"],"build_version":"2020-12-22","purchased_purges":8,"victory":true,"max_hp_per_floor":[68,68,68,68,68,68,68,68,68,68,68,75,75,75,75,75,75,75,75,75,75,75,75,75,75,75,75,75,75,75,75,75,75,75,75,75,75,75,75,75,75,75,75,75,75,75,75,72,72,72,72,72,79,79,79],"card_choices":[{"not_picked":["thethorton:RunningKick","thethorton:LongTermPayoff"],"picked":"thethorton:CallIn","floor":1.0},{"not_picked":["thethorton:DownPayment","thethorton:BookBash"],"picked":"thethorton:BattleTrash","floor":2.0},{"not_picked":["thethorton:BookBash","thethorton:StumblingSlap"],"picked":"thethorton:CoinClash","floor":3.0},{"not_picked":["thethorton:DownPayment","thethorton:SheetShred"],"picked":"thethorton:CannonShot","floor":4.0},{"not_picked":["thethorton:GemGun","thethorton:PocketChange"],"picked":"thethorton:LongDaysWork","floor":5.0},{"not_picked":["thethorton:DesperateRun","thethorton:ChartProject"],"picked":"thethorton:PennyToss","floor":7.0},{"not_picked":["thethorton:HitAhead","thethorton:ShoutAndRun"],"picked":"thethorton:CallShop","floor":10.0},{"not_picked":["thethorton:BusinessCard","thethorton:BookBash"],"picked":"thethorton:ThickSkin","floor":11.0},{"not_picked":["thethorton:AngerMoment","thethorton:RichRun","thethorton:RunningKick"],"picked":"SKIP","floor":13.0},{"not_picked":["thethorton:StumblingSlap","thethorton:BookBash","thethorton:Hindsight"],"picked":"SKIP","floor":14.0},{"not_picked":["thethorton:Siphon","thethorton:Fatigue"],"picked":"thethorton:Portfolio","floor":16.0},{"not_picked":["thethorton:WhirlingBriefcase","thethorton:LongDaysWork","thethorton:DualBap"],"picked":"SKIP","floor":18.0},{"not_picked":["thethorton:LongTermPayoff","thethorton:BoardroomBlast","thethorton:AngerMoment"],"picked":"SKIP","floor":20.0},{"not_picked":["thethorton:GoldBuffer","thethorton:CashBash"],"picked":"thethorton:PocketChange+1","floor":24.0},{"not_picked":["thethorton:ElbowSmash","thethorton:CallIn+1"],"picked":"thethorton:EquivalentExchange","floor":28.0},{"not_picked":["thethorton:DownPayment","thethorton:TakeAccounts"],"picked":"thethorton:CoinClash+1","floor":29.0},{"not_picked":["thethorton:MidnightStrike","thethorton:Jackpot"],"picked":"thethorton:Portfolio","floor":33.0},{"not_picked":["thethorton:ChartProject","thethorton:ThickSkin"],"picked":"thethorton:GemGun+1","floor":35.0},{"not_picked":["thethorton:ElbowSmash","thethorton:WhirlingBriefcase"],"picked":"thethorton:ThickSkin","floor":37.0},{"not_picked":["thethorton:GemGun","thethorton:ShoutAndRun","thethorton:SheetShred"],"picked":"SKIP","floor":39.0},{"not_picked":["thethorton:SicklyRun+1","thethorton:StumblingSlap+1","thethorton:DualBap"],"picked":"SKIP","floor":41.0},{"not_picked":["Biased Cognition","The Bomb"],"picked":"Amplify","floor":42.0},{"not_picked":["thethorton:LastDitchEffort+1","thethorton:SnowDay"],"picked":"thethorton:PocketChange","floor":44.0},{"not_picked":["thethorton:TakeAccounts","thethorton:HitAhead","thethorton:GemGun"],"picked":"SKIP","floor":45.0},{"not_picked":["thethorton:BookBash+1","thethorton:SheetShred+1","thethorton:Distance+1"],"picked":"SKIP","floor":46.0},{"not_picked":["thethorton:SicklyRun+1","thethorton:ElbowSmash+1","thethorton:LongTermPayoff+1","thethorton:Investment+1"],"picked":"SKIP","floor":54}],"player_experience":917208,"relics_obtained":[{"floor":7.0,"key":"Dream Catcher"},{"floor":9.0,"key":"Ornamental Fan"},{"floor":10.0,"key":"Juzu Bracelet"},{"floor":14.0,"key":"Ice Cream"},{"floor":26.0,"key":"Pantograph"},{"floor":29.0,"key":"Bottled Flame"},{"floor":41.0,"key":"Dead Branch"},{"floor":44.0,"key":"Toy Ornithopter"},{"floor":46.0,"key":"Question Card"},{"floor":54,"key":"Bag of Preparation"}],"event_choices":[{"damage_healed":0.0,"max_hp_gain":0.0,"max_hp_loss":0.0,"gold_gain":0.0,"event_name":"Ghosts","player_choice":"Ignored","floor":22.0,"gold_loss":0.0,"damage_taken":0.0},{"damage_healed":25.0,"max_hp_gain":0.0,"max_hp_loss":0.0,"gold_gain":0.0,"event_name":"The Library","player_choice":"Heal","floor":31.0,"gold_loss":0.0,"damage_taken":0.0}],"is_beta":false,"boss_relics":[{"not_picked":["Black Star","SlaversCollar"],"picked":"thethorton:CrushedCigarette"},{"not_picked":["Calling Bell","Busted Crown"],"picked":"Sozu"}],"items_purged_floors":[12,19,21,30,36,38,48,53],"is_endless":false,"potions_floor_spawned":[2,3,7,10,11,28,33,35,39,41,44,46],"ascension_level":1}}