{"host":"nz11ypxva4e39b7q","time":1614275139,"event":{"mods":["BaseMod","Better Third Choice","Better Vampires","Colored Map","Minty Spire (QoL Compilation)","Quick Restart","Shapeshifter Mod","StSLib"],"gold_per_floor":[113,113,123,123,123,123,154,154,154,204,71,90,110,144,144,216,216,231,207,221,221,235,235,45,77,77,103,165,205,217,261,273,357,369,391,456,478,93,118,152,152,180,180,30,0,27,27,69,69,69,69,69,69,98,98],"floor_reached":56,"language":"ENG","playtime":2357,"items_purged":["StSShapeShifter:ShapeShifter_Strike","StSShapeShifter:Tortoise_Form","StSShapeShifter:BurstingSpore","StSShapeShifter:PoisonIvy+1"],"score":3022,"play_id":"deed7304-cb1c-4365-a320-f5eab879f94b","local_time":"20210225184539","is_ascension_mode":true,"campfire_choices":[{"data":"StSShapeShifter:PoisonIvy","floor":6.0,"key":"SMITH"},{"data":"StSShapeShifter:BurstingSpore","floor":8.0,"key":"SMITH"},{"data":"StSShapeShifter:ForestFire","floor":15.0,"key":"SMITH"},{"data":"StSShapeShifter:VineHandcuffs","floor":23.0,"key":"SMITH"},{"data":"Deep Breath","floor":32.0,"key":"SMITH"},{"data":"StSShapeShifter:Sapling","floor":41,"key":"SMITH"},{"floor":49,"key":"RECALL"},{"data":"StSShapeShifter:Spring","floor":52,"key":"SMITH"}],"circlet_count":0,"master_deck":["AscendersBane","StSShapeShifter:BurstingSpore+1","StSShapeShifter:Sapling+1","StSShapeShifter:MagicMushrooms","StSShapeShifter:ForestFire+1","StSShapeShifter:MysticalSeed","StSShapeShifter:VineHandcuffs+1","StSShapeShifter:BurstingSpore+1","Deep Breath+1","StSShapeShifter:WolfForm","StSShapeShifter:Spring+1"],"relics":["StSShapeShifter:AnimalHeart","StSShapeShifter:TheShapeShiftersMagnolia","NeowsBlessing","Pear","Bag of Marbles","StSShapeShifter:AlchemistsNecklace","Pandora\u0027s Box","Shuriken","Sundial","MawBank","StSShapeShifter:BeastkeepersGift","Oddly Smooth Stone","Black Star","InkBottle","Ice Cream","CeramicFish","Bronze Scales","Mango","Happy Flower","Red Mask","Juzu Bracelet","StSShapeShifter:MysticalFossil","Lizard Tail","Unceasing Top","Vajra","StSShapeShifter:DruidicMedallion"],"acts_visited":["Exordium","TheCity","TheBeyond","TheEnding"],"potions_floor_usage":[55,55],"damage_taken":[{"damage":0.0,"enemies":"Cultist","floor":1.0,"turns":1.0},{"damage":0.0,"enemies":"Jaw Worm","floor":3.0,"turns":1.0},{"damage":0.0,"enemies":"Lagavulin","floor":7.0,"turns":2.0},{"damage":0.0,"enemies":"Small Slimes","floor":12.0,"turns":4.0},{"damage":0.0,"enemies":"3 Louse","floor":13.0,"turns":2.0},{"damage":20.0,"enemies":"3 Sentries","floor":14.0,"turns":8.0},{"damage":51.0,"enemies":"Slime Boss","floor":16.0,"turns":12.0},{"damage":0.0,"enemies":"Spheric Guardian","floor":18.0,"turns":3.0},{"damage":0.0,"enemies":"3 Byrds","floor":20.0,"turns":3.0},{"damage":0.0,"enemies":"3 Cultists","floor":22.0,"turns":4.0},{"damage":0.0,"enemies":"Slavers","floor":25.0,"turns":5.0},{"damage":0.0,"enemies":"Gremlin Leader","floor":27.0,"turns":2.0},{"damage":14.0,"enemies":"Book of Stabbing","floor":29.0,"turns":3.0},{"damage":0.0,"enemies":"Gremlin Leader","floor":31.0,"turns":3.0},{"damage":15.0,"enemies":"Champ","floor":33.0,"turns":5.0},{"damage":0.0,"enemies":"Orb Walker","floor":35.0,"turns":3.0},{"damage":80.0,"enemies":"2 Orb Walkers","floor":36.0,"turns":4.0},{"damage":0.0,"enemies":"3 Shapes","floor":37.0,"turns":4.0},{"damage":0.0,"enemies":"Mind Bloom Boss Battle","floor":39.0,"turns":4.0},{"damage":0,"enemies":"Giant Head","floor":40,"turns":1},{"damage":0,"enemies":"Reptomancer","floor":42,"turns":1},{"damage":0,"enemies":"Giant Head","floor":46,"turns":1},{"damage":0,"enemies":"Nemesis","floor":48,"turns":1},{"damage":0,"enemies":"Time Eater","floor":50,"turns":3},{"damage":0,"enemies":"Shield and Spear","floor":54,"turns":1},{"damage":0,"enemies":"The Heart","floor":55,"turns":3}],"seed_played":"1809486063333051263","potions_obtained":[{"floor":1.0,"key":"AttackPotion"},{"floor":12.0,"key":"LiquidBronze"},{"floor":13.0,"key":"Strength Potion"},{"floor":18.0,"key":"FearPotion"},{"floor":27.0,"key":"BlessingOfTheForge"},{"floor":29.0,"key":"DistilledChaos"},{"floor":31.0,"key":"SmokeBomb"},{"floor":37.0,"key":"Swift Potion"},{"floor":40,"key":"ColorlessPotion"}],"is_trial":false,"path_per_floor":["M","?","M","?","?","R","E","R","T","?","$","M","M","E","R","B",null,"M","$","M","?","M","R","$","E","T","E","?","E","$","E","R","B",null,"M","?","M","$","?","E","R","E","T","$","?","E","?","E","R","B",null,"R","$","E","B",null],"character_chosen":"SHAPESHIFTER","items_purchased":["StSShapeShifter:Sapling","StSShapeShifter:BurstingSpore","Deep Breath","InkBottle"],"campfire_rested":0,"item_purchase_floors":[11,19,24,38],"current_hp_per_floor":[66,66,66,71,64,64,74,74,74,74,74,74,74,54,54,3,67,67,67,67,67,67,67,67,67,67,67,67,53,53,53,53,86,88,88,32,50,50,76,79,79,102,102,102,102,102,102,102,102,102,102,102,102,102,102],"gold":98,"neow_bonus":"THREE_ENEMY_KILL","is_daily":false,"chose_seed":false,"campfire_upgraded":7,"win_rate":0.0,"timestamp":1614275139,"path_taken":["M","?","M","?","?","R","E","R","T","?","$","?","M","E","R","BOSS","M","$","M","?","?","R","$","E","T","E","?","E","$","E","R","BOSS","M","?","M","$","?","E","R","E","T","$","?","E","?","E","R","BOSS","R","$","E","BOSS"],"items_purchased_type":["Card","Card","Card","Relic"],"build_version":"2020-12-22","purchased_purges":4,"victory":true,"max_hp_per_floor":[73,73,73,78,78,78,88,88,88,88,88,88,88,88,88,88,88,88,88,88,88,88,88,88,88,88,88,88,88,88,88,88,88,88,88,88,88,88,88,88,88,102,102,102,102,102,102,102,102,102,102,102,102,102,102],"card_choices":[{"not_picked":["StSShapeShifter:FruitBasket","StSShapeShifter:VineHandcuffs"],"picked":"StSShapeShifter:BurstingSpore","floor":1.0},{"not_picked":["StSShapeShifter:EmbraceTheCycle","StSShapeShifter:FruitBasket"],"picked":"StSShapeShifter:PoisonIvy","floor":3.0},{"not_picked":["StSShapeShifter:Flourish","StSShapeShifter:WiltingWrath","StSShapeShifter:ShiftingStrike"],"picked":"SKIP","floor":7.0},{"not_picked":["StSShapeShifter:CosmicShifter","StSShapeShifter:OakBlade"],"picked":"StSShapeShifter:MagicMushrooms","floor":12.0},{"not_picked":["StSShapeShifter:Roar","StSShapeShifter:SunflowerShuriken","StSShapeShifter:DeerForm"],"picked":"SKIP","floor":13.0},{"not_picked":["StSShapeShifter:SpiritOfTheEarth","StSShapeShifter:Rest"],"picked":"StSShapeShifter:ForestFire","floor":14.0},{"not_picked":["StSShapeShifter:Flood","StSShapeShifter:PhoenixForm"],"picked":"StSShapeShifter:MysticalSeed","floor":16.0},{"not_picked":["StSShapeShifter:ThornToss","StSShapeShifter:FesteringBite","StSShapeShifter:FlowerShield"],"picked":"SKIP","floor":18.0},{"not_picked":["StSShapeShifter:MonkeyForm","StSShapeShifter:FallingLeaves"],"picked":"StSShapeShifter:VineHandcuffs","floor":20.0},{"not_picked":["StSShapeShifter:BladeOfGrass","StSShapeShifter:BarkSkin","StSShapeShifter:Rabid"],"picked":"SKIP","floor":22.0},{"not_picked":["StSShapeShifter:ShiftingStrike","StSShapeShifter:ThornToss","StSShapeShifter:SunflowerShuriken"],"picked":"SKIP","floor":25.0},{"not_picked":["StSShapeShifter:EmbraceTheCycle","StSShapeShifter:BladeOfGrass","StSShapeShifter:BarkSkin"],"picked":"SKIP","floor":27.0},{"not_picked":["StSShapeShifter:BulwarkOfDiscovery","StSShapeShifter:IntimidatingAura+1","StSShapeShifter:BladeOfGrass"],"picked":"SKIP","floor":29.0},{"not_picked":["StSShapeShifter:Guard+1","StSShapeShifter:MagicMushrooms"],"picked":"StSShapeShifter:WolfForm","floor":31.0},{"not_picked":["StSShapeShifter:FallingLeaves+1","StSShapeShifter:ThornedSkin","StSShapeShifter:RaptorForm+1"],"picked":"SKIP","floor":35.0},{"not_picked":["StSShapeShifter:WiltingWrath","StSShapeShifter:PoisonIvy+1","StSShapeShifter:WolfsBane"],"picked":"SKIP","floor":37.0},{"not_picked":["StSShapeShifter:PorcupineForm","StSShapeShifter:OakBlade+1","StSShapeShifter:VineHandcuffs"],"picked":"SKIP","floor":40},{"not_picked":["StSShapeShifter:Synchronicity","StSShapeShifter:Sapling","StSShapeShifter:Maul+1"],"picked":"SKIP","floor":42},{"not_picked":["StSShapeShifter:EagleForm+1","StSShapeShifter:Bonk+1","StSShapeShifter:Vengeance"],"picked":"SKIP","floor":46},{"not_picked":["StSShapeShifter:PhoenixForm","StSShapeShifter:FlowerShield+1"],"picked":"StSShapeShifter:Spring","floor":48},{"not_picked":["StSShapeShifter:SquirrelForm","StSShapeShifter:Wildfire2","StSShapeShifter:BladeOfGrass"],"picked":"SKIP","floor":54}],"player_experience":1125941,"relics_obtained":[{"floor":7.0,"key":"Pear"},{"floor":9.0,"key":"Bag of Marbles"},{"floor":14.0,"key":"StSShapeShifter:AlchemistsNecklace"},{"floor":25.0,"key":"Shuriken"},{"floor":26.0,"key":"Sundial"},{"floor":27.0,"key":"MawBank"},{"floor":29.0,"key":"StSShapeShifter:BeastkeepersGift"},{"floor":31.0,"key":"Oddly Smooth Stone"},{"floor":39.0,"key":"Ice Cream"},{"floor":40,"key":"CeramicFish"},{"floor":40,"key":"Bronze Scales"},{"floor":42,"key":"Mango"},{"floor":42,"key":"Happy Flower"},{"floor":46,"key":"Juzu Bracelet"},{"floor":46,"key":"StSShapeShifter:MysticalFossil"},{"floor":48,"key":"Lizard Tail"},{"floor":48,"key":"Unceasing Top"},{"floor":54,"key":"Vajra"},{"floor":54,"key":"StSShapeShifter:DruidicMedallion"}],"event_choices":[{"cards_removed":["StSShapeShifter:Lynx_Form"],"damage_healed":0.0,"max_hp_gain":0.0,"max_hp_loss":0.0,"gold_gain":0.0,"event_name":"Living Wall","player_choice":"Forget","floor":2.0,"gold_loss":0.0,"damage_taken":0.0},{"damage_healed":0.0,"max_hp_gain":5.0,"max_hp_loss":0.0,"gold_gain":0.0,"event_name":"Big Fish","player_choice":"Donut","floor":4.0,"gold_loss":0.0,"damage_taken":0.0},{"cards_removed":["StSShapeShifter:ShapeShifter_Defend"],"damage_healed":0.0,"max_hp_gain":0.0,"max_hp_loss":0.0,"gold_gain":0.0,"event_name":"Golden Wing","player_choice":"Card Removal","floor":5.0,"gold_loss":0.0,"damage_taken":7.0},{"damage_healed":0.0,"max_hp_gain":0.0,"max_hp_loss":0.0,"gold_gain":50.0,"event_name":"Golden Shrine","player_choice":"Pray","floor":10.0,"gold_loss":0.0,"damage_taken":0.0},{"damage_healed":0.0,"max_hp_gain":0.0,"max_hp_loss":0.0,"gold_gain":0.0,"event_name":"Duplicator","player_choice":"Copied","floor":21.0,"gold_loss":0.0,"damage_taken":0.0,"cards_obtained":["StSShapeShifter:BurstingSpore"]},{"damage_healed":0.0,"max_hp_gain":0.0,"max_hp_loss":0.0,"gold_gain":50.0,"event_name":"Golden Shrine","player_choice":"Pray","floor":28.0,"gold_loss":0.0,"damage_taken":0.0},{"damage_healed":0.0,"max_hp_gain":0.0,"max_hp_loss":0.0,"gold_gain":0.0,"event_name":"Mysterious Sphere","player_choice":"Fight","floor":36.0,"gold_loss":0.0,"damage_taken":0.0},{"damage_healed":0.0,"max_hp_gain":0.0,"max_hp_loss":0.0,"gold_gain":0.0,"event_name":"MindBloom","player_choice":"Fight","floor":39.0,"gold_loss":0.0,"damage_taken":0.0},{"damage_healed":0,"gold_gain":0,"player_choice":"Paid","damage_taken":0,"relics_obtained":["Red Mask"],"max_hp_gain":0,"max_hp_loss":0,"event_name":"Tomb of Lord Red Mask","floor":45,"gold_loss":30}],"is_beta":false,"boss_relics":[{"not_picked":["Calling Bell","Busted Crown"],"picked":"Pandora\u0027s Box"},{"not_picked":["SacredBark","Runic Dome"],"picked":"Black Star"}],"items_purged_floors":[11,24,38,44],"is_endless":false,"potions_floor_spawned":[1,12,13,18,27,29,31,37,40,42,54],"ascension_level":18}}