{"host":"m0bekkrd201b63ug","time":1614256760,"event":{"mods":["AchievementEnabler","BaseMod","Colored Powertips","Highlight Path","Minty Spire (QoL Compilation)","Rare Cards Sparkle","StSLib","SuperFastMode","everything is the same but u backflip on backflip","slay the spire mod where everything is the same but ironclad has a cowboy hat"],"gold_per_floor":[113,64,75,75,0,30,43,54,54,54,88,88,120,131,131,230,230,240,204,129,39,57,57,57,57],"floor_reached":24,"language":"ENG","playtime":715,"items_purged":["Strike_B"],"score":370,"play_id":"ff8fe85a-447b-443f-bebe-68ff2a558a8f","local_time":"20210225093920","is_ascension_mode":true,"campfire_choices":[{"data":"White Noise","floor":10,"key":"SMITH"},{"floor":15,"key":"REST"},{"data":"Buffer","floor":23,"key":"SMITH"}],"circlet_count":0,"master_deck":["AscendersBane","Defend_B","Defend_B+1","Zap","Dualcast","Cold Snap","Streamline+1","Hologram+1","Sweeping Beam","Coolheaded","White Noise+1","Melter","Capacitor","Sweeping Beam+1","Buffer+1","Melter+1","Doom and Gloom+1","Skim+1","Recycle"],"relics":["Cracked Core","NeowsBlessing","Akabeko","Omamori","Darkstone Periapt","Unceasing Top","Astrolabe"],"acts_visited":["Exordium","TheCity"],"potions_floor_usage":[13],"damage_taken":[{"damage":0,"enemies":"Jaw Worm","floor":1,"turns":1},{"damage":0,"enemies":"Small Slimes","floor":3,"turns":1},{"damage":0,"enemies":"3 Sentries","floor":6,"turns":1},{"damage":0,"enemies":"2 Louse","floor":7,"turns":1},{"damage":7,"enemies":"Large Slime","floor":8,"turns":3},{"damage":18,"enemies":"Lagavulin","floor":11,"turns":7},{"damage":13,"enemies":"3 Sentries","floor":13,"turns":8},{"damage":16,"enemies":"Lots of Slimes","floor":14,"turns":2},{"damage":6,"enemies":"Slime Boss","floor":16,"turns":7},{"damage":0,"enemies":"Spheric Guardian","floor":18,"turns":1},{"damage":6,"enemies":"Chosen","floor":22,"turns":4},{"damage":60,"enemies":"Book of Stabbing","floor":24,"turns":4}],"seed_played":"7587176034808493404","potions_obtained":[{"floor":6,"key":"Dexterity Potion"},{"floor":7,"key":"PotionOfCapacity"},{"floor":8,"key":"Regen Potion"},{"floor":22,"key":"LiquidMemories"}],"is_trial":false,"path_per_floor":["M","$","M","?","$","E","M","M","T","R","E","?","E","M","R","B",null,"M","$","?","?","M","R","E"],"character_chosen":"DEFECT","items_purchased":["Streamline","Recycle"],"campfire_rested":1,"item_purchase_floors":[2,19],"current_hp_per_floor":[68,68,68,68,68,68,68,61,61,61,43,28,30,14,36,30,64,64,64,64,64,58,58,0,0],"gold":57,"neow_bonus":"THREE_ENEMY_KILL","is_daily":false,"chose_seed":false,"campfire_upgraded":2,"win_rate":0.0,"timestamp":1614256760,"path_taken":["M","$","M","?","$","E","M","M","T","R","E","?","E","M","R","BOSS","M","$","?","?","?","R","E"],"items_purchased_type":["Card","Card"],"build_version":"2020-12-22","purchased_purges":1,"victory":false,"max_hp_per_floor":[75,75,75,75,75,75,75,75,75,75,75,75,75,75,75,75,75,75,75,75,75,75,75,75,75],"card_choices":[{"not_picked":["Sweeping Beam","Beam Cell"],"picked":"Cold Snap","floor":1},{"not_picked":["Steam","Barrage"],"picked":"Hologram","floor":3},{"not_picked":["Hello World","Thunder Strike"],"picked":"Sweeping Beam","floor":6},{"not_picked":["Rebound","Barrage"],"picked":"Coolheaded","floor":7},{"not_picked":["Fusion","Darkness"],"picked":"White Noise","floor":8},{"not_picked":["Recycle","Lockon"],"picked":"Melter","floor":11},{"not_picked":["Capacitor","FTL","Coolheaded"],"picked":"SKIP","floor":13},{"not_picked":["FTL","Coolheaded"],"picked":"Capacitor","floor":13},{"not_picked":["Static Discharge","Rebound"],"picked":"Sweeping Beam","floor":14},{"not_picked":["Hyperbeam","Reboot"],"picked":"Buffer","floor":16},{"not_picked":["Gash","Steam","Lockon"],"picked":"SKIP","floor":18},{"not_picked":["Hologram","Hello World","Double Energy"],"picked":"SKIP","floor":22}],"player_experience":302824,"relics_obtained":[{"floor":6,"key":"Akabeko"},{"floor":9,"key":"Omamori"},{"floor":11,"key":"Darkstone Periapt"},{"floor":13,"key":"Unceasing Top"}],"event_choices":[{"damage_healed":0,"gold_gain":0,"player_choice":"Grow","damage_taken":0,"max_hp_gain":0,"max_hp_loss":0,"event_name":"Living Wall","floor":4,"gold_loss":0,"cards_upgraded":["Streamline"]},{"damage_healed":0,"gold_gain":0,"player_choice":"Entered Light","damage_taken":15,"max_hp_gain":0,"max_hp_loss":0,"event_name":"Shining Light","floor":12,"gold_loss":0,"cards_upgraded":["Defend_B","Hologram"]},{"cards_removed":["Defend_B"],"damage_healed":0,"gold_gain":0,"player_choice":"Gave Gold","damage_taken":0,"max_hp_gain":0,"max_hp_loss":0,"event_name":"Beggar","floor":20,"gold_loss":75},{"cards_removed":["Defend_B"],"damage_healed":0,"gold_gain":0,"player_choice":"Upgrade and Remove","damage_taken":0,"max_hp_gain":0,"max_hp_loss":0,"event_name":"Designer","floor":21,"gold_loss":90,"cards_upgraded":["Sweeping Beam"]}],"is_beta":false,"boss_relics":[{"not_picked":["Runic Pyramid","Coffee Dripper"],"picked":"Astrolabe"}],"items_purged_floors":[5],"is_endless":false,"potions_floor_spawned":[6,7,8,22],"killed_by":"Book of Stabbing","ascension_level":11}}