{"host":"4qkvkh7pd9qr2mca","time":1614293264,"event":{"mods":["AchievementEnabler","BaseMod","Colored Map","Colored Powertips","Highlight Path","Minty Spire (QoL Compilation)","Permanent Neow","Quick Restart","Relic Stats","StSLib","SuperFastMode"],"gold_per_floor":[14,27,3,20,35,64,80,105,117,129,141,168,192,204,204],"floor_reached":14,"language":"ENG","playtime":419,"items_purged":[],"score":208,"play_id":"03a1d102-8104-408f-9a8b-2c3d38a54e85","local_time":"20210225234744","is_ascension_mode":true,"campfire_choices":[{"data":"Immolate","floor":11,"key":"SMITH"}],"circlet_count":0,"master_deck":["AscendersBane","Strike_R","Strike_R","Strike_R","Strike_R","Strike_R","Defend_R","Defend_R","Defend_R","Defend_R","Bash","Immolate+1","Ghostly Armor","Armaments","Shrug It Off","Inflame","Disarm","Uppercut","Brutality"],"relics":["Burning Blood","Happy Flower","MawBank","Paper Frog"],"acts_visited":["Exordium"],"potions_floor_usage":[7,8],"damage_taken":[{"damage":9,"enemies":"Jaw Worm","floor":1,"turns":4},{"damage":1,"enemies":"Cultist","floor":2,"turns":4},{"damage":0,"enemies":"2 Louse","floor":4,"turns":2},{"damage":9,"enemies":"Gremlin Gang","floor":5,"turns":5},{"damage":19,"enemies":"3 Sentries","floor":6,"turns":9},{"damage":7,"enemies":"Lots of Slimes","floor":7,"turns":3},{"damage":26,"enemies":"Lagavulin","floor":8,"turns":6},{"damage":8,"enemies":"Exordium Wildlife","floor":12,"turns":5},{"damage":0,"enemies":"3 Louse","floor":13,"turns":2},{"damage":62,"enemies":"Gremlin Nob","floor":14,"turns":4}],"seed_played":"2841628864798428321","potions_obtained":[{"floor":1,"key":"ColorlessPotion"},{"floor":2,"key":"BlessingOfTheForge"},{"floor":8,"key":"BlessingOfTheForge"},{"floor":12,"key":"Block Potion"}],"is_trial":false,"path_per_floor":["M","M","$","M","M","E","M","E","T","$","R","M","M","E"],"character_chosen":"IRONCLAD","items_purchased":["Armaments"],"campfire_rested":0,"item_purchase_floors":[3],"current_hp_per_floor":[65,70,70,75,72,59,58,38,38,38,38,36,42,0,0],"gold":204,"neow_bonus":"THREE_RARE_CARDS","is_daily":false,"chose_seed":false,"campfire_upgraded":1,"win_rate":0.0,"timestamp":1614293264,"path_taken":["M","M","$","M","M","E","M","E","T","$","R","M","M","E"],"items_purchased_type":["Card"],"build_version":"2020-12-22","purchased_purges":0,"victory":false,"max_hp_per_floor":[75,75,75,75,75,75,75,75,75,75,75,75,75,75,75],"relic_stats":{"Happy Flower":[6],"counters":[10,44],"MawBank":72,"obtain_stats":[{"Happy Flower":6,"MawBank":8,"Burning Blood":0,"Paper Frog":9},{"Happy Flower":5,"MawBank":7,"Burning Blood":0,"Paper Frog":7},{"Happy Flower":24,"MawBank":33,"Burning Blood":0,"Paper Frog":33}],"Burning Blood":53},"card_choices":[{"not_picked":["Bludgeon","Impervious"],"picked":"Immolate","floor":0},{"not_picked":["Pummel","Cleave","Clash"],"picked":"SKIP","floor":1},{"not_picked":["Hemokinesis","Sword Boomerang"],"picked":"Ghostly Armor","floor":2},{"not_picked":["Infernal Blade","Anger"],"picked":"Shrug It Off","floor":4},{"not_picked":["Clash","Clothesline","Limit Break"],"picked":"SKIP","floor":5},{"not_picked":["Anger","Shrug It Off"],"picked":"Inflame","floor":6},{"not_picked":["Entrench","Shockwave"],"picked":"Disarm","floor":7},{"not_picked":["Thunderclap","Pommel Strike","Sword Boomerang"],"picked":"SKIP","floor":8},{"not_picked":["Anger","Shrug It Off"],"picked":"Uppercut","floor":12},{"not_picked":["Sentinel","Warcry"],"picked":"Brutality","floor":13}],"player_experience":664209,"relics_obtained":[{"floor":6,"key":"Happy Flower"},{"floor":8,"key":"MawBank"},{"floor":9,"key":"Paper Frog"}],"event_choices":[],"is_beta":false,"boss_relics":[],"items_purged_floors":[],"is_endless":false,"potions_floor_spawned":[1,2,8,12],"killed_by":"Gremlin Nob","ascension_level":20}}