{"host":"sc0o2qwpf9j16a4i","time":1614250622,"event":{"mods":["AchievementEnabler","BaseMod","BetterRewards","Block Reminder","Colored Map","Colored Powertips","Custom Start","Highlight Path","Minty Spire (QoL Compilation)","Relic Stats"],"gold_per_floor":[115,115,134,8,308,335,346,346,346,379,408,439,453,483,483,584,584,599,599,613,613,294,294,328,328,353,369,386,412,427,475,475,579,579,589,607,607,1606,1617,1651,696,696,721,750,767,781,781,808,808,808],"floor_reached":51,"language":"ENG","playtime":4062,"items_purged":["Normality"],"score":1328,"play_id":"8067d677-fa97-4808-8958-d49fc6fa4b04","local_time":"20210225125702","daily_mods":["Shiny","Blue Cards","DeadlyEvents"],"is_ascension_mode":false,"campfire_choices":[{"data":"Adrenaline","floor":8,"key":"SMITH"},{"data":"Seek","floor":15,"key":"SMITH"},{"data":"Buffer","floor":23,"key":"SMITH"},{"data":"Wraith Form v2","floor":25,"key":"SMITH"},{"data":"Fission","floor":32,"key":"SMITH"},{"data":"Apotheosis","floor":42,"key":"SMITH"},{"data":"After Image","floor":47,"key":"SMITH"},{"floor":49,"key":"REST"}],"circlet_count":0,"master_deck":["Multi-Cast","Hyperbeam","Thunder Strike","Biased Cognition","Machine Learning","Electrodynamics","Buffer+1","Rainbow","Seek+1","Meteor Strike","Echo Form","All For One","Reboot","Amplify","Creative AI","Fission+1","Core Surge","Venomology","Corpse Explosion","Malaise","Phantasmal Killer","Adrenaline+1","Envenom","Doppelganger","Burst","Wraith Form v2+1","Tools of the Trade","Night Terror","Unload","After Image+1","Bullet Time","Storm of Steel","Glass Knife","A Thousand Cuts","Grand Finale","Compile Driver","Chaos","Ball Lightning","Predator","Cold Snap+1","Go for the Eyes+1","FTL+1","Dodge and Roll","Capacitor","Core Surge+1","Skewer+1","Ghostly","Ghostly","Ghostly","Ghostly","Ghostly","Master of Strategy","Meteor Strike+1","Crippling Poison+1","Normality","Apotheosis+1","Doom and Gloom+1","Sucker Punch+1","Calculated Gamble","PiercingWail+1","Force Field+1","Stack","Hologram"],"relics":["Ring of the Snake","Old Coin","Ginger","Sundial","Molten Egg 2","Pear","InkBottle","Odd Mushroom","Busted Crown","Frozen Eye","Gremlin Horn","Boot","Gambling Chip","Pen Nib","Black Star","Strawberry","Dream Catcher","Orrery","Blue Candle","Art of War","Vajra","Akabeko","White Beast Statue","Potion Belt","Dead Branch"],"acts_visited":["Exordium","TheCity","TheBeyond"],"potions_floor_usage":[6,6,10,11,14,14,16,16,24,29,30,36,39,40,40,40,40,44,45,45,48,48,50,50,50],"damage_taken":[{"damage":0,"enemies":"2 Louse","floor":1,"turns":1},{"damage":6,"enemies":"Small Slimes","floor":3,"turns":2},{"damage":0,"enemies":"Lagavulin","floor":6,"turns":6},{"damage":8,"enemies":"Jaw Worm","floor":7,"turns":5},{"damage":0,"enemies":"Gremlin Nob","floor":10,"turns":3},{"damage":1,"enemies":"3 Sentries","floor":11,"turns":2},{"damage":5,"enemies":"Gremlin Nob","floor":12,"turns":4},{"damage":0,"enemies":"Exordium Thugs","floor":13,"turns":4},{"damage":0,"enemies":"The Mushroom Lair","floor":14,"turns":1},{"damage":0,"enemies":"The Guardian","floor":16,"turns":11},{"damage":2,"enemies":"Chosen","floor":18,"turns":4},{"damage":0,"enemies":"Spheric Guardian","floor":20,"turns":4},{"damage":0,"enemies":"Slavers","floor":24,"turns":4},{"damage":3,"enemies":"Centurion and Healer","floor":27,"turns":5},{"damage":2,"enemies":"Cultist and Chosen","floor":28,"turns":3},{"damage":0,"enemies":"Gremlin Leader","floor":29,"turns":9},{"damage":0,"enemies":"Sentry and Sphere","floor":30,"turns":4},{"damage":0,"enemies":"Champ","floor":33,"turns":13},{"damage":2,"enemies":"3 Shapes","floor":35,"turns":3},{"damage":9,"enemies":"3 Darklings","floor":36,"turns":7},{"damage":1,"enemies":"Maw","floor":39,"turns":11},{"damage":0,"enemies":"Reptomancer","floor":40,"turns":8},{"damage":0,"enemies":"Giant Head","floor":44,"turns":8},{"damage":0,"enemies":"Sphere and 2 Shapes","floor":45,"turns":8},{"damage":0,"enemies":"4 Shapes","floor":46,"turns":2},{"damage":0,"enemies":"Reptomancer","floor":48,"turns":6},{"damage":1,"enemies":"Awakened One","floor":50,"turns":17}],"seed_played":"-7907961458321695633","potions_obtained":[{"floor":1,"key":"Fruit Juice"},{"floor":6,"key":"Dexterity Potion"},{"floor":13,"key":"Explosive Potion"},{"floor":16,"key":"Regen Potion"},{"floor":20,"key":"Poison Potion"},{"floor":24,"key":"LiquidBronze"},{"floor":40,"key":"Energy Potion"},{"floor":45,"key":"DuplicationPotion"},{"floor":48,"key":"Regen Potion"}],"is_trial":true,"path_per_floor":["M","?","M","$","?","E","M","R","T","E","E","E","M","?","R","B",null,"M","?","M","?","$","R","E","R","T","M","M","E","M","T","R","B",null,"M","M","?","?","M","E","$","R","T","E","M","M","R","E","R","B",null],"character_chosen":"THE_SILENT","items_purchased":["GhostInAJar","Ball Lightning","Frozen Eye","Master of Strategy","Apotheosis","Orrery","Blue Candle","Art of War","Calculated Gamble","Swift Potion","Dexterity Potion"],"campfire_rested":1,"item_purchase_floors":[4,4,22,22,41,41,41,41,41,41,41],"current_hp_per_floor":[70,70,64,64,64,69,61,61,61,61,70,65,65,65,65,65,85,83,67,67,45,45,45,45,45,45,42,40,45,45,45,45,45,45,43,34,34,34,33,40,40,40,40,40,40,40,40,40,50,50],"gold":808,"neow_bonus":"","is_daily":false,"chose_seed":false,"campfire_upgraded":7,"win_rate":0.0,"timestamp":1614250622,"path_taken":["M","?","?","$","?","E","M","R","T","E","?","E","M","?","R","BOSS","M","?","?","?","?","R","E","R","T","M","M","E","M","?","R","BOSS","M","M","?","?","M","E","$","R","T","E","M","M","R","E","R","BOSS"],"items_purchased_type":["Potion","Card","Relic","Card","Card","Relic","Relic","Relic","Card","Potion","Potion"],"build_version":"2020-12-22","purchased_purges":1,"victory":true,"max_hp_per_floor":[70,70,70,70,70,75,75,75,75,75,85,85,85,85,85,85,85,85,90,90,45,45,45,45,45,45,45,45,45,45,45,45,45,45,45,45,43,43,43,50,50,50,50,50,50,50,50,50,50,50],"relic_stats":{"Gremlin Horn":[23,26],"counters":[27,155],"Blue Candle":[2],"Dead Branch":[34],"Pen Nib":[12],"Ginger":[18],"Boot":[17],"Dream Catcher":1,"Busted Crown":44,"Sundial":[8],"Gambling Chip":[36],"Black Star":3,"Art of War":[13],"obtain_stats":[{"Gremlin Horn":24,"Vajra":43,"Ginger":6,"Boot":26,"Old Coin":5,"Frozen Eye":22,"Dream Catcher":40,"Sundial":9,"Gambling Chip":29,"Strawberry":40,"InkBottle":12,"Ring of the Snake":0,"Potion Belt":48,"Pear":11,"Blue Candle":41,"Dead Branch":48,"Pen Nib":31,"Odd Mushroom":14,"Akabeko":44,"White Beast Statue":44,"Busted Crown":17,"Orrery":41,"Molten Egg 2":10,"Black Star":34,"Art of War":41},{"Gremlin Horn":13,"Vajra":22,"Ginger":3,"Boot":13,"Old Coin":2,"Frozen Eye":12,"Dream Catcher":22,"Sundial":4,"Gambling Chip":16,"Strawberry":22,"InkBottle":7,"Ring of the Snake":0,"Potion Belt":26,"Pear":6,"Blue Candle":22,"Dead Branch":26,"Pen Nib":17,"Odd Mushroom":9,"Akabeko":23,"White Beast Statue":23,"Busted Crown":10,"Orrery":22,"Molten Egg 2":5,"Black Star":18,"Art of War":22},{"Gremlin Horn":51,"Vajra":114,"Ginger":9,"Boot":51,"Old Coin":3,"Frozen Eye":47,"Dream Catcher":114,"Sundial":14,"Gambling Chip":68,"Strawberry":114,"InkBottle":23,"Ring of the Snake":0,"Potion Belt":138,"Pear":19,"Blue Candle":114,"Dead Branch":138,"Pen Nib":72,"Odd Mushroom":28,"Akabeko":122,"White Beast Statue":122,"Busted Crown":39,"Orrery":114,"Molten Egg 2":17,"Black Star":85,"Art of War":114}],"InkBottle":[53],"Ring of the Snake":[54]},"card_choices":[{"not_picked":["Accuracy","Dash"],"picked":"Compile Driver","floor":1},{"not_picked":["Sucker Punch","Compile Driver"],"picked":"Chaos","floor":3},{"not_picked":["Sucker Punch","Bane","Biased Cognition"],"picked":"SKIP","floor":6},{"not_picked":["Flying Knee","Accuracy"],"picked":"Predator","floor":7},{"not_picked":["Well Laid Plans","Redo"],"picked":"Cold Snap+1","floor":10},{"not_picked":["Reprogram","Poisoned Stab+1"],"picked":"Go for the Eyes+1","floor":11},{"not_picked":["Endless Agony+1","Venomology"],"picked":"FTL+1","floor":12},{"not_picked":["Reflex","Dagger Spray+1"],"picked":"Dodge and Roll","floor":13},{"not_picked":["Bane+1","Hologram"],"picked":"Capacitor","floor":14},{"not_picked":["Meteor Strike+1","Corpse Explosion"],"picked":"Core Surge+1","floor":16},{"not_picked":["Riddle With Holes+1"],"picked":"SKIP","floor":18},{"not_picked":[],"picked":"Skewer+1","floor":20},{"not_picked":["Rip and Tear+1"],"picked":"SKIP","floor":24},{"not_picked":["Barrage+1"],"picked":"SKIP","floor":27},{"not_picked":["Poisoned Stab+1"],"picked":"SKIP","floor":28},{"not_picked":["Cloak And Dagger+1"],"picked":"SKIP","floor":29},{"not_picked":["Dagger Throw+1"],"picked":"SKIP","floor":30},{"not_picked":[],"picked":"Meteor Strike+1","floor":33},{"not_picked":[],"picked":"Crippling Poison+1","floor":35},{"not_picked":["Prepared"],"picked":"SKIP","floor":36},{"not_picked":["Bane+1"],"picked":"SKIP","floor":39},{"not_picked":["Predator+1"],"picked":"SKIP","floor":40},{"not_picked":[],"picked":"Doom and Gloom+1","floor":41},{"not_picked":[],"picked":"Sucker Punch+1","floor":41},{"not_picked":[],"picked":"PiercingWail+1","floor":44},{"not_picked":[],"picked":"Force Field+1","floor":45},{"not_picked":["Expertise"],"picked":"SKIP","floor":46},{"not_picked":[],"picked":"Stack","floor":48},{"not_picked":[],"picked":"Hologram","floor":49}],"player_experience":1535458,"relics_obtained":[{"floor":6,"key":"Ginger"},{"floor":9,"key":"Sundial"},{"floor":10,"key":"Molten Egg 2"},{"floor":11,"key":"Pear"},{"floor":12,"key":"InkBottle"},{"floor":14,"key":"Odd Mushroom"},{"floor":24,"key":"Gremlin Horn"},{"floor":26,"key":"Boot"},{"floor":29,"key":"Gambling Chip"},{"floor":31,"key":"Pen Nib"},{"floor":40,"key":"Strawberry"},{"floor":40,"key":"Dream Catcher"},{"floor":43,"key":"Vajra"},{"floor":44,"key":"Akabeko"},{"floor":44,"key":"White Beast Statue"},{"floor":48,"key":"Potion Belt"},{"floor":48,"key":"Dead Branch"}],"event_choices":[{"damage_healed":0,"gold_gain":0,"player_choice":"Ignored","damage_taken":0,"max_hp_gain":0,"max_hp_loss":0,"event_name":"NoteForYourself","floor":2,"gold_loss":0},{"cards_removed":["Die Die Die"],"damage_healed":0,"gold_gain":0,"player_choice":"Gave Card","damage_taken":0,"relics_obtained":["Old Coin"],"max_hp_gain":0,"max_hp_loss":0,"event_name":"WeMeetAgain","floor":5,"gold_loss":0},{"damage_healed":0,"gold_gain":0,"player_choice":"Fought Mushrooms","damage_taken":0,"max_hp_gain":0,"max_hp_loss":0,"event_name":"Mushrooms","floor":14,"gold_loss":0},{"damage_healed":0,"gold_gain":0,"player_choice":"Shed Blood","damage_taken":21,"max_hp_gain":5,"max_hp_loss":0,"event_name":"Forgotten Altar","floor":19,"gold_loss":0},{"damage_healed":0,"gold_gain":0,"player_choice":"Became a Ghost","damage_taken":0,"max_hp_gain":0,"max_hp_loss":45,"event_name":"Ghosts","floor":21,"gold_loss":0,"cards_obtained":["Ghostly","Ghostly","Ghostly","Ghostly","Ghostly"]},{"damage_healed":0,"gold_gain":0,"player_choice":"Max HP","damage_taken":0,"max_hp_gain":0,"max_hp_loss":2,"event_name":"Winding Halls","floor":37,"gold_loss":0},{"damage_healed":0,"gold_gain":999,"player_choice":"Gold","damage_taken":0,"max_hp_gain":0,"max_hp_loss":0,"event_name":"MindBloom","floor":38,"gold_loss":0,"cards_obtained":["Normality","Normality"]}],"is_beta":false,"boss_relics":[{"not_picked":["Velvet Choker","SacredBark"],"picked":"Busted Crown"},{"not_picked":["WristBlade","Empty Cage"],"picked":"Black Star"}],"items_purged_floors":[41],"is_endless":false,"potions_floor_spawned":[1,6,10,13,16,20,24,27,33,40,45,46,48],"ascension_level":0}}