{"host":"54xlu8utfq6njvlm","time":1614221933,"event":{"mods":["Aspiration","Bard","BaseMod","Beaked The Cultist","Better Altar","Better Match","Better Note","Better Sensory Stone","Better Skull","Better Third Choice","BetterRewards","CCEM2","Colored Map","Conspire","Friendly Minions","GifTheSpireLib","Halation","Hermit","Highlight Path","Infinite Spire","Jorbs\u0027s Wanderer Trilogy","Koishi","Marisa????????","Minty Spire (QoL Compilation)","Permanent Neow","Remilia??????","Replay The Spire","Shade Mod","Shop Mod","Spicy Shops","StSLib","Stuff the Spire","The Animator","The Bug Knight","The Cursed","The Jungle","The Mystic","The Servant 0.9.4","The Witch","Unceasing Turn Reminder","everything is the same but u backflip on backflip"],"gold_per_floor":[122,148,148,323,32,43,85,85,85,85,113,130,130,140,140,152,152],"floor_reached":16,"language":"ENG","playtime":2300,"items_purged":[],"score":101,"play_id":"802f4db5-fc32-4894-81bb-4aa73ae4f86d","local_time":"20210224195853","is_ascension_mode":false,"campfire_choices":[{"floor":8.0,"key":"REST"},{"data":"stsjorbsmod:FreshAdventure","floor":15,"key":"SMITH"}],"circlet_count":0,"master_deck":["stsjorbsmod:ForbiddenGrimoire+1","stsjorbsmod:Strike_Wanderer","stsjorbsmod:Strike_Wanderer","stsjorbsmod:Strike_Wanderer","stsjorbsmod:Strike_Wanderer","stsjorbsmod:Defend_Wanderer+1","stsjorbsmod:Defend_Wanderer+1","stsjorbsmod:Defend_Wanderer+1","stsjorbsmod:Defend_Wanderer+1","stsjorbsmod:FreshAdventure+1","stsjorbsmod:EyeOfTheStorm+1","stsjorbsmod:MageArmor+1","stsjorbsmod:MagicMissiles","stsjorbsmod:MagicMissiles","stsjorbsmod:MirrorImage+1","stsjorbsmod:Index+1","stsjorbsmod:Prestidigitation","Doubt","stsjorbsmod:Rest","StuffTheSpire:Rapture","stsjorbsmod:MageArmor","stsjorbsmod:Will","Writhe","StuffTheSpire:Harmony","stsjorbsmod:Mania"],"relics":["stsjorbsmod:GrimoireRelic","CCEMRelics:OldTooth","Ring of Greed","infinitespire:Midas Blood","MerchantsRug","StuffTheSpire:Saxophone","Bag of Marbles","Spirit Poop"],"acts_visited":["Exordium"],"potions_floor_usage":[14,14,14],"damage_taken":[{"damage":0.0,"enemies":"conspire:RoseBush","floor":1.0,"turns":4.0},{"damage":0.0,"enemies":"2 Louse","floor":2.0,"turns":3.0},{"damage":0.0,"enemies":"infinitespire:Voidling","floor":6.0,"turns":4.0},{"damage":16.0,"enemies":"HollowMod:MossKnight","floor":7.0,"turns":22.0},{"damage":8,"enemies":"conspire:2 RoseBushes","floor":11,"turns":7},{"damage":0,"enemies":"Exordium Thugs","floor":12,"turns":8},{"damage":0,"enemies":"Blue Slaver","floor":14,"turns":5},{"damage":56,"enemies":"Fading Forest","floor":16,"turns":8}],"seed_played":"-4773340960481373538","potions_obtained":[{"floor":1.0,"key":"SteroidPotion"},{"floor":6.0,"key":"LiquidMemories"},{"floor":7.0,"key":"Block Potion"}],"is_trial":false,"path_per_floor":["M","M","?","?","$","M","E","R","T","?","M","M","?","M","R","B"],"character_chosen":"WANDERER","items_purchased":["CCEMRelics:OldTooth","stsjorbsmod:Counterspell","stsjorbsmod:MageArmor","stsjorbsmod:MagicMissiles","MerchantsRug","StuffTheSpire:Saxophone"],"campfire_rested":1,"item_purchase_floors":[0,0,0,0,5,5],"current_hp_per_floor":[38,39,39,39,39,39,23,43,43,43,35,35,39,45,45,0,0],"gold":152,"neow_bonus":"","is_daily":false,"chose_seed":false,"campfire_upgraded":1,"win_rate":0.0,"timestamp":1614221933,"path_taken":["M","M","?","?","$","M","E","R","T","?","?","M","?","M","R","BOSS"],"items_purchased_type":["Relic","Card","Card","Card","Relic","Relic"],"build_version":"2020-12-22","purchased_purges":0,"victory":false,"max_hp_per_floor":[68,68,68,68,68,68,68,68,68,68,68,68,68,70,70,70,70],"card_choices":[{"not_picked":["stsjorbsmod:Channel","stsjorbsmod:UnseenServant"],"picked":"stsjorbsmod:Index","floor":1.0},{"not_picked":["stsjorbsmod:Channel","stsjorbsmod:UnseenServant"],"picked":"stsjorbsmod:Prestidigitation","floor":2.0},{"not_picked":["stsjorbsmod:Hibernate","stsjorbsmod:Prestidigitation"],"picked":"stsjorbsmod:Rest","floor":6.0},{"not_picked":["stsjorbsmod:MistyStep","stsjorbsmod:DisguiseSelf"],"picked":"stsjorbsmod:MageArmor","floor":7.0},{"not_picked":["stsjorbsmod:Mending","stsjorbsmod:MagicMirror"],"picked":"stsjorbsmod:Will","floor":11},{"not_picked":["stsjorbsmod:MageArmor","stsjorbsmod:Determination","stsjorbsmod:Prestidigitation"],"picked":"SKIP","floor":12},{"not_picked":["stsjorbsmod:TinyHut","stsjorbsmod:RefuseToForget"],"picked":"stsjorbsmod:Mania","floor":14}],"player_experience":207053,"relics_obtained":[{"floor":0.0,"key":"Replay:Bandana"},{"floor":0.0,"key":"infinitespire:Midas Blood"},{"floor":7.0,"key":"Bag of Marbles"}],"event_choices":[{"damage_healed":0.0,"max_hp_gain":0.0,"max_hp_loss":0.0,"gold_gain":175.0,"event_name":"betterThird:BetterSerpent","player_choice":"AGREE","floor":4.0,"gold_loss":0.0,"damage_taken":148.0},{"cards_removed":["animator:Curse_Greed"],"damage_healed":0.0,"max_hp_gain":0.0,"max_hp_loss":0.0,"gold_gain":0.0,"event_name":"Bonfire Elementals","player_choice":"Offered Curse","floor":10.0,"gold_loss":0.0,"damage_taken":0.0,"relics_obtained":["Spirit Poop"]},{"damage_healed":4,"gold_gain":0,"player_choice":"LEAVE ","damage_taken":0,"relics_obtained":[],"max_hp_gain":0,"max_hp_loss":0,"event_name":"betterSkull:BetterSkull","floor":13,"gold_loss":0,"cards_upgraded":[]}],"is_beta":false,"boss_relics":[],"items_purged_floors":[],"is_endless":false,"potions_floor_spawned":[1,6,7,12],"killed_by":"Fading Forest","ascension_level":0}}