{"host":"3popq6h3e9zwx3f8","time":1614262691,"event":{"mods":["BaseMod","Downfall","Googly Eyes","Hermit","Minty Spire (QoL Compilation)","StSLib","The IronCluck"],"gold_per_floor":[99,111,96,115,115,130,130,143,159,159,173,185,116,566,585,585,585,585],"floor_reached":16,"language":"ENG","playtime":1472,"items_purged":[],"score":96,"play_id":"0ea98cd9-44cf-48a9-8465-4898bc5dae6e","local_time":"20210225061811","is_ascension_mode":false,"campfire_choices":[{"data":"Guardian:CurlUp","floor":1,"key":"SMITH"},{"data":"Guardian:TimeSifter","floor":10,"key":"SMITH"}],"circlet_count":0,"master_deck":["Guardian:Strike_Guardian","Guardian:Strike_Guardian","Guardian:Strike_Guardian","Guardian:Strike_Guardian","Guardian:Defend_Guardian","Guardian:Defend_Guardian","Guardian:Defend_Guardian","Guardian:Defend_Guardian","Guardian:CurlUp+1","Guardian:TwinSlam","Guardian:DecasProtection","Guardian:Planning","Guardian:TimeSifter+1","Guardian:SpikerProtocol","Guardian:SpikerProtocol","Guardian:PiercingHide","Guardian:TimeCapacitor","Guardian:ShieldCharger","downfall:Icky","downfall:Icky","downfall:Icky","Guardian:Harden"],"relics":["Guardian:ModeShifter","MealTicket","Gremlin Horn"],"acts_visited":["Exordium"],"potions_floor_usage":[12],"damage_taken":[{"damage":0,"enemies":"Cultist","floor":2,"turns":4},{"damage":5,"enemies":"downfall:FleeingMerchant","floor":3,"turns":4},{"damage":12,"enemies":"Small Slimes","floor":4,"turns":4},{"damage":1,"enemies":"Jaw Worm","floor":6,"turns":5},{"damage":0,"enemies":"Large Slime","floor":8,"turns":6},{"damage":4,"enemies":"Blue Slaver","floor":9,"turns":5},{"damage":10,"enemies":"2 Fungi Beasts","floor":11,"turns":4},{"damage":3,"enemies":"3 Louse","floor":12,"turns":3},{"damage":0,"enemies":"downfall:FleeingMerchant","floor":13,"turns":4},{"damage":9,"enemies":"downfall:LooterAlt","floor":15,"turns":6},{"damage":134,"enemies":"IC_STATUS_ARCHETYPE","floor":16,"turns":25}],"seed_played":"-5830592776502349284","potions_obtained":[{"floor":4,"key":"ColorlessPotion"},{"floor":8,"key":"FairyPotion"},{"floor":15,"key":"FairyPotion"}],"is_trial":false,"path_per_floor":["R","M","$","M","?","M","T","M","M","R","M","M","$","?","M","B"],"character_chosen":"GUARDIAN","items_purchased":["Guardian:ShieldCharger"],"campfire_rested":0,"item_purchase_floors":[13],"current_hp_per_floor":[80,80,75,63,80,79,79,79,75,75,65,62,77,77,68,0,0,0],"gold":585,"neow_bonus":"RANDOM_COMMON_RELIC","is_daily":false,"chose_seed":false,"campfire_upgraded":2,"win_rate":0.0,"timestamp":1614262691,"path_taken":["R","M","?","M","?","M","T","M","?","R","M","M","?","?","M","BOSS"],"items_purchased_type":["Card"],"build_version":"2020-12-22","purchased_purges":0,"victory":false,"max_hp_per_floor":[80,80,80,80,80,80,80,80,80,80,80,80,80,80,80,80,80,80],"card_choices":[{"not_picked":["Guardian:Planning","Guardian:MultiBeam","Guardian:ShieldCharger"],"picked":"SKIP","floor":2},{"not_picked":["Guardian:Recover","Guardian:TimeBomb"],"picked":"Guardian:DecasProtection","floor":3},{"not_picked":["Guardian:Suspension","Guardian:Incinerate"],"picked":"Guardian:Planning","floor":4},{"not_picked":["Guardian:Gem_Cyan","Guardian:CrystalBeam"],"picked":"Guardian:TimeSifter","floor":6},{"not_picked":["Guardian:Gem_Blue","Guardian:Planning"],"picked":"Guardian:SpikerProtocol","floor":8},{"not_picked":["Guardian:PrimingBeam","Guardian:Planning"],"picked":"Guardian:SpikerProtocol","floor":9},{"not_picked":["Guardian:HyperBeam_Guardian","Guardian:Gem_Cyan","Guardian:CrystalBeam"],"picked":"SKIP","floor":11},{"not_picked":["Guardian:TemporalShield","Guardian:Gem_Red"],"picked":"Guardian:PiercingHide","floor":12},{"not_picked":["Guardian:PrismaticBeam","Guardian:DecasProtection"],"picked":"Guardian:TimeCapacitor","floor":13},{"not_picked":["Guardian:TimeCapacitor","Guardian:ChargeCore"],"picked":"Guardian:Harden","floor":15}],"player_experience":388236,"relics_obtained":[{"floor":7,"key":"Gremlin Horn"}],"event_choices":[{"damage_healed":17,"gold_gain":0,"player_choice":"Full Heal","damage_taken":0,"max_hp_gain":0,"max_hp_loss":0,"event_name":"Wheel of Change","floor":5,"gold_loss":0}],"is_beta":false,"boss_relics":[],"items_purged_floors":[],"is_endless":false,"potions_floor_spawned":[4,8,15],"killed_by":"IC_STATUS_ARCHETYPE","ascension_level":0}}