{"host":"uzp1tn8qxn9571p9","time":1614249118,"event":{"mods":["Aspiration","BaseMod","Better Third Choice","Better Vampires","Bossed Relics","Colored Map","Colored Powertips","Curses Come First","Hermit","Marisa£®ÏF”Í°°ƒß¿Ì…≥£©","Minty Spire (QoL Compilation)","StSLib","The Jungle","The Marked","The Runesmith"],"gold_per_floor":[11,31,31,31,43,72,90,121,171,203,94,94,269,295,295,396,396,406,406,331,331,342,342,342,367,367,367,367],"floor_reached":27,"language":"ZHS","playtime":1029,"items_purged":["hermit:Strike_Hermit"],"score":313,"play_id":"45ea9426-6293-4ff5-b5d3-8b4af5eae2eb","local_time":"20210225183158","is_ascension_mode":true,"campfire_choices":[{"data":"hermit:FatalDesire","floor":12,"key":"SMITH"},{"data":"hermit:Magnum","floor":15,"key":"SMITH"},{"data":"hermit:Brawl","floor":23,"key":"SMITH"}],"circlet_count":0,"master_deck":["hermit:Strike_Hermit","hermit:Defend_Hermit+1","hermit:Defend_Hermit+1","hermit:Defend_Hermit","hermit:Snapshot","hermit:Covet","hermit:Horror","hermit:Magnum+1","hermit:Misfire","hermit:Grudge","hermit:NoHoldsBarred+1","hermit:Enervate","hermit:FatalDesire+1","hermit:RoundhouseKick+1","hermit:Brawl+1","hermit:Dissolve","hermit:GhostlyPresence+1","hermit:Snipe+1"],"relics":["hermit:Momento","PreservedInsect","Centennial Puzzle","Lantern","Omamori","Anchor","aspiration:RunesmithSkillbook","Darkstone Periapt","Ancient Tea Set","hermit:Spyglass","Bag of Marbles","Whetstone"],"acts_visited":["Exordium","TheCity"],"potions_floor_usage":[8,8,16,18,25,27],"damage_taken":[{"damage":0.0,"enemies":"Cultist","floor":1.0,"turns":3.0},{"damage":10.0,"enemies":"Small Slimes","floor":2.0,"turns":3.0},{"damage":7.0,"enemies":"Jaw Worm","floor":5.0,"turns":2.0},{"damage":10.0,"enemies":"Gremlin Nob","floor":6.0,"turns":3.0},{"damage":0.0,"enemies":"2 Fungi Beasts","floor":7.0,"turns":2.0},{"damage":0,"enemies":"Lagavulin","floor":8,"turns":2},{"damage":2,"enemies":"3 Sentries","floor":10,"turns":4},{"damage":28,"enemies":"The Guardian","floor":16,"turns":4},{"damage":28,"enemies":"3 Byrds","floor":18,"turns":5},{"damage":12,"enemies":"2 Thieves","floor":22,"turns":2},{"damage":31,"enemies":"Slavers","floor":25,"turns":4},{"damage":6,"enemies":"Book of Stabbing","floor":27,"turns":3}],"seed_played":"6371720721649136186","potions_obtained":[{"floor":6.0,"key":"FearPotion"},{"floor":7.0,"key":"Energy Potion"},{"floor":8,"key":"AttackPotion"},{"floor":10,"key":"EssenceOfSteel"},{"floor":16,"key":"Fire Potion"},{"floor":25,"key":"DistilledChaos"}],"is_trial":false,"path_per_floor":["M","M","$","?","M","E","M","E","T","E","$","R","?","T","R","B",null,"M","T","?","?","M","R","T","E","T","E"],"character_chosen":"HERMIT","items_purchased":["hermit:Brawl"],"campfire_rested":0,"item_purchase_floors":[11],"current_hp_per_floor":[75,65,65,50,43,33,33,33,33,31,31,31,31,31,31,3,75,47,47,47,47,35,35,35,4,4,0,0],"gold":367,"neow_bonus":"TRANSFORM_TWO_CARDS","is_daily":false,"chose_seed":false,"campfire_upgraded":3,"win_rate":0.0,"timestamp":1614249118,"path_taken":["M","M","?","?","M","E","M","E","T","E","?","R","?","?","R","BOSS","M","?","?","?","M","R","?","E","T","E"],"items_purchased_type":["Card"],"build_version":"2020-12-22","purchased_purges":1,"victory":false,"max_hp_per_floor":[75,75,75,75,75,75,75,75,75,75,75,75,75,75,75,75,75,75,75,75,75,75,75,75,75,75,75,75],"card_choices":[{"not_picked":["hermit:TrackingShot","hermit:GhostlyPresence"],"picked":"hermit:Misfire","floor":1.0},{"not_picked":["hermit:TakeCover","hermit:Scavenge"],"picked":"hermit:Grudge","floor":2.0},{"not_picked":["hermit:ItchyTrigger","hermit:LowProfile","hermit:Shortfuse"],"picked":"SKIP","floor":5.0},{"not_picked":["hermit:Desperado","hermit:FromBeyond"],"picked":"hermit:NoHoldsBarred","floor":6.0},{"not_picked":["hermit:Quickdraw","hermit:ShadowCloak"],"picked":"hermit:Enervate","floor":7.0},{"not_picked":["hermit:Horror","hermit:Desperado"],"picked":"hermit:FatalDesire","floor":8},{"not_picked":["hermit:Misfire","hermit:Manifest"],"picked":"hermit:RoundhouseKick","floor":10},{"not_picked":["hermit:FatalDesire","hermit:Roughhouse"],"picked":"hermit:Dissolve","floor":16},{"not_picked":["hermit:TrackingShot","Runesmith:CraftIncendium","Runesmith:Firestorm"],"picked":"hermit:GhostlyPresence+1","floor":18},{"not_picked":["Runesmith:CraftProtectio","Runesmith:BackupBattery+1","hermit:TrackingShot+1","Runesmith:Duplicate"],"picked":"SKIP","floor":22},{"not_picked":["Runesmith:HeatedChisel","Runesmith:Permafrost+1","hermit:BigShot"],"picked":"hermit:Snipe+1","floor":25}],"player_experience":450089,"relics_obtained":[{"floor":6.0,"key":"PreservedInsect"},{"floor":8,"key":"Centennial Puzzle"},{"floor":9,"key":"Lantern"},{"floor":10,"key":"Omamori"},{"floor":14,"key":"Anchor"},{"floor":19,"key":"Darkstone Periapt"},{"floor":24,"key":"hermit:Spyglass"},{"floor":25,"key":"Bag of Marbles"},{"floor":26,"key":"Whetstone"}],"event_choices":[{"damage_healed":65.0,"max_hp_gain":0.0,"max_hp_loss":75.0,"gold_gain":0.0,"event_name":"betterThird:BetterShining","player_choice":"Upgrade","floor":4.0,"gold_loss":0.0,"damage_taken":15.0,"cards_upgraded":["hermit:Defend_Hermit","hermit:Defend_Hermit"]},{"damage_healed":0,"gold_gain":175,"player_choice":"AGREE","damage_taken":94,"max_hp_gain":0,"max_hp_loss":0,"event_name":"betterThird:BetterSerpent","floor":13,"gold_loss":0},{"cards_removed":["hermit:Strike_Hermit"],"damage_healed":0,"gold_gain":0,"player_choice":"Gave Gold","damage_taken":0,"max_hp_gain":0,"max_hp_loss":0,"event_name":"Beggar","floor":20,"gold_loss":75},{"damage_healed":0,"gold_gain":0,"player_choice":"Stole Relic","damage_taken":0,"relics_obtained":["Ancient Tea Set"],"max_hp_gain":0,"max_hp_loss":0,"event_name":"Addict","floor":21,"gold_loss":0,"cards_obtained":["Shame"]}],"is_beta":false,"boss_relics":[{"not_picked":["hermit:DentedPlate","Snecko Eye"],"picked":"aspiration:RunesmithSkillbook"}],"items_purged_floors":[11],"is_endless":false,"potions_floor_spawned":[6,7,8,10,16,25],"killed_by":"Book of Stabbing","ascension_level":3}}