{"host":"y24pqu7jih1n8m3t","time":1614293527,"event":{"mods":["AchievementEnabler","BaseMod","Bestiary","Block Reminder","Colored Map","Colored Powertips","DeckTracker","Highlight Path","Minty Spire (QoL Compilation)","Permanent Neow","Quick Restart","Rare Cards Sparkle","Relic Stats"],"gold_per_floor":[114,131,33,53,69,69,94,94,94,119,133,3,330,343,343,448,448,462,233,213,213,128,157,157,169,169,169,187,187,187,187],"floor_reached":30,"language":"ENG","playtime":2720,"items_purged":[],"score":336,"play_id":"93b83263-473b-4600-9139-0319509e9775","local_time":"20210225175207","is_ascension_mode":true,"campfire_choices":[{"data":"Armaments","floor":6.0,"key":"SMITH"},{"data":"Seeing Red","floor":8.0,"key":"SMITH"},{"data":"Dark Embrace","floor":15.0,"key":"SMITH"},{"floor":27,"key":"RECALL"},{"data":"Havoc","floor":29,"key":"SMITH"}],"circlet_count":0,"master_deck":["Strike_R+1","Strike_R+1","Strike_R+1","Strike_R+1","Strike_R+1","Defend_R+1","Defend_R+1","Defend_R+1","Defend_R+1","Bash","Metallicize","Pommel Strike","Rage","Dark Embrace+1","Metallicize","Havoc+1","Headbutt","Armaments+1","Seeing Red+1","Exhume+1","Perfected Strike","Evolve","Pummel","Rage","Feed","Shrug It Off","Wild Strike","Wild Strike","Feel No Pain","Exhume","Pommel Strike","Iron Wave+1","Exhume","Clothesline+1","Havoc+1","Perfected Strike","Spot Weakness","Pommel Strike+1","Parasite","Intimidate+1","Disarm"],"relics":["Burning Blood","Prayer Wheel","War Paint","Sundial","Bottled Lightning","Old Coin","Cursed Key","Medical Kit","Smiling Mask","Meat on the Bone","Ornamental Fan"],"acts_visited":["Exordium","TheCity"],"potions_floor_usage":[23,23,30,30],"damage_taken":[{"damage":1.0,"enemies":"Cultist","floor":1.0,"turns":4.0},{"damage":0.0,"enemies":"2 Louse","floor":2.0,"turns":3.0},{"damage":12.0,"enemies":"Small Slimes","floor":4.0,"turns":4.0},{"damage":6.0,"enemies":"3 Louse","floor":5.0,"turns":3.0},{"damage":17.0,"enemies":"Lagavulin","floor":7.0,"turns":9.0},{"damage":24.0,"enemies":"3 Sentries","floor":10.0,"turns":8.0},{"damage":1.0,"enemies":"Exordium Wildlife","floor":11.0,"turns":3.0},{"damage":9.0,"enemies":"Gremlin Nob","floor":13.0,"turns":4.0},{"damage":20.0,"enemies":"Lots of Slimes","floor":14.0,"turns":4.0},{"damage":24.0,"enemies":"Slime Boss","floor":16.0,"turns":8.0},{"damage":25.0,"enemies":"3 Byrds","floor":18.0,"turns":6.0},{"damage":21,"enemies":"2 Thieves","floor":20,"turns":4},{"damage":27,"enemies":"Book of Stabbing","floor":23,"turns":8},{"damage":0,"enemies":"3 Cultists","floor":25,"turns":5},{"damage":14,"enemies":"Snecko","floor":28,"turns":6},{"damage":75,"enemies":"Gremlin Leader","floor":30,"turns":8}],"seed_played":"-1003278482056820183","potions_obtained":[{"floor":2.0,"key":"Regen Potion"},{"floor":4.0,"key":"Fire Potion"},{"floor":10.0,"key":"AttackPotion"},{"floor":16.0,"key":"GamblersBrew"},{"floor":20,"key":"SkillPotion"},{"floor":25,"key":"Regen Potion"},{"floor":28,"key":"DistilledChaos"}],"is_trial":false,"path_per_floor":["M","M","$","M","M","R","E","R","T","E","M","$","E","M","R","B",null,"M","$","M","?","?","E","?","M","T","R","M","R","E"],"character_chosen":"IRONCLAD","items_purchased":["Metallicize","Havoc","Feed","Shrug It Off","Medical Kit","Exhume"],"campfire_rested":0,"item_purchase_floors":[3,3,12,12,19,19],"current_hp_per_floor":[61,67,67,61,61,61,65,65,65,47,52,52,49,41,41,23,86,73,73,58,58,58,37,37,55,55,55,59,59,0,0],"gold":187,"neow_bonus":"ONE_RARE_RELIC","is_daily":false,"chose_seed":false,"campfire_upgraded":4,"win_rate":0.0,"timestamp":1614293527,"path_taken":["M","M","$","M","M","R","E","R","T","E","M","$","E","M","R","BOSS","M","$","?","?","?","E","?","M","T","R","M","R","E"],"items_purchased_type":["Card","Card","Card","Card","Relic","Card"],"build_version":"2020-12-22","purchased_purges":0,"victory":false,"max_hp_per_floor":[80,80,80,80,80,80,80,80,80,80,80,80,80,86,86,86,86,92,92,92,92,92,92,92,92,92,92,92,92,92,92],"relic_stats":{"counters":[16,87],"Sundial":[2],"Ornamental Fan":[20],"Prayer Wheel":10,"War Paint":["Havoc","Exhume"],"Cursed Key":1,"Medical Kit":[4],"Smiling Mask":0,"obtain_stats":[{"Sundial":9,"Ornamental Fan":26,"Prayer Wheel":0,"Bottled Lightning":10,"War Paint":7,"Cursed Key":17,"Medical Kit":19,"Smiling Mask":22,"Burning Blood":0,"Old Coin":13,"Meat on the Bone":23},{"Sundial":5,"Ornamental Fan":14,"Prayer Wheel":0,"Bottled Lightning":6,"War Paint":5,"Cursed Key":10,"Medical Kit":11,"Smiling Mask":12,"Burning Blood":0,"Old Coin":8,"Meat on the Bone":13},{"Sundial":23,"Ornamental Fan":73,"Prayer Wheel":0,"Bottled Lightning":31,"War Paint":23,"Cursed Key":50,"Medical Kit":56,"Smiling Mask":60,"Burning Blood":0,"Old Coin":38,"Meat on the Bone":68}],"Burning Blood":90,"Meat on the Bone":24},"card_choices":[{"not_picked":["Body Slam","Second Wind"],"picked":"Metallicize","floor":1.0},{"not_picked":["Heavy Blade","Anger"],"picked":"Pommel Strike","floor":1.0},{"not_picked":["Power Through","Perfected Strike"],"picked":"Rage","floor":2.0},{"not_picked":["Body Slam","Headbutt"],"picked":"Dark Embrace","floor":2.0},{"not_picked":["Perfected Strike","Flex"],"picked":"Headbutt","floor":4.0},{"not_picked":["Headbutt","Uppercut"],"picked":"Armaments","floor":4.0},{"not_picked":["Blood for Blood","Disarm"],"picked":"Seeing Red","floor":5.0},{"not_picked":["Twin Strike","Intimidate"],"picked":"Exhume","floor":5.0},{"not_picked":["Heavy Blade","Bloodletting"],"picked":"Perfected Strike","floor":7.0},{"not_picked":["Heavy Blade","Rampage"],"picked":"Evolve","floor":10.0},{"not_picked":["Entrench","Twin Strike"],"picked":"Pummel","floor":11.0},{"not_picked":["Flex","Hemokinesis"],"picked":"Rage","floor":11.0},{"not_picked":["Thunderclap","Rupture"],"picked":"Wild Strike","floor":13.0},{"not_picked":["Rupture","Armaments"],"picked":"Wild Strike","floor":14.0},{"not_picked":["Thunderclap","Reckless Charge"],"picked":"Feel No Pain","floor":14.0},{"not_picked":["Offering","Reaper"],"picked":"Exhume","floor":16.0},{"not_picked":["Clothesline","Reckless Charge+1"],"picked":"Pommel Strike","floor":18.0},{"not_picked":["Headbutt","Clothesline+1"],"picked":"Iron Wave+1","floor":18.0},{"not_picked":["Dark Embrace","Warcry"],"picked":"Clothesline+1","floor":20},{"not_picked":["Flex","Twin Strike"],"picked":"Havoc","floor":20},{"not_picked":["Brutality","Twin Strike"],"picked":"Perfected Strike","floor":23},{"not_picked":["Wild Strike+1","Carnage"],"picked":"Spot Weakness","floor":25},{"not_picked":["Headbutt","Havoc"],"picked":"Pommel Strike+1","floor":25},{"not_picked":["Sword Boomerang","Searing Blow"],"picked":"Intimidate+1","floor":28},{"not_picked":["Intimidate","Searing Blow"],"picked":"Disarm","floor":28}],"player_experience":219835,"relics_obtained":[{"floor":7.0,"key":"War Paint"},{"floor":9.0,"key":"Sundial"},{"floor":10.0,"key":"Bottled Lightning"},{"floor":13.0,"key":"Old Coin"},{"floor":23,"key":"Meat on the Bone"},{"floor":26,"key":"Ornamental Fan"}],"event_choices":[{"damage_healed":0,"gold_gain":0,"player_choice":"Ignored","damage_taken":0,"max_hp_gain":0,"max_hp_loss":0,"event_name":"Ghosts","floor":21,"gold_loss":0},{"damage_healed":0,"gold_gain":0,"player_choice":"Obtained Relic","damage_taken":0,"relics_obtained":["Smiling Mask"],"max_hp_gain":0,"max_hp_loss":0,"event_name":"Addict","floor":22,"gold_loss":85},{"damage_healed":0,"gold_gain":0,"player_choice":"Simplicity","damage_taken":0,"max_hp_gain":0,"max_hp_loss":0,"event_name":"Back to Basics","floor":24,"gold_loss":0,"cards_upgraded":["Strike_R","Strike_R","Strike_R","Strike_R","Strike_R","Defend_R","Defend_R","Defend_R","Defend_R"]}],"is_beta":false,"boss_relics":[{"not_picked":["Empty Cage","Velvet Choker"],"picked":"Cursed Key"}],"items_purged_floors":[],"is_endless":false,"potions_floor_spawned":[2,4,10,16,20,25,28],"killed_by":"Gremlin Leader","ascension_level":3}}