{"host":"75zx7uhsgygk98v8","time":1614275545,"event":{"mods":["BaseMod","Beaked The Cultist","Colored Map","Colored Powertips","Downfall","Googly Eyes","Gremlin Mod","Highlight Path","Mad Scientist","Minty Spire (QoL Compilation)","Rare Cards Sparkle","Somnambulant","Spicy Shops","StSLib","The Construct","The Cursed","The Forsaken","The Mystic","The Necromancer"],"gold_per_floor":[114,125,125,125,125,156,156,156,156],"floor_reached":8,"language":"ENG","playtime":379,"items_purged":[],"score":57,"play_id":"d4c191bc-69a5-4528-b6ef-3e81f19b9b82","local_time":"20210225115225","is_ascension_mode":true,"campfire_choices":[{"data":"beaked:RitualOfBody","floor":7,"key":"SMITH"}],"circlet_count":0,"master_deck":["beaked:Strike_Y","beaked:Strike_Y","beaked:Strike_Y","beaked:Strike_Y","beaked:Strike_Y","beaked:Defend_Y","beaked:Defend_Y","beaked:Defend_Y","beaked:Defend_Y","beaked:Ceremony","beaked:Ceremony","beaked:Ceremony","beaked:RitualOfBody+1","beaked:BraceForImpact","beaked:MimicHuntress"],"relics":["beaked:MendingPlumage","Golden Idol","Anchor"],"acts_visited":["Exordium"],"potions_floor_usage":[6,8],"damage_taken":[{"damage":11,"enemies":"Jaw Worm","floor":1,"turns":4},{"damage":8,"enemies":"Small Slimes","floor":2,"turns":6},{"damage":55,"enemies":"3 Sentries","floor":6,"turns":16},{"damage":27,"enemies":"Gremlin Nob","floor":8,"turns":3}],"seed_played":"8993968609547346462","potions_obtained":[{"floor":1,"key":"Energy Potion"},{"floor":2,"key":"ColorlessPotion"}],"is_trial":false,"path_per_floor":["M","M","?","?","?","E","R","E"],"character_chosen":"BEAKED_THE_CULTIST","items_purchased":[],"campfire_rested":0,"item_purchase_floors":[],"current_hp_per_floor":[52,55,60,53,38,18,18,0,0],"gold":156,"neow_bonus":"TEN_PERCENT_HP_BONUS","is_daily":false,"chose_seed":false,"campfire_upgraded":1,"win_rate":0.0,"timestamp":1614275545,"path_taken":["M","M","?","?","?","E","R","E"],"items_purchased_type":[],"build_version":"2020-12-22","purchased_purges":0,"victory":false,"max_hp_per_floor":[55,55,60,60,60,60,60,60,60],"card_choices":[{"not_picked":["beaked:DigDeeper","beaked:BarbedWire"],"picked":"beaked:RitualOfBody","floor":1},{"not_picked":["beaked:Brace","beaked:RitualOfBody"],"picked":"beaked:BraceForImpact","floor":2},{"not_picked":["beaked:Devastation","beaked:Cower"],"picked":"beaked:MimicHuntress","floor":6}],"player_experience":1538817,"relics_obtained":[{"floor":6,"key":"Anchor"}],"event_choices":[{"damage_healed":0,"gold_gain":0,"player_choice":"Donut","damage_taken":0,"max_hp_gain":5,"max_hp_loss":0,"event_name":"Big Fish","floor":3,"gold_loss":0},{"cards_removed":["beaked:Strike_Y"],"damage_healed":0,"gold_gain":0,"player_choice":"Card Removal","damage_taken":7,"max_hp_gain":0,"max_hp_loss":0,"event_name":"Golden Wing","floor":4,"gold_loss":0},{"damage_healed":0,"gold_gain":0,"player_choice":"Take Damage","damage_taken":15,"relics_obtained":["Golden Idol"],"max_hp_gain":0,"max_hp_loss":0,"event_name":"Golden Idol","floor":5,"gold_loss":0}],"is_beta":false,"boss_relics":[],"items_purged_floors":[],"is_endless":false,"potions_floor_spawned":[1,2],"killed_by":"Gremlin Nob","ascension_level":1}}