{"host":"i8jmqwe1x1fgpvdb","time":1614215792,"event":{"mods":["BaseMod","Minty Spire (QoL Compilation)","StSLib","The Alterego","The Servant 0.9.4"],"gold_per_floor":[119,194,194,194,194,194,220,220,265,265,284,43,56,67,67,170,170,188,201,201,220,220,220],"floor_reached":22,"language":"ZHS","playtime":1836,"items_purged":[],"score":209,"play_id":"f137c78d-bc17-4ba9-96bf-455896043d4c","local_time":"20210224171632","is_ascension_mode":false,"campfire_choices":[{"data":"alterego_mod:STier","floor":6,"key":"SMITH"},{"data":"alterego_mod:Impale","floor":8,"key":"SMITH"},{"data":"alterego_mod:BrynhildrsRune","floor":10,"key":"SMITH"},{"floor":15,"key":"REST"}],"circlet_count":0,"master_deck":["alterego_mod:Strike","alterego_mod:Strike","alterego_mod:Strike","alterego_mod:Strike","alterego_mod:Defend","alterego_mod:Defend","alterego_mod:Defend","alterego_mod:Defend","alterego_mod:Impale+1","alterego_mod:BigMeatyClaws","alterego_mod:BrynhildrsRune+1","alterego_mod:STier+1","alterego_mod:TrashNCrash","Apotheosis","alterego_mod:ClassAdvantage","alterego_mod:DiscoLights","alterego_mod:Mirror+1","alterego_mod:Pet"],"relics":["alterego_mod:MasochisticConstitution","Potion Belt","Akabeko","Philosopher\u0027s Stone"],"acts_visited":["Exordium","TheCity"],"potions_floor_usage":[7,16,19],"damage_taken":[{"damage":11.0,"enemies":"Jaw Worm","floor":1.0,"turns":4.0},{"damage":44,"enemies":"Lagavulin","floor":7,"turns":14},{"damage":0,"enemies":"Small Slimes","floor":11,"turns":3},{"damage":13,"enemies":"2 Louse","floor":13,"turns":5},{"damage":6,"enemies":"Large Slime","floor":14,"turns":5},{"damage":42,"enemies":"The Guardian","floor":16,"turns":12},{"damage":18,"enemies":"Spheric Guardian","floor":18,"turns":5},{"damage":27,"enemies":"3 Byrds","floor":19,"turns":4},{"damage":38,"enemies":"Shelled Parasite and Fungi","floor":21,"turns":6},{"damage":15,"enemies":"Centurion and Healer","floor":22,"turns":1}],"seed_played":"-8397872949800904665","potions_obtained":[{"floor":1.0,"key":"BlessingOfTheForge"},{"floor":14,"key":"DistilledChaos"},{"floor":18,"key":"ColorlessPotion"}],"is_trial":false,"path_per_floor":["M","?","?","?","?","R","E","R","T","R","M","$","M","M","R","B",null,"M","M","$","M","M"],"character_chosen":"The_Alterego","items_purchased":["alterego_mod:TrashNCrash","Apotheosis"],"campfire_rested":1,"item_purchase_floors":[12,12],"current_hp_per_floor":[67,56,56,61,61,61,18,18,18,18,21,21,27,22,49,15,94,77,51,51,14,0,0],"gold":220,"neow_bonus":"TEN_PERCENT_HP_BONUS","is_daily":false,"chose_seed":false,"campfire_upgraded":3,"win_rate":0.0,"timestamp":1614215792,"path_taken":["M","?","?","?","?","R","E","R","T","R","M","$","M","M","R","BOSS","M","?","$","M","M"],"items_purchased_type":["Card","Card"],"build_version":"2020-12-22","purchased_purges":0,"victory":false,"max_hp_per_floor":[78,78,78,83,83,83,84,84,84,84,87,87,92,93,93,94,94,95,96,96,97,97,97],"card_choices":[{"not_picked":["alterego_mod:Clones","alterego_mod:Bounce","alterego_mod:Crossover"],"picked":"SKIP","floor":1.0},{"not_picked":["alterego_mod:Cooking","alterego_mod:Valentines","alterego_mod:Stockings"],"picked":"SKIP","floor":7},{"not_picked":["alterego_mod:1TonWallop","alterego_mod:BiFurious","alterego_mod:HighServant"],"picked":"SKIP","floor":11},{"not_picked":["alterego_mod:RidiculouslyBig","alterego_mod:MagicResistance","alterego_mod:Maid"],"picked":"SKIP","floor":13},{"not_picked":["alterego_mod:Bounce","alterego_mod:Belle","alterego_mod:DustData"],"picked":"SKIP","floor":14},{"not_picked":["alterego_mod:STier","alterego_mod:BrynhildrRomantia"],"picked":"alterego_mod:ClassAdvantage","floor":16},{"not_picked":["alterego_mod:TrashNCrash+1","alterego_mod:PerceptionDisorder"],"picked":"alterego_mod:DiscoLights","floor":18},{"not_picked":["alterego_mod:PurpleHair","alterego_mod:RidiculouslyBig+1"],"picked":"alterego_mod:Mirror+1","floor":19},{"not_picked":["alterego_mod:Maid","alterego_mod:HighServant"],"picked":"alterego_mod:Pet","floor":21}],"player_experience":132977,"relics_obtained":[{"floor":7,"key":"Potion Belt"},{"floor":9,"key":"Akabeko"}],"event_choices":[{"damage_healed":0.0,"max_hp_gain":0.0,"max_hp_loss":0.0,"gold_gain":75.0,"event_name":"World of Goop","player_choice":"Gather Gold","floor":2.0,"gold_loss":0.0,"damage_taken":11.0},{"damage_healed":0,"gold_gain":0,"player_choice":"Donut","damage_taken":0,"max_hp_gain":5,"max_hp_loss":0,"event_name":"Big Fish","floor":4,"gold_loss":0},{"damage_healed":0,"gold_gain":0,"player_choice":"1 cards matched","damage_taken":0,"max_hp_gain":0,"max_hp_loss":0,"event_name":"Match and Keep!","floor":5,"gold_loss":0,"cards_obtained":["alterego_mod:STier"]}],"is_beta":false,"boss_relics":[{"not_picked":["Busted Crown","SacredBark"],"picked":"Philosopher\u0027s Stone"}],"items_purged_floors":[],"is_endless":false,"potions_floor_spawned":[1,14,18],"killed_by":"Centurion and Healer","ascension_level":0}}