{"host":"q57ekfojy3i00x9o","time":1614239195,"event":{"mods":["Act Like it!","Arknights","Aspiration","BaseMod","Colored Map","Energized Spire","Hermit","Minty Spire (QoL Compilation)","Quick Restart","Ruina","Spicy Shops","Spikes Relics","StSLib","slay the spire mod where everything is the same but ironclad has a cowboy hat"],"gold_per_floor":[215,225,225,110,124,124,156,126,126,126,146,158,178,191,191,265,265,277,61,61,61,81,81,100,118,167,185,185,185],"floor_reached":28,"language":"RUS","playtime":775,"items_purged":[],"score":426,"play_id":"76601a03-3574-4286-ae06-e01a8764c93c","local_time":"20210225124635","is_ascension_mode":true,"campfire_choices":[{"data":"ats:Curse Doll","floor":6,"key":"SMITH"},{"floor":10,"key":"REST"},{"floor":15,"key":"REST"},{"data":"ats:Shadow Assault","floor":23,"key":"SMITH"}],"circlet_count":0,"master_deck":["AscendersBane","ats:Strike C","ats:Strike G","ats:Strike S","ats:Strike V","ats:Armor Crushing Shot","ats:Defend","ats:Defend","ats:Defend","ats:Defend","ats:Emotion Absorption","ats:Explosion Area Strengthen","ats:Leaping Hammer","ats:Magnetic Hammer","ats:Red Shift","ats:Curse Doll+1","ats:Poison Spread","ats:Shell Defense","ats:Apocalypse","ats:Poison Spread","ats:Consecutive Shot Auto","ats:Shadow Assault+1","ats:Consecutive Shot Auto","ats:Poison Spread","Writhe","ats:Apocalypse","ats:Blood Oath+1","ats:Explosion Area Strengthen+1","ats:Durian"],"relics":["ats:Sanity","ats:Originium","Thread and Needle","Bottled Flame","Sandwich","Vajra","Dead Branch","Boot"],"acts_visited":["TheCity"],"potions_floor_usage":[5,7,11,11,12,14,16,25,27,27],"damage_taken":[{"damage":18,"enemies":"Cultist","floor":1,"turns":5},{"damage":4,"enemies":"2 Louse","floor":2,"turns":3},{"damage":2,"enemies":"Jaw Worm","floor":5,"turns":2},{"damage":25,"enemies":"3 Sentries","floor":7,"turns":6},{"damage":0,"enemies":"Red Slaver","floor":11,"turns":2},{"damage":0,"enemies":"Large Slime","floor":12,"turns":4},{"damage":0,"enemies":"2 Fungi Beasts","floor":13,"turns":2},{"damage":10,"enemies":"Lots of Slimes","floor":14,"turns":4},{"damage":50,"enemies":"The Guardian","floor":16,"turns":16},{"damage":14,"enemies":"Shell Parasite","floor":18,"turns":5},{"damage":0,"enemies":"Chosen","floor":22,"turns":3},{"damage":34,"enemies":"Centurion and Healer","floor":24,"turns":5},{"damage":14,"enemies":"Snecko","floor":25,"turns":5},{"damage":25,"enemies":"Cultist and Chosen","floor":27,"turns":6},{"damage":54,"enemies":"Slavers","floor":28,"turns":3}],"seed_played":"8310805132236443197","potions_obtained":[{"floor":1,"key":"LiquidMemories"},{"floor":2,"key":"ats:Burn Big Potion"},{"floor":8,"key":"EntropicBrew"},{"floor":8,"key":"EssenceOfSteel"},{"floor":12,"key":"ats:Emergency Sanity Potion"},{"floor":14,"key":"Strength Potion"},{"floor":24,"key":"Block Potion"},{"floor":25,"key":"EssenceOfSteel"}],"is_trial":false,"path_per_floor":["M","M","?","$","M","R","E","?","T","R","M","M","M","M","R","B",null,"M","$","?","?","M","R","M","M","T","M","E"],"character_chosen":"DOCTOR_CLASS","items_purchased":["ats:Magnetic Hammer","ats:Red Shift","Vajra","ats:Poison Spread"],"campfire_rested":2,"item_purchase_floors":[4,4,19,19],"current_hp_per_floor":[47,43,43,43,41,41,16,16,16,37,37,37,37,31,52,16,58,49,49,49,49,49,49,24,30,30,36,0,0],"gold":185,"neow_bonus":"HUNDRED_GOLD","is_daily":false,"chose_seed":false,"campfire_upgraded":2,"win_rate":0.0,"timestamp":1614239195,"path_taken":["M","?","?","$","M","R","E","?","T","R","M","?","M","M","R","BOSS","M","$","?","?","M","R","M","M","T","?","E"],"items_purchased_type":["Card","Card","Relic","Card"],"build_version":"2020-12-22","purchased_purges":0,"victory":false,"max_hp_per_floor":[72,72,72,72,72,72,72,72,72,72,72,72,72,72,72,72,72,72,72,72,72,72,72,72,72,72,72,72,72],"card_choices":[{"not_picked":["ats:Steam Pump","ats:Ignite"],"picked":"ats:Explosion Area Strengthen","floor":1},{"not_picked":["ats:Burning Ground","ats:Very Hot Blade"],"picked":"ats:Leaping Hammer","floor":2},{"not_picked":["ats:Charging Defense","ats:Soul Absorption"],"picked":"ats:Curse Doll","floor":5},{"not_picked":["ats:Roar Of Ursus","ats:Rat Pack"],"picked":"ats:Poison Spread","floor":7},{"not_picked":["ats:Flame Of Heaven","ats:Composite Medical Shells"],"picked":"ats:Shell Defense","floor":11},{"not_picked":["ats:Beaten Up","ats:Part Time Job"],"picked":"ats:Apocalypse","floor":12},{"not_picked":["ats:Cat Scratch","ats:Composite Medical Shells"],"picked":"ats:Poison Spread","floor":13},{"not_picked":["ats:Blood Oath","ats:LN2 Cannon"],"picked":"ats:Consecutive Shot Auto","floor":14},{"not_picked":["ats:Dogmatic Field","ats:Disruption Kick"],"picked":"ats:Shadow Assault","floor":16},{"not_picked":["ats:Guard Mode","ats:Revitalization"],"picked":"ats:Consecutive Shot Auto","floor":18},{"not_picked":["ats:Leaping Hammer","ats:Flexible Camouflage"],"picked":"ats:Apocalypse","floor":22},{"not_picked":["ats:Hammer On","ats:Literary Storm"],"picked":"ats:Blood Oath+1","floor":24},{"not_picked":["ats:Leaping Hammer","ats:Sunburst"],"picked":"ats:Explosion Area Strengthen+1","floor":25},{"not_picked":["ats:Assault Order","ats:Hammer On"],"picked":"ats:Durian","floor":27}],"player_experience":795234,"relics_obtained":[{"floor":7,"key":"ats:Originium"},{"floor":7,"key":"Thread and Needle"},{"floor":9,"key":"Bottled Flame"},{"floor":26,"key":"Boot"}],"event_choices":[{"damage_healed":0,"gold_gain":0,"player_choice":"Leave","damage_taken":0,"max_hp_gain":0,"max_hp_loss":0,"event_name":"The Cleric","floor":3,"gold_loss":0},{"damage_healed":0,"gold_gain":0,"player_choice":"Bought 2 Potions","damage_taken":0,"max_hp_gain":0,"max_hp_loss":0,"event_name":"The Woman in Blue","floor":8,"gold_loss":0},{"damage_healed":0,"gold_gain":0,"player_choice":"Opened","damage_taken":0,"relics_obtained":["Dead Branch"],"max_hp_gain":0,"max_hp_loss":0,"event_name":"The Mausoleum","floor":20,"gold_loss":0,"cards_obtained":["Writhe"]},{"damage_healed":0,"gold_gain":0,"player_choice":"0 cards matched","damage_taken":0,"max_hp_gain":0,"max_hp_loss":0,"event_name":"Match and Keep!","floor":21,"gold_loss":0,"cards_obtained":[]}],"is_beta":false,"boss_relics":[{"not_picked":["aspiration:DefectSkillbook","Tiny House"],"picked":"Sandwich"}],"items_purged_floors":[],"is_endless":false,"potions_floor_spawned":[1,2,12,13,14,24,25],"killed_by":"Slavers","ascension_level":18}}