{"host":"gjx3pzun7o2nz979","time":1614224550,"event":{"mods":["AchievementEnabler","BaseMod","Colored Map","Colored Powertips","Downfall","Hermit","Highlight Path","Hubris","Marisa????????","Minty Spire (QoL Compilation)","Replay The Spire","StSLib","SuperFastMode","The Bug Knight","The Cursed","The Disciple","The Hierophant","The Necromancer","The Servant 0.9.4"],"gold_per_floor":[118,118,118,134,134,159,159,193,216,230,241,268,268,280,280,382,382,401,42,52,2,15,15,31,31,31,31,49,49,69,119,119,220,270,286,299,314,43,56,56,74,100,123,123,0,0,0,0],"floor_reached":47,"language":"ENG","playtime":12017,"items_purged":["Strike_S","Defend_S","Strike_S"],"score":577,"play_id":"0a0e6147-9942-4f4b-96ed-2b05d346fc0c","local_time":"20210224224230","is_ascension_mode":false,"campfire_choices":[{"data":"1","floor":7.0,"key":"LIFT"},{"data":"Dilation","floor":23.0,"key":"SMITH"},{"data":"Defy","floor":23.0,"key":"SMITH"},{"data":"Exchange","floor":25.0,"key":"SMITH"},{"data":"SpecialFormula","floor":25.0,"key":"SMITH"},{"data":"2","floor":27.0,"key":"LIFT"},{"floor":32.0,"key":"DIG"},{"floor":40,"key":"REST"},{"floor":46,"key":"REST"}],"circlet_count":0,"master_deck":["Strike_S","Strike_S","Defend_S","Defend_S+1","Defend_S","KidneyShot+1","Exchange+1","InstantArmor+1","Spin+1","SpecialFormula+1","Hightail+1","Dilation+1","Defy+1","Ricochet+1","Sabotage","ShiftingGears","Potential+1","Advance+1","GearUp"],"relics":["Uniform","NeowsBlessing","Bronze Scales","GremlinMask","Girya","HollowMod:PaleOreRelic","Smiling Mask","Replay:Arrowhead","Lantern","Strawberry","Centennial Puzzle","Tiny House","ReplayFunnel","Pocketwatch","Gremlin Food","hubris:Towel","Red Mask"],"acts_visited":["Exordium","TheCity","TheBeyond"],"potions_floor_usage":[39,41,42],"damage_taken":[{"damage":0.0,"enemies":"Jaw Worm","floor":1.0,"turns":1.0},{"damage":0.0,"enemies":"2 Louse","floor":4.0,"turns":1.0},{"damage":0.0,"enemies":"Gremlin Nob","floor":6.0,"turns":1.0},{"damage":11.0,"enemies":"3 Sentries","floor":8.0,"turns":5.0},{"damage":0.0,"enemies":"Cultist","floor":10.0,"turns":3.0},{"damage":0.0,"enemies":"3 Louse","floor":11.0,"turns":1.0},{"damage":5.0,"enemies":"Lagavulin","floor":12.0,"turns":9.0},{"damage":8.0,"enemies":"Gremlin Gang","floor":14.0,"turns":2.0},{"damage":36.0,"enemies":"Slime Boss","floor":16.0,"turns":16.0},{"damage":1.0,"enemies":"Chosen","floor":18.0,"turns":5.0},{"damage":5.0,"enemies":"Shell Parasite","floor":20.0,"turns":8.0},{"damage":0.0,"enemies":"Centurion and Healer","floor":22.0,"turns":5.0},{"damage":0.0,"enemies":"Snake Plant","floor":24.0,"turns":2.0},{"damage":0.0,"enemies":"3 Cultists","floor":28.0,"turns":3.0},{"damage":0.0,"enemies":"Cultist and Chosen","floor":30.0,"turns":5.0},{"damage":0.0,"enemies":"Champ","floor":33.0,"turns":46.0},{"damage":5,"enemies":"3 Shapes","floor":35,"turns":2},{"damage":5,"enemies":"Orb Walker","floor":36,"turns":5},{"damage":22,"enemies":"4 Shapes","floor":37,"turns":5},{"damage":41,"enemies":"Maw","floor":39,"turns":14},{"damage":0,"enemies":"3 Darklings","floor":41,"turns":7},{"damage":2,"enemies":"Reptomancer","floor":42,"turns":9},{"damage":107,"enemies":"Giant Head","floor":47,"turns":13}],"seed_played":"5759741280611883024","potions_obtained":[{"floor":1.0,"key":"hexamod:SoulburnPotion"},{"floor":6.0,"key":"FearPotion"},{"floor":8.0,"key":"hexamod:SoulburnPotion"},{"floor":14.0,"key":"Energy Potion"},{"floor":18.0,"key":"champ:CounterPotion"},{"floor":22.0,"key":"Fruit Juice"},{"floor":28.0,"key":"DuplicationPotion"},{"floor":30.0,"key":"LiquidMemories"},{"floor":34.0,"key":"SteroidPotion"},{"floor":35,"key":"Adrenaline Potion"},{"floor":36,"key":"Weak Potion"},{"floor":41,"key":"Explosive Potion"}],"is_trial":false,"path_per_floor":["M","?","?","M","?","E","R","E","T","M","M","E","?","M","R_BF","B",null,"M","$","M","$","M","R","M","R","T","R","M","$","M","T","R_BF","B",null,"M","M","M","$","M","R","M","E","T","?","?","R","E"],"character_chosen":"THE_SERVANT","items_purchased":["Replay:Arrowhead","GearUp","ReplayFunnel"],"campfire_rested":2,"item_purchase_floors":[19,38,38],"current_hp_per_floor":[65,62,62,62,62,62,62,56,56,61,61,60,60,57,65,29,65,64,64,64,64,69,69,69,69,69,69,69,69,70,77,77,77,82,77,77,60,60,27,51,59,65,65,65,65,82,0,0],"gold":0,"neow_bonus":"THREE_ENEMY_KILL","is_daily":false,"chose_seed":false,"campfire_upgraded":4,"win_rate":0.0,"timestamp":1614224550,"path_taken":["M","?","?","?","?","E","R","E","T","?","M","E","?","M","R_BF","BOSS","M","$","M","?","M","R","M","R","T","R","M","?","M","?","R_BF","BOSS","M","?","M","$","M","R","M","E","T","?","?","R","E"],"items_purchased_type":["Relic","Card","Relic"],"build_version":"2020-12-22","purchased_purges":3,"victory":false,"max_hp_per_floor":[65,65,65,65,65,65,65,65,65,65,65,65,65,65,65,65,65,65,65,65,65,70,70,70,70,70,70,70,70,70,77,77,77,82,82,82,82,82,82,82,82,82,82,82,82,82,82,82],"card_choices":[{"not_picked":["Luminosity","Moonlight"],"picked":"InstantArmor","floor":1.0},{"not_picked":["InstantArmor","FastForward"],"picked":"Spin","floor":4.0},{"not_picked":["Revamp","Solidify"],"picked":"SpecialFormula","floor":6.0},{"not_picked":["Alleviate","SpecialFormula"],"picked":"Hightail","floor":8.0},{"not_picked":["Alleviate","DualDimension","FastForward"],"picked":"SKIP","floor":10.0},{"not_picked":["Revamp","FastForward","Rearm"],"picked":"SKIP","floor":11.0},{"not_picked":["Replace","Solidify","StarChef"],"picked":"SKIP","floor":12.0},{"not_picked":["Alleviate","Gouge","Rewind"],"picked":"SKIP","floor":14.0},{"not_picked":["Initiator","LightFlow"],"picked":"Dilation","floor":16.0},{"not_picked":["Read","ReturningBlade+1"],"picked":"Defy","floor":18.0},{"not_picked":["Comet","Rewind+1"],"picked":"Ricochet+1","floor":20.0},{"not_picked":["TimeWarp","Luminosity","DoubleEdge"],"picked":"SKIP","floor":22.0},{"not_picked":["Rewind+1","Replace","Gouge"],"picked":"SKIP","floor":24.0},{"not_picked":["LightFlow","Hightail"],"picked":"Sabotage","floor":28.0},{"not_picked":["Starlight","Rewind"],"picked":"ShiftingGears","floor":30.0},{"not_picked":["Desolation","Misdirection"],"picked":"Potential+1","floor":34.0},{"not_picked":["Unruled+1","FanOfKnives"],"picked":"Advance+1","floor":35},{"not_picked":["Replace+1","Contraction","Revamp+1"],"picked":"SKIP","floor":36},{"not_picked":["FastForward","TimeWarp+1","Advance+1"],"picked":"SKIP","floor":37},{"not_picked":["FastForward","Replace","Ricochet+1"],"picked":"SKIP","floor":39},{"not_picked":["Revamp","FastForward+1","Rearm"],"picked":"SKIP","floor":41},{"not_picked":["Shuttle+1","FastForward","DoubleEdge"],"picked":"SKIP","floor":42}],"player_experience":108728,"relics_obtained":[{"floor":6.0,"key":"Girya"},{"floor":8.0,"key":"HollowMod:PaleOreRelic"},{"floor":12.0,"key":"Smiling Mask"},{"floor":26.0,"key":"Lantern"},{"floor":31.0,"key":"Strawberry"},{"floor":32.0,"key":"Centennial Puzzle"},{"floor":42,"key":"Pocketwatch"},{"floor":43,"key":"Gremlin Food"}],"event_choices":[{"damage_healed":0.0,"max_hp_gain":0.0,"max_hp_loss":0.0,"gold_gain":0.0,"event_name":"Scrap Ooze","player_choice":"Success","floor":2.0,"gold_loss":0.0,"damage_taken":3.0,"relics_obtained":["Bronze Scales"]},{"damage_healed":0.0,"max_hp_gain":0.0,"max_hp_loss":0.0,"gold_gain":0.0,"event_name":"FaceTrader","player_choice":"Trade","floor":3.0,"gold_loss":0.0,"damage_taken":0.0,"relics_obtained":["GremlinMask"]},{"damage_healed":0.0,"max_hp_gain":0.0,"max_hp_loss":0.0,"gold_gain":0.0,"event_name":"Accursed Blacksmith","player_choice":"Forge","floor":5.0,"gold_loss":0.0,"damage_taken":0.0,"cards_upgraded":["Spin"]},{"damage_healed":0.0,"max_hp_gain":0.0,"max_hp_loss":0.0,"gold_gain":0.0,"event_name":"Upgrade Shrine","player_choice":"Upgraded","floor":13.0,"gold_loss":0.0,"damage_taken":0.0,"cards_upgraded":["Hightail"]},{"damage_healed":0,"gold_gain":0,"player_choice":"Paid","damage_taken":0,"relics_obtained":["Red Mask"],"max_hp_gain":0,"max_hp_loss":0,"event_name":"Tomb of Lord Red Mask","floor":45,"gold_loss":123}],"is_beta":false,"boss_relics":[{"not_picked":["hubris:CrackedHourglass","Kintsugi","Ring of Chaos"]},{"not_picked":["hubris:TerracottaHorce","MysterySword"],"picked":"Tiny House"}],"items_purged_floors":[19,21,38],"is_endless":false,"potions_floor_spawned":[1,6,8,14,18,22,28,30,35,36,41],"killed_by":"Giant Head","ascension_level":0}}