{"host":"qrfkyfrpo74atslb","time":1614214138,"event":{"mods":["Astrologer","Bartender","BaseMod","Beaked The Cultist","Better Note","Better Third Choice","CapriCore","Colored Map","Colored Powertips","Conspire","DeckTracker","Downfall","GungeonMod","Hermit","Hero for Fun","Hubris","Koishi","LagranYue(???·?)","Mad Scientist","Marisa????????","Minty Spire (QoL Compilation)","Prisma Mod","Reimu??????","Remilia??????","StSLib","The Administrix","The Alterego","The Bladedancer","The Cursed","The Gatherer","The Immortal","The Mystic","The Necromancer","The Runesmith","The Servant 0.9.4","The Wild Card","TheSwordswoman","WarShipGirlsR/????R mod","Yakumo Yukari mod","Yuyuko"],"gold_per_floor":[118,133,150,10,10,24,24,24,24,24,38,65,65,82,82,82,82],"floor_reached":16,"language":"ENG","playtime":662,"items_purged":[],"score":102,"play_id":"0fce37cd-4029-423b-88a2-325ab2b666bd","local_time":"20210225134858","is_ascension_mode":false,"campfire_choices":[{"data":"rmod:chargemoney","floor":7,"key":"SMITH"},{"floor":10,"key":"REST"},{"data":"rmod:salvage","floor":13,"key":"SMITH"},{"floor":15,"key":"REST"}],"circlet_count":0,"master_deck":["rmod:strick","rmod:strick","rmod:strick","rmod:strick","rmod:defend","rmod:defend","rmod:defend","rmod:defend","rmod:basicallowance","rmod:maingunfire","rmod:firesupport","rmod:garrisonisland","rmod:goodfighter","rmod:salvage+1","rmod:chargemoney+1","rmod:fuelsupply","rmod:fletcherpendant","rmod:fletcherpendant","rmod:fletcher","rmod:fletcherpendant+1","rmod:smokecover","rmod:aluminumsupply"],"relics":["rmod:firstchargereward","LagranYue:RandomDrawCardRelic","NeowsBlessing","hubris:Towel","Bottled Tornado","Darkstone Periapt"],"acts_visited":["Exordium"],"potions_floor_usage":[16],"damage_taken":[{"damage":0,"enemies":"Cultist","floor":1,"turns":1},{"damage":0,"enemies":"2 Louse","floor":2,"turns":1},{"damage":0,"enemies":"Jaw Worm","floor":3,"turns":1},{"damage":19,"enemies":"conspire:2 RoseBushes","floor":6,"turns":6},{"damage":0,"enemies":"Large Slime","floor":11,"turns":3},{"damage":36,"enemies":"3 Sentries","floor":12,"turns":7},{"damage":8,"enemies":"Exordium Wildlife","floor":14,"turns":2},{"damage":53,"enemies":"The Guardian","floor":16,"turns":6}],"seed_played":"-8645889846664302154","potions_obtained":[{"floor":6,"key":"BlessingOfTheForge"},{"floor":14,"key":"sneckomod:MuddlingPotion"}],"is_trial":false,"path_per_floor":["M","M","M","$","?","M","R","?","T","R","M","E","R","M","R","B"],"character_chosen":"PRAEFECT","items_purchased":["rmod:salvage","rmod:chargemoney"],"campfire_rested":2,"item_purchase_floors":[4,4],"current_hp_per_floor":[75,75,75,75,75,56,56,56,56,75,75,39,39,31,53,0,0],"gold":82,"neow_bonus":"THREE_ENEMY_KILL","is_daily":false,"chose_seed":false,"campfire_upgraded":2,"win_rate":0.0,"timestamp":1614214138,"path_taken":["M","?","M","?","?","?","R","?","T","R","M","E","R","M","R","BOSS"],"items_purchased_type":["Card","Card"],"build_version":"2020-12-22","purchased_purges":0,"victory":false,"max_hp_per_floor":[75,75,75,75,75,75,75,75,75,75,75,75,75,75,75,75,75],"card_choices":[{"not_picked":["rmod:intelligenceanalysis","rmod:supportescort"],"picked":"rmod:firesupport","floor":1},{"not_picked":["rmod:victimresponsibility","rmod:fuelsupply"],"picked":"rmod:garrisonisland","floor":2},{"not_picked":["rmod:sl","rmod:circuitoustactics"],"picked":"rmod:goodfighter","floor":3},{"not_picked":["rmod:unsinkable","rmod:generalist"],"picked":"rmod:fuelsupply","floor":6},{"not_picked":["rmod:heivgo","rmod:fletcher"],"picked":"rmod:fletcherpendant","floor":11},{"not_picked":["rmod:abidefaith","rmod:garrisonisland"],"picked":"rmod:smokecover","floor":12},{"not_picked":["rmod:circuitoustactics","rmod:launchingtorpedo"],"picked":"rmod:aluminumsupply","floor":14}],"player_experience":136680,"relics_obtained":[{"floor":9,"key":"Bottled Tornado"},{"floor":12,"key":"Darkstone Periapt"}],"event_choices":[{"damage_healed":0,"gold_gain":0,"player_choice":"Leave","damage_taken":0,"max_hp_gain":0,"max_hp_loss":0,"event_name":"conspire:Investor","floor":5,"gold_loss":0}],"is_beta":false,"boss_relics":[],"items_purged_floors":[],"is_endless":false,"potions_floor_spawned":[6,14],"killed_by":"The Guardian","ascension_level":0}}