{"host":"0ghi9uxs64f8c30g","time":1614287198,"event":{"mods":["BaseMod","Minty Spire (QoL Compilation)","StSLib"],"gold_per_floor":[113,113,131,56,231,231,262,262,289,324,342,356,382,382,382,483,483,493,493,418,433,40,75,75,75,99,130,130,142,160,160,160,255,255,270,270,284,299,299,299],"floor_reached":39,"language":"ENG","playtime":1574,"items_purged":["Strike_G","Doubt"],"score":640,"play_id":"b7714465-d36d-49c5-8966-b151e991cd5d","local_time":"20210225220638","is_ascension_mode":true,"campfire_choices":[{"data":"Neutralize","floor":6,"key":"SMITH"},{"data":"Masterful Stab","floor":8,"key":"SMITH"},{"data":"Sucker Punch","floor":15,"key":"SMITH"},{"data":"Caltrops","floor":24,"key":"SMITH"},{"floor":28,"key":"REST"},{"data":"Bane","floor":32,"key":"SMITH"}],"circlet_count":0,"master_deck":["Strike_G","Strike_G","Defend_G","Defend_G","Defend_G","Defend_G","Defend_G","Survivor","Neutralize+1","Sucker Punch+1","Masterful Stab+1","Heel Hook","Noxious Fumes+1","Heel Hook","Acrobatics","Corpse Explosion","Dagger Throw+1","Caltrops+1","Bane+1","Backstab+1","Backflip+1","Poisoned Stab","Outmaneuver+1"],"relics":["Ring of the Serpent","NeowsBlessing","Pear","Snake Skull","CaptainsWheel","Toy Ornithopter","Sozu","Torii","Bottled Flame","PreservedInsect","Prayer Wheel","Pen Nib"],"acts_visited":["Exordium","TheCity","TheBeyond"],"potions_floor_usage":[16,16,16],"damage_taken":[{"damage":0,"enemies":"Small Slimes","floor":1,"turns":1},{"damage":0,"enemies":"2 Louse","floor":3,"turns":1},{"damage":0,"enemies":"Lagavulin","floor":7,"turns":1},{"damage":23,"enemies":"Gremlin Nob","floor":10,"turns":5},{"damage":0,"enemies":"Jaw Worm","floor":11,"turns":3},{"damage":0,"enemies":"2 Fungi Beasts","floor":12,"turns":4},{"damage":17,"enemies":"3 Sentries","floor":13,"turns":7},{"damage":0,"enemies":"Slime Boss","floor":16,"turns":7},{"damage":2,"enemies":"Shell Parasite","floor":18,"turns":5},{"damage":0,"enemies":"Chosen","floor":21,"turns":4},{"damage":9,"enemies":"Book of Stabbing","floor":23,"turns":6},{"damage":9,"enemies":"Gremlin Leader","floor":27,"turns":5},{"damage":15,"enemies":"Centurion and Healer","floor":29,"turns":4},{"damage":0,"enemies":"Cultist and Chosen","floor":30,"turns":3},{"damage":32,"enemies":"Collector","floor":33,"turns":8},{"damage":11,"enemies":"3 Shapes","floor":35,"turns":3},{"damage":22,"enemies":"3 Darklings","floor":37,"turns":5},{"damage":27,"enemies":"4 Shapes","floor":38,"turns":4},{"damage":15,"enemies":"Maw","floor":39,"turns":4}],"seed_played":"6385865525847937087","potions_obtained":[{"floor":10,"key":"BlessingOfTheForge"},{"floor":12,"key":"Strength Potion"},{"floor":13,"key":"Swift Potion"}],"is_trial":false,"path_per_floor":["M","$","M","$","?","R","E","R","T","E","M","M","E","?","R","B",null,"M","?","?","M","$","E","R","$","T","E","R","M","M","?","R","B",null,"M","?","M","M","M"],"character_chosen":"THE_SILENT","items_purchased":["Torii"],"campfire_rested":1,"item_purchase_floors":[22],"current_hp_per_floor":[70,70,70,70,70,70,80,80,80,57,57,57,40,40,40,55,74,72,72,72,72,72,63,63,63,63,54,78,63,63,63,63,31,68,57,57,35,8,0,0],"gold":299,"neow_bonus":"THREE_ENEMY_KILL","is_daily":false,"chose_seed":false,"campfire_upgraded":5,"win_rate":0.0,"timestamp":1614287198,"path_taken":["M","$","M","$","?","R","E","R","T","E","M","M","E","?","R","BOSS","M","?","?","M","$","E","R","$","T","E","R","M","M","?","R","BOSS","M","?","M","?","M"],"items_purchased_type":["Relic"],"build_version":"2020-12-22","purchased_purges":2,"victory":false,"max_hp_per_floor":[70,70,70,70,70,70,80,80,80,80,80,80,80,80,80,80,80,80,80,80,80,80,80,80,80,80,80,80,80,80,80,80,80,80,80,80,80,80,80,80],"card_choices":[{"not_picked":["Cloak And Dagger","Catalyst"],"picked":"Sucker Punch","floor":1},{"not_picked":["Outmaneuver","Prepared"],"picked":"Masterful Stab","floor":3},{"not_picked":["Blade Dance","Slice"],"picked":"Heel Hook","floor":7},{"not_picked":["Choke","Leg Sweep"],"picked":"Noxious Fumes","floor":10},{"not_picked":["Blade Dance","Endless Agony"],"picked":"Heel Hook","floor":11},{"not_picked":["Wraith Form v2","Dodge and Roll"],"picked":"Acrobatics","floor":12},{"not_picked":["Cloak And Dagger","Bullet Time","Well Laid Plans"],"picked":"SKIP","floor":13},{"not_picked":["Bullet Time","Burst"],"picked":"Corpse Explosion","floor":16},{"not_picked":["Acrobatics","Terror","Prepared"],"picked":"SKIP","floor":18},{"not_picked":["Underhanded Strike+1","Slice"],"picked":"Dagger Throw+1","floor":21},{"not_picked":["Phantasmal Killer","Grand Finale"],"picked":"Caltrops","floor":23},{"not_picked":["Dagger Spray","Dodge and Roll"],"picked":"Bane","floor":27},{"not_picked":["Deflect+1","Poisoned Stab"],"picked":"Backstab+1","floor":29},{"not_picked":["Dagger Spray","Outmaneuver"],"picked":"Backflip+1","floor":29},{"not_picked":["Concentrate","Deflect"],"picked":"Poisoned Stab","floor":30},{"not_picked":["Backflip","Terror","Slice"],"picked":"SKIP","floor":30},{"not_picked":["Deadly Poison","Concentrate"],"picked":"Outmaneuver+1","floor":35},{"not_picked":["Slice+1","All Out Attack+1","Blur"],"picked":"SKIP","floor":35},{"not_picked":["Quick Slash","Dagger Throw","Sucker Punch+1"],"picked":"SKIP","floor":37},{"not_picked":["Acrobatics","Leg Sweep","Blur+1"],"picked":"SKIP","floor":37},{"not_picked":["Poisoned Stab","Deflect","Dodge and Roll"],"picked":"SKIP","floor":38},{"not_picked":["Backflip+1","Predator","Accuracy"],"picked":"SKIP","floor":38}],"player_experience":223125,"relics_obtained":[{"floor":7,"key":"Pear"},{"floor":9,"key":"Snake Skull"},{"floor":10,"key":"CaptainsWheel"},{"floor":13,"key":"Toy Ornithopter"},{"floor":23,"key":"Bottled Flame"},{"floor":26,"key":"PreservedInsect"},{"floor":27,"key":"Prayer Wheel"}],"event_choices":[{"damage_healed":0,"gold_gain":175,"player_choice":"AGREE","damage_taken":0,"max_hp_gain":0,"max_hp_loss":0,"event_name":"Liars Game","floor":5,"gold_loss":0,"cards_obtained":["Doubt"]},{"damage_healed":0,"gold_gain":0,"player_choice":"Grow","damage_taken":0,"max_hp_gain":0,"max_hp_loss":0,"event_name":"Living Wall","floor":14,"gold_loss":0,"cards_upgraded":["Noxious Fumes"]},{"damage_healed":0,"gold_gain":0,"player_choice":"Ignored","damage_taken":0,"max_hp_gain":0,"max_hp_loss":0,"event_name":"Vampires","floor":19,"gold_loss":0},{"cards_removed":["Strike_G"],"damage_healed":0,"gold_gain":0,"player_choice":"Gave Gold","damage_taken":0,"max_hp_gain":0,"max_hp_loss":0,"event_name":"Beggar","floor":20,"gold_loss":75},{"damage_healed":0,"gold_gain":0,"player_choice":"Opened","damage_taken":0,"relics_obtained":["Pen Nib"],"max_hp_gain":0,"max_hp_loss":0,"event_name":"The Mausoleum","floor":31,"gold_loss":0},{"cards_removed":["Strike_G"],"damage_healed":0,"gold_gain":0,"player_choice":"Purged","damage_taken":0,"max_hp_gain":0,"max_hp_loss":0,"event_name":"Purifier","floor":36,"gold_loss":0}],"is_beta":false,"boss_relics":[{"not_picked":["Philosopher\u0027s Stone","HoveringKite"],"picked":"Sozu"},{"not_picked":["SlaversCollar","Runic Dome"],"picked":"Ring of the Serpent"}],"items_purged_floors":[4,22],"is_endless":false,"potions_floor_spawned":[10,12,13,18,27,30,33,35,37],"killed_by":"Maw","ascension_level":5}}