{"host":"pfkd6wr1s0kscfwd","time":1614283814,"event":{"mods":["AchievementEnabler","BaseMod","Colored Map","Colored Powertips","Downfall","Hermit","Minty Spire (QoL Compilation)","StSLib"],"gold_per_floor":[116,66,80,80,80,115,115,127,150,169,169,180,191,222,222,222,222],"floor_reached":16,"language":"ENG","playtime":947,"items_purged":[],"score":144,"play_id":"9f9c1e4e-3c4f-46f8-bb6c-50989a1d303f","local_time":"20210225211014","is_ascension_mode":true,"campfire_choices":[{"data":"Envenom","floor":7.0,"key":"SMITH"},{"floor":11.0,"key":"REST"},{"floor":15.0,"key":"REST"}],"circlet_count":0,"master_deck":["Strike_G","Strike_G","Strike_G","Strike_G","Defend_G","Defend_G","Defend_G","Defend_G","Defend_G","Survivor","Neutralize","Dagger Spray","Prepared","Regret","Envenom+1","Crippling Poison","Deflect","Deflect","Dodge and Roll","Choke"],"relics":["Ring of the Snake","NeowsBlessing","Orichalcum","Kunai","Centennial Puzzle","Blood Vial","Paper Crane"],"acts_visited":["Exordium"],"potions_floor_usage":[16,16],"damage_taken":[{"damage":0.0,"enemies":"2 Louse","floor":1.0,"turns":1.0},{"damage":0.0,"enemies":"Jaw Worm","floor":3.0,"turns":1.0},{"damage":0.0,"enemies":"3 Sentries","floor":6.0,"turns":1.0},{"damage":0.0,"enemies":"Small Slimes","floor":8.0,"turns":3.0},{"damage":11.0,"enemies":"Blue Slaver","floor":10.0,"turns":3.0},{"damage":7.0,"enemies":"Gremlin Gang","floor":12.0,"turns":3.0},{"damage":3.0,"enemies":"Looter","floor":13.0,"turns":4.0},{"damage":31.0,"enemies":"Gremlin Nob","floor":14.0,"turns":5.0},{"damage":58,"enemies":"Hexaghost","floor":16,"turns":15}],"seed_played":"-8941073553422216319","potions_obtained":[{"floor":1.0,"key":"Ancient Potion"},{"floor":6.0,"key":"SteroidPotion"},{"floor":12.0,"key":"PowerPotion"},{"floor":14.0,"key":"hexamod:SoulburnPotion"}],"is_trial":false,"path_per_floor":["M","?","M","?","?","E","R","M","T","M","R","M","M","E","R","B"],"character_chosen":"THE_SILENT","items_purchased":[],"campfire_rested":2,"item_purchase_floors":[],"current_hp_per_floor":[70,70,70,67,67,67,67,67,67,58,70,63,62,33,54,0,0],"gold":222,"neow_bonus":"THREE_ENEMY_KILL","is_daily":false,"chose_seed":false,"campfire_upgraded":1,"win_rate":0.0,"timestamp":1614283814,"path_taken":["M","?","M","?","?","E","R","M","T","M","R","M","?","E","R","BOSS"],"items_purchased_type":[],"build_version":"2020-12-22","purchased_purges":0,"victory":false,"max_hp_per_floor":[70,70,70,70,70,70,70,70,70,70,70,70,70,70,70,70,70],"card_choices":[{"not_picked":["Calculated Gamble","Skewer"],"picked":"Dagger Spray","floor":1.0},{"not_picked":["Bane","Outmaneuver"],"picked":"Prepared","floor":3.0},{"not_picked":["Tactician","Deadly Poison"],"picked":"Envenom","floor":6.0},{"not_picked":["Caltrops","Escape Plan"],"picked":"Crippling Poison","floor":8.0},{"not_picked":["Blade Dance","Bane"],"picked":"Deflect","floor":10.0},{"not_picked":["Bane","PiercingWail"],"picked":"Deflect","floor":12.0},{"not_picked":["Deflect","Expertise"],"picked":"Dodge and Roll","floor":13.0},{"not_picked":["Skewer","Dagger Spray"],"picked":"Choke","floor":14.0}],"player_experience":130231,"relics_obtained":[{"floor":6.0,"key":"Centennial Puzzle"},{"floor":9.0,"key":"Blood Vial"},{"floor":14.0,"key":"Paper Crane"}],"event_choices":[{"cards_removed":["Strike_G"],"damage_healed":0.0,"max_hp_gain":0.0,"max_hp_loss":0.0,"gold_gain":0.0,"event_name":"The Cleric","player_choice":"Card Removal","floor":2.0,"gold_loss":50.0,"damage_taken":0.0},{"damage_healed":0.0,"max_hp_gain":0.0,"max_hp_loss":0.0,"gold_gain":0.0,"event_name":"Scrap Ooze","player_choice":"Success","floor":4.0,"gold_loss":0.0,"damage_taken":3.0,"relics_obtained":["Orichalcum"]},{"damage_healed":0.0,"max_hp_gain":0.0,"max_hp_loss":0.0,"gold_gain":0.0,"event_name":"Big Fish","player_choice":"Box","floor":5.0,"gold_loss":0.0,"damage_taken":0.0,"relics_obtained":["Kunai"],"cards_obtained":["Regret"]}],"is_beta":false,"boss_relics":[],"items_purged_floors":[],"is_endless":false,"potions_floor_spawned":[1,6,12,14],"killed_by":"Hexaghost","ascension_level":1}}