{"host":"prxrhpgaxnj4om9r","time":1614242408,"event":{"mods":["AchievementEnabler","BaseMod","Colored Map","DeckTracker","Minty Spire (QoL Compilation)"],"gold_per_floor":[112,130,130,130,141,176,176,151,203,232,68,96,96,115,115,210,210,229,247,247,263,113,113,142,67,91,91,105,105,122,138,138,239,289,305,305,136,188,205,225,225,80,80,7,26,73,103,103,103,103],"floor_reached":51,"language":"KOR","playtime":2500,"items_purged":[],"score":995,"play_id":"d78619f5-308b-42d1-b5de-80256cd9ce76","local_time":"20210225174008","is_ascension_mode":true,"campfire_choices":[{"floor":7,"key":"REST"},{"data":"Hologram","floor":13,"key":"SMITH"},{"data":"Darkness","floor":15,"key":"SMITH"},{"floor":23,"key":"REST"},{"floor":27,"key":"REST"},{"floor":32,"key":"REST"},{"floor":41,"key":"REST"},{"floor":49,"key":"RECALL"}],"circlet_count":0,"master_deck":["Strike_B+1","Strike_B+1","Strike_B+1","Strike_B+1","Defend_B+1","Defend_B+1","Defend_B+1","Defend_B+1","Zap+1","Dualcast+1","Sweeping Beam+1","Scrape+1","Turbo+1","Seek+1","Gash+1","Compile Driver+1","The Bomb+1","Hologram+1","Darkness+1","Reboot+1","Ball Lightning+1","Recycle+1","Ball Lightning+1","Compile Driver+1","All For One+1","Streamline+1","Gash+1","Beam Cell+1","Creative AI+1","Steam Power+1","Streamline+1","Apotheosis+1","Coolheaded+1","Electrodynamics+1","Melter+1"],"relics":["Cracked Core","Centennial Puzzle","War Paint","MealTicket","Nunchaku","Akabeko","Fusion Hammer","Toy Ornithopter","White Beast Statue","Whetstone","Tiny House","Pocketwatch","DataDisk","Kunai","Smiling Mask","Vajra","Singing Bowl","Mark of the Bloom"],"acts_visited":["Exordium","TheCity","TheBeyond"],"potions_floor_usage":[6,6,16,18,21,24,31,33,38,39,39,40,47,50,50],"damage_taken":[{"damage":0,"enemies":"2 Louse","floor":1,"turns":2},{"damage":9,"enemies":"Jaw Worm","floor":2,"turns":3},{"damage":7,"enemies":"Small Slimes","floor":5,"turns":2},{"damage":23,"enemies":"Gremlin Nob","floor":6,"turns":4},{"damage":19,"enemies":"Lagavulin","floor":10,"turns":4},{"damage":10,"enemies":"Gremlin Nob","floor":12,"turns":3},{"damage":11,"enemies":"Looter","floor":14,"turns":2},{"damage":10,"enemies":"Slime Boss","floor":16,"turns":6},{"damage":14,"enemies":"3 Byrds","floor":18,"turns":3},{"damage":0,"enemies":"Spheric Guardian","floor":19,"turns":3},{"damage":7,"enemies":"3 Cultists","floor":21,"turns":3},{"damage":30,"enemies":"Book of Stabbing","floor":24,"turns":4},{"damage":0,"enemies":"Chosen and Byrds","floor":28,"turns":4},{"damage":13,"enemies":"Snecko","floor":30,"turns":3},{"damage":4,"enemies":"3 Cultists","floor":31,"turns":3},{"damage":41,"enemies":"Collector","floor":33,"turns":6},{"damage":8,"enemies":"Orb Walker","floor":35,"turns":2},{"damage":23,"enemies":"2 Orb Walkers","floor":38,"turns":3},{"damage":18,"enemies":"3 Darklings","floor":39,"turns":3},{"damage":24,"enemies":"Maw","floor":40,"turns":5},{"damage":0,"enemies":"Jaw Worm Horde","floor":45,"turns":2},{"damage":12,"enemies":"Reptomancer","floor":47,"turns":3},{"damage":45,"enemies":"Donu and Deca","floor":50,"turns":6}],"seed_played":"-7275914810780775345","potions_obtained":[{"floor":2,"key":"Ancient Potion"},{"floor":5,"key":"Dexterity Potion"},{"floor":14,"key":"SneckoOil"},{"floor":16,"key":"ColorlessPotion"},{"floor":19,"key":"LiquidMemories"},{"floor":21,"key":"FearPotion"},{"floor":24,"key":"EssenceOfDarkness"},{"floor":28,"key":"Ancient Potion"},{"floor":30,"key":"FocusPotion"},{"floor":31,"key":"FairyPotion"},{"floor":33,"key":"ColorlessPotion"},{"floor":34,"key":"Fire Potion"},{"floor":38,"key":"PowerPotion"},{"floor":39,"key":"DuplicationPotion"},{"floor":40,"key":"Block Potion"},{"floor":45,"key":"FocusPotion"},{"floor":47,"key":"Fire Potion"}],"is_trial":false,"path_per_floor":["M","M","?","?","M","E","R","$","T","E","$","E","R","M","R","B",null,"M","M","?","M","$","R","E","$","T","R","M","?","M","M","R","B",null,"M","?","$","?","M","M","R","$","T","?","M","T","E","?","R","B",null],"character_chosen":"DEFECT","items_purchased":["Gash","The Bomb","Toy Ornithopter","All For One","Apotheosis","DataDisk"],"campfire_rested":5,"item_purchase_floors":[8,11,22,25,37,42],"current_hp_per_floor":[68,59,64,48,41,18,42,42,42,23,38,28,28,17,17,7,62,48,48,33,26,41,66,41,56,56,81,81,81,68,69,85,46,80,72,72,87,67,59,40,67,82,82,82,82,82,75,75,75,30],"gold":103,"neow_bonus":"RANDOM_COMMON_RELIC","is_daily":false,"chose_seed":false,"campfire_upgraded":2,"win_rate":0.0,"timestamp":1614242408,"path_taken":["M","M","?","?","M","E","R","$","T","E","$","E","R","M","R","BOSS","M","M","?","M","$","R","E","$","T","R","M","?","?","M","R","BOSS","M","?","$","?","?","M","R","?","T","?","?","?","E","?","R","BOSS"],"items_purchased_type":["Card","Card","Relic","Card","Card","Relic"],"build_version":"2020-12-22","purchased_purges":0,"victory":true,"max_hp_per_floor":[75,75,80,80,80,80,80,80,80,80,80,80,80,80,80,80,80,80,80,85,85,85,85,85,85,85,85,85,85,85,85,85,85,90,90,90,90,90,90,90,90,90,90,90,90,90,90,90,90,90],"card_choices":[{"not_picked":["Steam","Barrage"],"picked":"Sweeping Beam","floor":1},{"not_picked":["Reprogram","Steam"],"picked":"Scrape","floor":2},{"not_picked":["Consume","Doom and Gloom"],"picked":"Turbo","floor":5},{"not_picked":["Doom and Gloom","Beam Cell"],"picked":"Seek","floor":6},{"not_picked":["Barrage","Loop"],"picked":"Compile Driver","floor":10},{"not_picked":["Cold Snap","Go for the Eyes"],"picked":"Hologram","floor":12},{"not_picked":["Turbo","Rebound"],"picked":"Darkness","floor":14},{"not_picked":["Core Surge","Meteor Strike"],"picked":"Reboot","floor":16},{"not_picked":["Steam","Hologram"],"picked":"Ball Lightning","floor":18},{"not_picked":["Heatsinks+1","Gash"],"picked":"Recycle+1","floor":19},{"not_picked":["Capacitor","BootSequence"],"picked":"Ball Lightning+1","floor":21},{"not_picked":["Recycle","Go for the Eyes"],"picked":"Compile Driver+1","floor":24},{"not_picked":["Hologram","Barrage"],"picked":"Streamline+1","floor":28},{"not_picked":["Leap","Force Field"],"picked":"Gash","floor":30},{"not_picked":["Compile Driver","Turbo"],"picked":"Beam Cell","floor":31},{"not_picked":["Core Surge","Multi-Cast"],"picked":"Creative AI","floor":33},{"not_picked":["Redo","Consume"],"picked":"Steam Power+1","floor":34},{"not_picked":["Beam Cell+1","Sweeping Beam"],"picked":"Streamline+1","floor":35},{"not_picked":["Ball Lightning","Rebound"],"picked":"Coolheaded+1","floor":39},{"not_picked":["Recycle+1","Hologram+1"],"picked":"Electrodynamics","floor":40},{"not_picked":["Turbo","Barrage","Beam Cell"],"picked":"SKIP","floor":45},{"not_picked":["Cold Snap+1","Self Repair"],"picked":"Melter+1","floor":47}],"player_experience":647067,"relics_obtained":[{"floor":6,"key":"War Paint"},{"floor":9,"key":"MealTicket"},{"floor":10,"key":"Nunchaku"},{"floor":12,"key":"Akabeko"},{"floor":24,"key":"White Beast Statue"},{"floor":26,"key":"Whetstone"},{"floor":38,"key":"Pocketwatch"},{"floor":43,"key":"Kunai"},{"floor":46,"key":"Vajra"},{"floor":47,"key":"Singing Bowl"}],"event_choices":[{"damage_healed":0,"gold_gain":0,"player_choice":"Donut","damage_taken":0,"max_hp_gain":5,"max_hp_loss":0,"event_name":"Big Fish","floor":3,"gold_loss":0},{"damage_healed":0,"gold_gain":0,"player_choice":"Entered Light","damage_taken":16,"max_hp_gain":0,"max_hp_loss":0,"event_name":"Shining Light","floor":4,"gold_loss":0,"cards_upgraded":["Dualcast","Defend_B"]},{"damage_healed":0,"gold_gain":0,"player_choice":"Shed Blood","damage_taken":20,"max_hp_gain":5,"max_hp_loss":0,"event_name":"Forgotten Altar","floor":20,"gold_loss":0},{"damage_healed":0,"gold_gain":0,"player_choice":"Ignored","damage_taken":0,"max_hp_gain":0,"max_hp_loss":0,"event_name":"N\u0027loth","floor":29,"gold_loss":0},{"damage_healed":0,"gold_gain":0,"player_choice":"Ignored","damage_taken":0,"max_hp_gain":0,"max_hp_loss":0,"event_name":"Tomb of Lord Red Mask","floor":36,"gold_loss":0},{"damage_healed":0,"gold_gain":0,"player_choice":"Fight","damage_taken":0,"max_hp_gain":0,"max_hp_loss":0,"event_name":"Mysterious Sphere","floor":38,"gold_loss":0},{"damage_healed":0,"gold_gain":0,"player_choice":"Paid Gold","damage_taken":0,"relics_obtained":["Smiling Mask"],"max_hp_gain":0,"max_hp_loss":0,"event_name":"WeMeetAgain","floor":44,"gold_loss":73},{"damage_healed":0,"gold_gain":0,"player_choice":"Upgrade","damage_taken":0,"relics_obtained":["Mark of the Bloom"],"max_hp_gain":0,"max_hp_loss":0,"event_name":"MindBloom","floor":48,"gold_loss":0,"cards_upgraded":["Strike_B","Strike_B","Strike_B","Defend_B","Zap","Sweeping Beam","Turbo","Seek","Compile Driver","The Bomb","Reboot","Ball Lightning","All For One","Gash","Beam Cell","Creative AI","Apotheosis","Electrodynamics"]}],"is_beta":false,"boss_relics":[{"not_picked":["Cursed Key","Ectoplasm"],"picked":"Fusion Hammer"},{"not_picked":["Coffee Dripper","Empty Cage"],"picked":"Tiny House"}],"items_purged_floors":[],"is_endless":false,"potions_floor_spawned":[2,5,14,16,19,21,24,28,30,31,33,35,38,39,40,45,47],"ascension_level":7}}