{"host":"bf5upntvbdompq33","time":1614290688,"event":{"mods":["BaseMod","Bestiary","Colored Map","Colored Powertips","Curses Come First","Highlight Path","Minty Spire (QoL Compilation)","StSLib","ojb\u0027s Info Mod"],"gold_per_floor":[113,113,63,63,75,75,95,123,123,137,137,171,171,190,190,295,295,309,408,100,113,113,139,139,139,139],"floor_reached":25,"language":"ENG","playtime":1077,"items_purged":["Strike_B"],"score":391,"play_id":"8669da23-e4af-45e7-8280-78eb6e03c4d0","local_time":"20210225150448","is_ascension_mode":true,"campfire_choices":[{"data":"Zap","floor":6,"key":"SMITH"},{"data":"Streamline","floor":11,"key":"SMITH"},{"data":"Hologram","floor":13,"key":"SMITH"},{"data":"Dualcast","floor":15,"key":"SMITH"},{"floor":24,"key":"REST"}],"circlet_count":0,"master_deck":["AscendersBane","Strike_B","Strike_B","Defend_B","Defend_B","Defend_B","Defend_B","Zap+1","Dualcast+1","Hologram+1","Undo","Conserve Battery","Turbo","Streamline+1","Ball Lightning","Auto Shields","Electrodynamics","Rebound","Darkness","Chaos","Loop","Doom and Gloom","Writhe","Fusion+1"],"relics":["Cracked Core","Ancient Tea Set","Vajra","Eternal Feather","Mango","Inserter","Turnip","Darkstone Periapt"],"acts_visited":["Exordium","TheCity"],"potions_floor_usage":[16],"damage_taken":[{"damage":17,"enemies":"Jaw Worm","floor":1,"turns":6},{"damage":7,"enemies":"2 Louse","floor":5,"turns":3},{"damage":0,"enemies":"Small Slimes","floor":7,"turns":3},{"damage":17,"enemies":"3 Sentries","floor":8,"turns":11},{"damage":0,"enemies":"Exordium Wildlife","floor":10,"turns":4},{"damage":20,"enemies":"Lagavulin","floor":12,"turns":6},{"damage":0,"enemies":"2 Fungi Beasts","floor":14,"turns":2},{"damage":37,"enemies":"Slime Boss","floor":16,"turns":8},{"damage":22,"enemies":"2 Thieves","floor":18,"turns":2},{"damage":5,"enemies":"Chosen","floor":21,"turns":4},{"damage":44,"enemies":"Slavers","floor":23,"turns":4},{"damage":53,"enemies":"Book of Stabbing","floor":25,"turns":4}],"seed_played":"-5540963570171760540","potions_obtained":[{"floor":7,"key":"GamblersBrew"},{"floor":8,"key":"Dexterity Potion"},{"floor":10,"key":"Block Potion"},{"floor":23,"key":"Strength Potion"}],"is_trial":false,"path_per_floor":["M","?","?","?","M","R","M","E","T","M","R","E","R","M","R","B",null,"M","?","$","M","?","E","R","E"],"character_chosen":"DEFECT","items_purchased":["Darkness","Chaos","Loop"],"campfire_rested":1,"item_purchase_floors":[20,20,20],"current_hp_per_floor":[65,65,65,53,46,46,46,29,29,29,38,32,41,41,50,13,81,59,59,59,54,54,10,52,0,0],"gold":139,"neow_bonus":"TWENTY_PERCENT_HP_BONUS","is_daily":false,"chose_seed":false,"campfire_upgraded":4,"win_rate":0.0,"timestamp":1614290688,"path_taken":["M","?","?","?","M","R","?","E","T","M","R","E","R","M","R","BOSS","M","?","$","M","?","E","R","E"],"items_purchased_type":["Card","Card","Card"],"build_version":"2020-12-22","purchased_purges":1,"victory":false,"max_hp_per_floor":[89,89,89,89,89,89,89,89,89,89,89,103,103,103,103,103,103,103,103,103,103,103,103,103,103,103],"card_choices":[{"not_picked":["Stack","Beam Cell"],"picked":"Hologram","floor":1},{"not_picked":["Blizzard","Consume"],"picked":"Undo","floor":5},{"not_picked":["Steam","Chill"],"picked":"Conserve Battery","floor":7},{"not_picked":["Stack","Hologram"],"picked":"Turbo","floor":8},{"not_picked":["Beam Cell","Sweeping Beam"],"picked":"Streamline","floor":10},{"not_picked":["Reboot","Coolheaded"],"picked":"Ball Lightning","floor":12},{"not_picked":["Streamline","Melter"],"picked":"Auto Shields","floor":14},{"not_picked":["Seek","Meteor Strike"],"picked":"Electrodynamics","floor":16},{"not_picked":["Tempest","Capacitor+1"],"picked":"Rebound","floor":18},{"not_picked":["Ball Lightning","Blizzard"],"picked":"Doom and Gloom","floor":21},{"not_picked":["Undo+1","Redo"],"picked":"Fusion+1","floor":23}],"player_experience":1742174,"relics_obtained":[{"floor":8,"key":"Vajra"},{"floor":9,"key":"Eternal Feather"},{"floor":12,"key":"Mango"},{"floor":23,"key":"Darkstone Periapt"}],"event_choices":[{"cards_removed":["Regret"],"damage_healed":0,"gold_gain":0,"player_choice":"Forget","damage_taken":0,"max_hp_gain":0,"max_hp_loss":0,"event_name":"Living Wall","floor":2,"gold_loss":0},{"cards_removed":["Strike_B"],"damage_healed":0,"gold_gain":0,"player_choice":"Card Removal","damage_taken":0,"max_hp_gain":0,"max_hp_loss":0,"event_name":"The Cleric","floor":3,"gold_loss":50},{"damage_healed":0,"gold_gain":0,"player_choice":"Success","damage_taken":12,"relics_obtained":["Ancient Tea Set"],"max_hp_gain":0,"max_hp_loss":0,"event_name":"Scrap Ooze","floor":4,"gold_loss":0},{"damage_healed":0,"gold_gain":99,"player_choice":"Stole From Cult","damage_taken":0,"max_hp_gain":0,"max_hp_loss":0,"event_name":"Nest","floor":19,"gold_loss":0},{"damage_healed":0,"gold_gain":0,"player_choice":"Opened","damage_taken":0,"relics_obtained":["Turnip"],"max_hp_gain":0,"max_hp_loss":0,"event_name":"The Mausoleum","floor":22,"gold_loss":0,"cards_obtained":["Writhe"]}],"is_beta":false,"boss_relics":[{"not_picked":["Coffee Dripper","SacredBark"],"picked":"Inserter"}],"items_purged_floors":[20],"is_endless":false,"potions_floor_spawned":[7,8,10,12,14,23],"killed_by":"Book of Stabbing","ascension_level":12}}