{"host":"swg9rte0xfgbkgbx","time":1614265081,"event":{"mods":["ATMod(阿瑾Mod)","Act Like it!","BaseMod","Colored Map","Decade(王小明)","Dota2Spire","Downfall","GungeonMod","Minty Spire (QoL Compilation)","Nova Terra(诺娃・泰拉)","Quick Restart","Replay The Spire","SOS（斯巴达之子）","Spicy Shops","StSLib","The Cursed","The Poker Player","The Senshi","篝火指南"],"gold_per_floor":[109,125,135,135,135,135,145,8819,8819,8831,8600,8626,8626,8642,6775,6880,6880,6895,6915,6932,6679,6679,6679],"floor_reached":21,"language":"ZHS","playtime":1391,"items_purged":["PokerPlayerMod:Club1","PokerPlayerMod:TrumpStrike","PokerPlayerMod:MagicTrick","PokerPlayerMod:Club2"],"score":233,"play_id":"ca54e46e-0525-44df-a441-b4eaff59a06b","local_time":"20210225225801","is_ascension_mode":false,"metric_token":1238,"campfire_choices":[{"floor":6,"key":"REST"}],"circlet_count":0,"master_deck":["PokerPlayerMod:Diamond3","PokerPlayerMod:Diamond4","PokerPlayerMod:Diamond5","PokerPlayerMod:Spade5","PokerPlayerMod:Spade3","PokerPlayerMod:Spade7","PokerPlayerMod:Heart2","PokerPlayerMod:BadJoker","PokerPlayerMod:Mulligan","PokerPlayerMod:GamblerForm","PokerPlayerMod:Harden","PokerPlayerMod:CloakAndDiamond","PokerPlayerMod:Club6","PokerPlayerMod:Diamond8","PokerPlayerMod:Diamond8","Apotheosis","AT_FamilyPortrait","PokerPlayerMod:CloakAndDiamond","PokerPlayerMod:HiddenCard","PokerPlayerMod:Club10+","PokerPlayerMod:Club8","PokerPlayerMod:SpadeStrike","Discovery","PokerPlayerMod:Diamond10+","PokerPlayerMod:ClubShade","PokerPlayerMod:Club10+"],"relics":["PokerPlayerMod:DeckCase","AT_ATBox","Blue Candle","Bottled Lightning","ReplayTheSpireMod:ShopPack","AT_EbonyIvory","DemoMod:GnawedKey","Medical Kit","Meat on the Bone","DemoMod:AgedBell","PokerPlayerMod:PenAndEraser","Replay:PocketPolymizer","Ornamental Fan","Bronze Scales","Dota2Spire:Butterfly","Dota2Spire:ShivaGuard","Replay:Accelerometer","DemoMod:MeatBun"],"acts_visited":["Exordium","TheCity"],"potions_floor_usage":[],"damage_taken":[{"damage":9,"enemies":"Small Slimes","floor":1,"turns":4},{"damage":0,"enemies":"2 Louse","floor":2,"turns":2},{"damage":2,"enemies":"Jaw Worm","floor":3,"turns":5},{"damage":0,"enemies":"Gremlin Gang","floor":7,"turns":4},{"damage":5,"enemies":"3 Louse","floor":10,"turns":2},{"damage":6,"enemies":"Gremlin Nob","floor":12,"turns":3},{"damage":11,"enemies":"Exordium Thugs","floor":14,"turns":3},{"damage":0,"enemies":"The Guardian","floor":16,"turns":8},{"damage":0,"enemies":"Chosen","floor":18,"turns":2},{"damage":0,"enemies":"Spheric Guardian","floor":19,"turns":1},{"damage":0,"enemies":"Snake Plant","floor":20,"turns":3}],"seed_played":"9202919634653771752","potions_obtained":[{"floor":1,"key":"Fire Potion"},{"floor":2,"key":"PowerPotion"},{"floor":10,"key":"Dota2Spire:Clarity"},{"floor":14,"key":"FearPotion"},{"floor":18,"key":"SmokeBomb"}],"is_trial":false,"path_per_floor":["M","M","M","?","?","R","M","R","T","M","R","E","?","M","R","B",null,"M","M","M","$"],"character_chosen":"THE_POKER_PLAYER","items_purchased":["PokerPlayerMod:Diamond8","Bottled Lightning","ReplayTheSpireMod:ShopPack","AT_EbonyIvory","DemoMod:GnawedKey","Medical Kit","Meat on the Bone","PokerPlayerMod:PenAndEraser","Replay:PocketPolymizer","PokerPlayerMod:Club10+","PokerPlayerMod:Club8","PokerPlayerMod:SpadeStrike","Bronze Scales","Dota2Spire:Butterfly","Dota2Spire:ShivaGuard","Replay:Accelerometer","DemoMod:MeatBun","Discovery","PokerPlayerMod:Club10+"],"campfire_rested":1,"item_purchase_floors":[8,8,8,8,8,8,8,11,11,15,15,15,15,15,15,15,15,15,21],"current_hp_per_floor":[45,47,49,49,44,52,52,52,52,47,47,44,44,33,47,50,52,52,52,52,52,52,52],"gold":6679,"neow_bonus":"ONE_RANDOM_RARE_CARD","is_daily":false,"chose_seed":false,"campfire_upgraded":0,"win_rate":0.0,"timestamp":1614265081,"path_taken":["M","M","M","?","?","R","M","R","T","M","R","E","?","?","R","BOSS","M","M","M","$"],"items_purchased_type":["Card","Relic","Relic","Relic","Relic","Relic","Relic","Relic","Relic","Undefined","Card","Card","Relic","Relic","Relic","Relic","Relic","Card","Undefined"],"build_version":"2020-12-22","purchased_purges":4,"victory":false,"max_hp_per_floor":[52,52,52,52,52,52,52,52,52,52,52,52,52,52,52,52,52,52,52,52,52,52,52],"card_choices":[{"not_picked":["PokerPlayerMod:Diamond5","PokerPlayerMod:Diamond6"],"picked":"PokerPlayerMod:Harden","floor":1},{"not_picked":["PokerPlayerMod:Heart2","PokerPlayerMod:Sharpen"],"picked":"PokerPlayerMod:CloakAndDiamond","floor":2},{"not_picked":["PokerPlayerMod:Overdeal","PokerPlayerMod:Diamond1","PokerPlayerMod:DartThrow"],"picked":"SKIP","floor":3},{"not_picked":["PokerPlayerMod:Diamond1","PokerPlayerMod:HotShotCut","PokerPlayerMod:Extraction"],"picked":"SKIP","floor":7},{"not_picked":["Midas Touch","Secret Weapon"],"picked":"Apotheosis","floor":8},{"not_picked":["ReplayTheSpireMod:Uncanny Aura","AT_PowerWithin"],"picked":"AT_FamilyPortrait","floor":8},{"not_picked":["PokerPlayerMod:Spade2","PokerPlayerMod:Diamond1"],"picked":"PokerPlayerMod:CloakAndDiamond","floor":10},{"not_picked":["PokerPlayerMod:DartThrow","PokerPlayerMod:CardBurn","PokerPlayerMod:Club1"],"picked":"SKIP","floor":12},{"not_picked":["PokerPlayerMod:Diamond1","PokerPlayerMod:Diamond4","PokerPlayerMod:Configure"],"picked":"SKIP","floor":14},{"not_picked":["PokerPlayerMod:Diamond8","PokerPlayerMod:GamblerForm"],"picked":"PokerPlayerMod:Diamond10+","floor":16},{"not_picked":["PokerPlayerMod:Spade2","PokerPlayerMod:CardBurn+1","PokerPlayerMod:Spade1"],"picked":"SKIP","floor":18},{"not_picked":["PokerPlayerMod:Spade3","PokerPlayerMod:CardBurn"],"picked":"PokerPlayerMod:ClubShade","floor":19},{"not_picked":["PokerPlayerMod:Raise","PokerPlayerMod:Trickery","PokerPlayerMod:ClubStrike"],"picked":"SKIP","floor":20}],"player_experience":75421,"relics_obtained":[{"floor":9,"key":"DemoMod:AgedBell"},{"floor":12,"key":"Ornamental Fan"}],"event_choices":[{"cards_removed":["PokerPlayerMod:Diamond1"],"damage_healed":0,"gold_gain":0,"player_choice":"Trade","damage_taken":0,"max_hp_gain":0,"max_hp_loss":0,"event_name":"PokerPlayerMod:ExordiumClub","floor":4,"gold_loss":0,"cards_obtained":["PokerPlayerMod:Club6"]},{"damage_healed":0,"gold_gain":0,"cards_transformed":["PokerPlayerMod:Spade1"],"player_choice":"Transformed","damage_taken":0,"max_hp_gain":0,"max_hp_loss":0,"event_name":"Transmorgrifier","floor":13,"gold_loss":0,"cards_obtained":["PokerPlayerMod:MagicTrick"]}],"is_beta":false,"boss_relics":[{"not_picked":["PokerPlayerMod:AceCard","Philosopher\u0027s Stone","ReplayTheSpireMod:DimensionalGlitch"]}],"items_purged_floors":[8,15,15,21],"is_endless":false,"potions_floor_spawned":[1,2,10,14,18],"ascension_level":0}}