{"host":"y0xh955wy0xwdoys","time":1614211490,"event":{"mods":["AchievementEnabler","BaseMod","Colored Powertips","Minty Spire (QoL Compilation)","Relic Sorter"],"gold_per_floor":[116,116,191,209,81,81,111,111,111,125,74,74,74,93,93,198,198,213,312,292,306,322,322,352,352,429,458,473,373,387,403,403,507,507,522,532,224,224,224,251,282,294,306,328,354,366,0,12,24,36,36],"floor_reached":50,"language":"ENG","playtime":4198,"items_purged":["Defend_G","Strike_G","Defend_G"],"score":535,"play_id":"9ae1321e-9b3c-4083-b131-e607edfd2d17","local_time":"20210224160450","is_ascension_mode":false,"campfire_choices":[{"floor":6,"key":"REST"},{"data":"Storm of Steel","floor":8,"key":"SMITH"},{"data":"Decay","floor":13,"key":"PURGE"},{"floor":15,"key":"REST"},{"floor":23,"key":"REST"},{"data":"Phantasmal Killer","floor":25,"key":"SMITH"},{"floor":32,"key":"REST"},{"floor":42,"key":"REST"},{"floor":46,"key":"REST"},{"floor":49,"key":"REST"}],"circlet_count":0,"master_deck":["Strike_G","Strike_G","Defend_G","Survivor","Neutralize","Infinite Blades","Noxious Fumes","Blade Dance","Storm of Steel+1","Blade Dance","Flying Knee","Bane","Phantasmal Killer+1","Flying Knee","Deadly Poison","Backflip","Endless Agony","Slice+1","Dodge and Roll","Adrenaline","Doppelganger+1","Bane+1","Dodge and Roll+1","Finisher","Quick Slash+1","Deadly Poison+1"],"relics":["WristBlade","Tingsha","White Beast Statue","Peace Pipe","Busted Crown","Ornamental Fan","Bottled Flame","Dream Catcher","Astrolabe","Pen Nib","MawBank","Frozen Egg 2","Red Mask"],"acts_visited":["Exordium","TheCity","TheBeyond"],"potions_floor_usage":[16,16,22,24,27,28,30,31,33,33,33,33,36,40,41,44,45,45,50,50],"damage_taken":[{"damage":0,"enemies":"Jaw Worm","floor":1,"turns":3},{"damage":0,"enemies":"Small Slimes","floor":4,"turns":4},{"damage":18,"enemies":"3 Sentries","floor":7,"turns":6},{"damage":0,"enemies":"Cultist","floor":10,"turns":3},{"damage":16,"enemies":"Exordium Wildlife","floor":14,"turns":3},{"damage":20,"enemies":"Hexaghost","floor":16,"turns":7},{"damage":2,"enemies":"Chosen","floor":18,"turns":4},{"damage":2,"enemies":"2 Thieves","floor":21,"turns":2},{"damage":24,"enemies":"Snake Plant","floor":22,"turns":4},{"damage":0,"enemies":"Gremlin Leader","floor":24,"turns":2},{"damage":8,"enemies":"Book of Stabbing","floor":27,"turns":3},{"damage":4,"enemies":"Shelled Parasite and Fungi","floor":28,"turns":3},{"damage":0,"enemies":"3 Cultists","floor":30,"turns":4},{"damage":0,"enemies":"Centurion and Healer","floor":31,"turns":2},{"damage":38,"enemies":"Automaton","floor":33,"turns":9},{"damage":9,"enemies":"3 Shapes","floor":35,"turns":3},{"damage":2,"enemies":"Orb Walker","floor":36,"turns":3},{"damage":28,"enemies":"Reptomancer","floor":40,"turns":5},{"damage":9,"enemies":"Writhing Mass","floor":41,"turns":3},{"damage":11,"enemies":"4 Shapes","floor":44,"turns":6},{"damage":0,"enemies":"3 Darklings","floor":45,"turns":4},{"damage":77,"enemies":"Awakened One","floor":50,"turns":7}],"seed_played":"-1852794572473479015","potions_obtained":[{"floor":10,"key":"Block Potion"},{"floor":14,"key":"Poison Potion"},{"floor":16,"key":"Weak Potion"},{"floor":18,"key":"PowerPotion"},{"floor":20,"key":"Ancient Potion"},{"floor":21,"key":"CunningPotion"},{"floor":22,"key":"DistilledChaos"},{"floor":24,"key":"DistilledChaos"},{"floor":27,"key":"Dexterity Potion"},{"floor":28,"key":"GamblersBrew"},{"floor":30,"key":"EntropicBrew"},{"floor":33,"key":"Dexterity Potion"},{"floor":35,"key":"CunningPotion"},{"floor":36,"key":"EssenceOfSteel"},{"floor":40,"key":"FearPotion"},{"floor":41,"key":"Ancient Potion"},{"floor":44,"key":"EssenceOfSteel"},{"floor":45,"key":"AttackPotion"}],"is_trial":false,"path_per_floor":["M","?","?","M","$","R","E","R","T","M","$","?","R","M","R","B",null,"M","?","?","M","M","R","E","R","T","E","M","$","M","M","R","B",null,"M","M","$","?","?","E","M","R","T","M","M","R","?","?","R","B"],"character_chosen":"THE_SILENT","items_purchased":["Blade Dance","Flying Knee","Pen Nib","Finisher"],"campfire_rested":7,"item_purchase_floors":[5,11,37,37],"current_hp_per_floor":[70,67,56,56,56,70,52,52,52,52,52,52,52,36,57,37,70,68,68,68,66,42,63,63,63,63,55,51,51,51,51,70,32,70,61,59,59,59,59,31,22,43,43,32,32,53,53,53,70,0,0],"gold":36,"neow_bonus":"BOSS_RELIC","is_daily":false,"chose_seed":false,"campfire_upgraded":2,"win_rate":0.0,"timestamp":1614211490,"path_taken":["M","?","?","M","$","R","E","R","T","?","$","?","R","M","R","BOSS","M","?","?","?","M","R","E","R","T","E","M","$","M","M","R","BOSS","M","M","$","?","?","E","M","R","T","M","M","R","?","?","R","BOSS"],"items_purchased_type":["Card","Card","Relic","Card"],"build_version":"2020-12-22","purchased_purges":3,"victory":false,"max_hp_per_floor":[70,70,70,70,70,70,70,70,70,70,70,70,70,70,70,70,70,70,70,70,70,70,70,70,70,70,70,70,70,70,70,70,70,70,70,70,70,70,70,70,70,70,70,70,70,70,70,70,70,70,70],"card_choices":[{"not_picked":["Quick Slash","Prepared"],"picked":"Infinite Blades","floor":1},{"not_picked":["Deadly Poison","Backflip"],"picked":"Noxious Fumes","floor":4},{"not_picked":["All Out Attack","Poisoned Stab"],"picked":"Storm of Steel","floor":7},{"not_picked":["Deadly Poison","Blur"],"picked":"Blade Dance","floor":10},{"not_picked":["Expertise","Underhanded Strike"],"picked":"Bane","floor":14},{"not_picked":["Die Die Die","Adrenaline"],"picked":"Phantasmal Killer","floor":16},{"not_picked":[],"picked":"Flying Knee","floor":18},{"not_picked":["Bane"],"picked":"SKIP","floor":21},{"not_picked":[],"picked":"Deadly Poison","floor":22},{"not_picked":[],"picked":"Backflip","floor":24},{"not_picked":[],"picked":"Endless Agony","floor":27},{"not_picked":["Noxious Fumes"],"picked":"SKIP","floor":28},{"not_picked":["Flechettes+1"],"picked":"SKIP","floor":30},{"not_picked":[],"picked":"Slice+1","floor":31},{"not_picked":[],"picked":"Dodge and Roll","floor":32},{"not_picked":[],"picked":"Adrenaline","floor":33},{"not_picked":["Blur"],"picked":"SKIP","floor":35},{"not_picked":["Underhanded Strike"],"picked":"SKIP","floor":36},{"not_picked":[],"picked":"Quick Slash+1","floor":40},{"not_picked":["Quick Slash"],"picked":"SKIP","floor":41},{"not_picked":["Quick Slash+1"],"picked":"SKIP","floor":44},{"not_picked":[],"picked":"Deadly Poison+1","floor":45}],"player_experience":97902,"relics_obtained":[{"floor":7,"key":"White Beast Statue"},{"floor":9,"key":"Peace Pipe"},{"floor":24,"key":"Ornamental Fan"},{"floor":26,"key":"Bottled Flame"},{"floor":27,"key":"Dream Catcher"},{"floor":40,"key":"MawBank"},{"floor":43,"key":"Frozen Egg 2"}],"event_choices":[{"damage_healed":0,"gold_gain":0,"player_choice":"Success","damage_taken":3,"relics_obtained":["Tingsha"],"max_hp_gain":0,"max_hp_loss":0,"event_name":"Scrap Ooze","floor":2,"gold_loss":0},{"damage_healed":0,"gold_gain":75,"player_choice":"Gather Gold","damage_taken":11,"max_hp_gain":0,"max_hp_loss":0,"event_name":"World of Goop","floor":3,"gold_loss":0},{"damage_healed":0,"gold_gain":0,"player_choice":"Cursed","damage_taken":0,"max_hp_gain":0,"max_hp_loss":0,"event_name":"Wheel of Change","floor":12,"gold_loss":0,"cards_obtained":["Decay"]},{"damage_healed":0,"gold_gain":99,"player_choice":"Stole From Cult","damage_taken":0,"max_hp_gain":0,"max_hp_loss":0,"event_name":"Nest","floor":19,"gold_loss":0},{"damage_healed":0,"gold_gain":0,"player_choice":"Bought 1 Potion","damage_taken":0,"max_hp_gain":0,"max_hp_loss":0,"event_name":"The Woman in Blue","floor":20,"gold_loss":0},{"cards_removed":["Defend_G"],"damage_healed":0,"gold_gain":0,"player_choice":"Removed Skill","damage_taken":0,"max_hp_gain":0,"max_hp_loss":0,"event_name":"Falling","floor":38,"gold_loss":0},{"damage_healed":0,"gold_gain":0,"player_choice":"Memory 1","damage_taken":0,"max_hp_gain":0,"max_hp_loss":0,"event_name":"SensoryStone","floor":39,"gold_loss":0},{"damage_healed":0,"gold_gain":0,"player_choice":"Paid","damage_taken":0,"relics_obtained":["Red Mask"],"max_hp_gain":0,"max_hp_loss":0,"event_name":"Tomb of Lord Red Mask","floor":47,"gold_loss":378},{"damage_healed":0,"gold_gain":0,"player_choice":"Ignored","damage_taken":0,"max_hp_gain":0,"max_hp_loss":0,"event_name":"Mysterious Sphere","floor":48,"gold_loss":0}],"is_beta":false,"boss_relics":[{"not_picked":["Philosopher\u0027s Stone","SacredBark"],"picked":"Busted Crown"},{"not_picked":["Sozu","Coffee Dripper"],"picked":"Astrolabe"}],"items_purged_floors":[5,29,37],"is_endless":false,"potions_floor_spawned":[10,14,16,18,21,22,24,27,28,30,31,33,35,36,40,41,44,45],"killed_by":"Awakened One","ascension_level":0}}