{"host":"q1cl5mae7jbr0qcs","time":1614246384,"event":{"mods":["Act Like it!","Aspiration","BaseMod","Minty Spire (QoL Compilation)","StSLib","The Gatherer"],"gold_per_floor":[114,114,129,129,148,148,177,67,67,82,93,105,38,38,38,134,134,153,153,153,171,196,228,9,29,29,29,63,63,63,79,79,179,179,191,202,202,216,438,464,464,475,475,475,475,475],"floor_reached":44,"language":"ZHS","playtime":1970,"items_purged":["Gatherer:Strike_Gatherer"],"score":528,"play_id":"296e3b9a-a06b-4b45-af84-d64b549daf52","local_time":"20210225174624","is_ascension_mode":false,"metric_token":405,"campfire_choices":[{"data":"Gatherer:Convert","floor":6.0,"key":"SMITH"},{"data":"Gatherer:BalancedGrowth","floor":15.0,"key":"SMITH"},{"floor":27,"key":"REST"},{"data":"Gatherer:FlowerPower","floor":30,"key":"SMITH"},{"floor":32,"key":"REST"},{"data":"Gatherer:FlowerPower+1","floor":41,"key":"SMITH"}],"circlet_count":0,"master_deck":["Gatherer:Strike_Gatherer","Gatherer:Strike_Gatherer+1","Gatherer:Strike_Gatherer+1","Gatherer:Defend_Gatherer","Gatherer:Defend_Gatherer","Gatherer:Defend_Gatherer","Gatherer:Defend_Gatherer","Gatherer:Defend_Gatherer","Gatherer:Centralize","Gatherer:FlowerWhip","Gatherer:Convert+1","Gatherer:FruitForce","Gatherer:FlowerFalling","Gatherer:BlackTea","Gatherer:FruitForce","Gatherer:Liquidism+1","Gatherer:QuickSynthesis","Gatherer:BalancedGrowth+1","Gatherer:BlackTea","Gatherer:FlowerShield","Gatherer:FlowerPower+2","Gatherer:Examine","Gatherer:Overflowing","CurseOfTheBell","Gatherer:ScrollOfWall"],"relics":["Gatherer:AlchemyBag","NeowsBlessing","aspiration:StickyExplosives_weak","Boot","Oddly Smooth Stone","Gatherer:FlyingFruit","SlaversCollar","Red Mask","Pear","Medical Kit","Bag of Preparation","Calling Bell","TungstenRod","aspiration:FetidBarrel","Juzu Bracelet","Gremlin Horn","Du-Vu Doll"],"acts_visited":["Exordium","TheCity","TheBeyond"],"potions_floor_usage":[25,28,42],"damage_taken":[{"damage":0.0,"enemies":"Jaw Worm","floor":1.0,"turns":1.0},{"damage":0.0,"enemies":"2 Louse","floor":3.0,"turns":1.0},{"damage":0.0,"enemies":"Cultist","floor":5.0,"turns":1.0},{"damage":22.0,"enemies":"Lagavulin","floor":7.0,"turns":6.0},{"damage":8.0,"enemies":"Gremlin Gang","floor":10.0,"turns":3.0},{"damage":1.0,"enemies":"2 Fungi Beasts","floor":11.0,"turns":2.0},{"damage":0.0,"enemies":"Blue Slaver","floor":12.0,"turns":1.0},{"damage":21.0,"enemies":"Hexaghost","floor":16.0,"turns":7.0},{"damage":4,"enemies":"Chosen","floor":18,"turns":4},{"damage":20,"enemies":"Spheric Guardian","floor":21,"turns":4},{"damage":19,"enemies":"Masked Bandits","floor":22,"turns":5},{"damage":38,"enemies":"Slavers","floor":23,"turns":6},{"damage":17,"enemies":"Snecko","floor":25,"turns":6},{"damage":6,"enemies":"Book of Stabbing","floor":28,"turns":4},{"damage":0,"enemies":"Centurion and Healer","floor":31,"turns":5},{"damage":32,"enemies":"Collector","floor":33,"turns":10},{"damage":21,"enemies":"3 Darklings","floor":35,"turns":6},{"damage":13,"enemies":"3 Shapes","floor":36,"turns":4},{"damage":23,"enemies":"3 Darklings","floor":38,"turns":5},{"damage":31,"enemies":"Nemesis","floor":40,"turns":7},{"damage":0,"enemies":"Jaw Worm Horde","floor":42,"turns":4},{"damage":19,"enemies":"Reptomancer","floor":44,"turns":4}],"seed_played":"151879382191890938","potions_obtained":[{"floor":10.0,"key":"BloodPotion"},{"floor":12.0,"key":"AttackPotion"},{"floor":16.0,"key":"AttackPotion"},{"floor":18,"key":"Ancient Potion"},{"floor":20,"key":"GamblersBrew"},{"floor":25,"key":"DistilledChaos"},{"floor":28,"key":"Dexterity Potion"},{"floor":42,"key":"Energy Potion"}],"is_trial":false,"path_per_floor":["M","?","M","T","M","R","E","?","T","M","M","M","$","?","R","B",null,"M","?","?","M","?","E","$","M","T","R","E","$","R","M","R","B",null,"M","M","?","M","?","E","R","M","T","E"],"character_chosen":"THE_GATHERER","items_purchased":["Gatherer:BalancedGrowth","Medical Kit"],"campfire_rested":2,"item_purchase_floors":[13,24],"current_hp_per_floor":[72,58,62,62,62,62,40,40,40,40,39,39,39,39,39,38,88,84,84,84,64,45,21,21,4,4,34,28,28,28,28,58,30,106,85,72,72,49,49,18,18,18,18,0,0,0],"gold":475,"neow_bonus":"THREE_ENEMY_KILL","is_daily":false,"chose_seed":false,"campfire_upgraded":4,"win_rate":0.0,"timestamp":1614246384,"path_taken":["M","?","M","?","M","R","E","?","T","?","M","?","$","?","R","BOSS","M","?","?","?","?","E","?","M","T","R","E","$","R","M","R","BOSS","M","M","?","M","?","E","R","M","T","E"],"items_purchased_type":["Card","Relic"],"build_version":"2020-12-22","purchased_purges":1,"victory":false,"max_hp_per_floor":[72,72,76,76,76,76,76,76,76,84,84,84,84,84,84,88,88,88,88,88,88,88,102,102,102,102,102,102,102,102,102,102,106,106,106,106,106,106,106,106,106,106,106,106,106,106],"card_choices":[{"not_picked":["Gatherer:ScherryThrow","Gatherer:BambuSword"],"picked":"Gatherer:Convert","floor":1.0},{"not_picked":["Gatherer:Misfortune","Gatherer:Snatch"],"picked":"Gatherer:FruitForce","floor":3.0},{"not_picked":["Gatherer:Misfortune","Gatherer:Nutrients"],"picked":"Gatherer:FlowerFalling","floor":5.0},{"not_picked":["Gatherer:AromaProtection","Gatherer:Frenzy"],"picked":"Gatherer:BlackTea","floor":7.0},{"not_picked":["Gatherer:FragileHammer","Gatherer:AromaProtection"],"picked":"Gatherer:FruitForce","floor":10.0},{"not_picked":["Gatherer:CollectorsShot","Gatherer:AcidicSpray"],"picked":"Gatherer:Liquidism","floor":11.0},{"not_picked":["Gatherer:FeelingFine","Gatherer:WoolGloves"],"picked":"Gatherer:QuickSynthesis","floor":12.0},{"not_picked":["Gatherer:CursedBlade","Gatherer:LuckyClover"],"picked":"Gatherer:BlackTea","floor":16.0},{"not_picked":["Gatherer:FlowerFalling+1","Gatherer:FeelingFine+1"],"picked":"Gatherer:FlowerShield","floor":18},{"not_picked":["Gatherer:EnergyBasket","Gatherer:Herbalism"],"picked":"Gatherer:FlowerPower","floor":21},{"not_picked":["Gatherer:TreeGrowth","Gatherer:CarefulStrike","Gatherer:Duality"],"picked":"SKIP","floor":23},{"not_picked":["Gatherer:CollectorsShot+1","Gatherer:TreeGrowth","Gatherer:FlowerPower"],"picked":"SKIP","floor":25},{"not_picked":["Gatherer:Enchant","Gatherer:CollectorsShot"],"picked":"Gatherer:Examine","floor":28},{"not_picked":["Gatherer:AromaProtection","Gatherer:EnergyBasket","Gatherer:UpgradeBag"],"picked":"SKIP","floor":31},{"not_picked":["Gatherer:ColorfulGarden","Gatherer:Photoscythe"],"picked":"Gatherer:Overflowing","floor":33},{"not_picked":["Gatherer:FlowerPower+1","Gatherer:Duality","Gatherer:AromaProtection"],"picked":"SKIP","floor":35},{"not_picked":["Gatherer:Herbalism","Gatherer:Snatch+1"],"picked":"Gatherer:ScrollOfWall","floor":36},{"not_picked":["Gatherer:CarefulStrike","Gatherer:FragileHammer","Gatherer:PoisonMastery"],"picked":"SKIP","floor":38},{"not_picked":["Gatherer:FlowerFalling+1","Gatherer:FragileHammer+1","Gatherer:PotentialSlash"],"picked":"SKIP","floor":40},{"not_picked":["Gatherer:Duplicator+1","Gatherer:Uplift","Gatherer:SaveValuables+1"],"picked":"SKIP","floor":42}],"player_experience":581281,"relics_obtained":[{"floor":4.0,"key":"aspiration:StickyExplosives_weak"},{"floor":7.0,"key":"Boot"},{"floor":9.0,"key":"Gatherer:FlyingFruit"},{"floor":22,"key":"Red Mask"},{"floor":23,"key":"Pear"},{"floor":28,"key":"Bag of Preparation"},{"floor":34,"key":"TungstenRod"},{"floor":34,"key":"aspiration:FetidBarrel"},{"floor":34,"key":"Juzu Bracelet"},{"floor":40,"key":"Gremlin Horn"},{"floor":43,"key":"Du-Vu Doll"}],"event_choices":[{"damage_healed":0.0,"max_hp_gain":0.0,"max_hp_loss":0.0,"gold_gain":0.0,"event_name":"Shining Light","player_choice":"Entered Light","floor":2.0,"gold_loss":0.0,"damage_taken":14.0,"cards_upgraded":["Gatherer:Strike_Gatherer","Gatherer:Strike_Gatherer"]},{"damage_healed":0.0,"max_hp_gain":0.0,"max_hp_loss":0.0,"gold_gain":0.0,"event_name":"WeMeetAgain","player_choice":"Paid Gold","floor":8.0,"gold_loss":110.0,"damage_taken":0.0,"relics_obtained":["Oddly Smooth Stone"]},{"damage_healed":0.0,"max_hp_gain":0.0,"max_hp_loss":0.0,"gold_gain":0.0,"event_name":"Living Wall","player_choice":"Grow","floor":14.0,"gold_loss":0.0,"damage_taken":0.0,"cards_upgraded":["Gatherer:Liquidism"]},{"damage_healed":0,"gold_gain":0,"player_choice":"Ignored","damage_taken":0,"max_hp_gain":0,"max_hp_loss":0,"event_name":"Vampires","floor":19,"gold_loss":0},{"damage_healed":0,"gold_gain":0,"player_choice":"Got Potions","damage_taken":0,"max_hp_gain":0,"max_hp_loss":0,"event_name":"Lab","floor":20,"gold_loss":0},{"damage_healed":0,"gold_gain":0,"player_choice":"Fought Bandits","damage_taken":0,"max_hp_gain":0,"max_hp_loss":0,"event_name":"Masked Bandits","floor":22,"gold_loss":0},{"cards_removed":["Gatherer:Strike_Gatherer"],"damage_healed":0,"gold_gain":0,"player_choice":"Removed Attack","damage_taken":0,"max_hp_gain":0,"max_hp_loss":0,"event_name":"Falling","floor":37,"gold_loss":0},{"damage_healed":0,"gold_gain":222,"player_choice":"Wore Mask","damage_taken":0,"max_hp_gain":0,"max_hp_loss":0,"event_name":"Tomb of Lord Red Mask","floor":39,"gold_loss":0}],"is_beta":false,"boss_relics":[{"not_picked":["Snecko Eye","Pandora\u0027s Box"],"picked":"SlaversCollar"},{"not_picked":["Tiny House","Gatherer:MiracleBag"],"picked":"Calling Bell"}],"items_purged_floors":[24],"is_endless":false,"potions_floor_spawned":[10,12,16,18,22,25,28,35,36,42],"killed_by":"Reptomancer","ascension_level":0}}