{"host":"xw7092rw7wabncmm","time":1614220482,"event":{"mods":["AchievementEnabler","BaseMod","Bestiary","Block Reminder","Minty Spire (QoL Compilation)","Quick Restart","Relic Stats","Slay-I","Weighted Paths"],"gold_per_floor":[110,126,146,164,183,183,203,203,226,240,271,75,101,123,135,243,255,277,299,328,354,382,394,7,7,31,31,31,64,64,81,81,81,81],"floor_reached":33,"language":"ENG","playtime":2336,"items_purged":["Dualcast"],"score":453,"play_id":"fde8469c-718e-4216-8815-2cd9c8817915","local_time":"20210224213442","is_ascension_mode":true,"campfire_choices":[{"data":"Streamline","floor":6,"key":"SMITH"},{"floor":8,"key":"REST"},{"floor":15,"key":"REST"},{"floor":23,"key":"REST"},{"data":"Hyperbeam","floor":25,"key":"SMITH"},{"floor":28,"key":"REST"},{"floor":32,"key":"REST"}],"circlet_count":0,"master_deck":["AscendersBane","Strike_B","Strike_B","Strike_B","Strike_B","Defend_B","Defend_B","Defend_B","Defend_B","Ball Lightning","Beam Cell","FTL","Streamline+1","Static Discharge","Coolheaded","Chill","Multi-Cast","Hologram","Go for the Eyes","Conserve Battery","Hyperbeam+1","Hologram","Gash+1","Glacier","Go for the Eyes","Hologram","Gash+1","Reinforced Body+1","Reboot"],"relics":["Cracked Core","Potion Belt","Oddly Smooth Stone","MawBank","Velvet Choker","DollysMirror","Symbiotic Virus","Tiny Chest","DataDisk"],"acts_visited":["Exordium","TheCity"],"potions_floor_usage":[11,13,13,16,16,33],"damage_taken":[{"damage":1,"enemies":"Cultist","floor":1,"turns":4},{"damage":6,"enemies":"2 Louse","floor":2,"turns":2},{"damage":5,"enemies":"Small Slimes","floor":3,"turns":3},{"damage":15,"enemies":"Gremlin Gang","floor":4,"turns":4},{"damage":9,"enemies":"3 Louse","floor":5,"turns":4},{"damage":13,"enemies":"Blue Slaver","floor":7,"turns":2},{"damage":24,"enemies":"Lots of Slimes","floor":10,"turns":3},{"damage":8,"enemies":"Gremlin Nob","floor":11,"turns":3},{"damage":10,"enemies":"Lagavulin","floor":13,"turns":4},{"damage":5,"enemies":"Looter","floor":14,"turns":3},{"damage":5,"enemies":"The Guardian","floor":16,"turns":9},{"damage":7,"enemies":"Chosen","floor":18,"turns":4},{"damage":14,"enemies":"3 Byrds","floor":19,"turns":4},{"damage":16,"enemies":"Snecko","floor":20,"turns":5},{"damage":0,"enemies":"Chosen and Byrds","floor":21,"turns":6},{"damage":18,"enemies":"Snake Plant","floor":22,"turns":5},{"damage":15,"enemies":"Book of Stabbing","floor":29,"turns":6},{"damage":1,"enemies":"Centurion and Healer","floor":31,"turns":5},{"damage":59,"enemies":"Champ","floor":33,"turns":19}],"seed_played":"5254955533072646692","potions_obtained":[{"floor":1,"key":"Weak Potion"},{"floor":2,"key":"Strength Potion"},{"floor":10,"key":"BlessingOfTheForge"},{"floor":14,"key":"FocusPotion"},{"floor":19,"key":"Explosive Potion"},{"floor":29,"key":"Ancient Potion"},{"floor":31,"key":"PotionOfCapacity"}],"is_trial":false,"path_per_floor":["M","M","M","M","M","R","M","R","T","M","E","$","E","M","R","B",null,"M","M","M","M","M","R","$","R","T","?","R","E","?","M","R","B"],"character_chosen":"DEFECT","items_purchased":["Regen Potion","Hologram","DollysMirror","Symbiotic Virus"],"campfire_rested":5,"item_purchase_floors":[12,12,24,24],"current_hp_per_floor":[74,68,63,48,39,39,26,50,50,26,18,18,20,15,39,34,70,63,49,33,33,15,39,39,39,39,23,49,34,34,33,59,0,0],"gold":81,"neow_bonus":"TEN_PERCENT_HP_BONUS","is_daily":false,"chose_seed":false,"campfire_upgraded":2,"win_rate":0.0,"timestamp":1614220482,"path_taken":["M","?","M","M","M","R","?","R","T","M","E","$","E","M","R","BOSS","M","M","M","M","M","R","?","R","T","?","R","E","?","M","R","BOSS"],"items_purchased_type":["Potion","Card","Relic","Relic"],"build_version":"2020-12-22","purchased_purges":1,"victory":false,"max_hp_per_floor":[82,82,82,82,82,82,82,82,82,82,82,82,82,82,82,82,82,82,82,82,82,82,82,82,82,82,87,87,87,87,87,87,87,87],"relic_stats":{"counters":[19,95],"Tiny Chest":0,"MawBank":132,"obtain_stats":[{"Potion Belt":9,"DataDisk":29,"DollysMirror":24,"Oddly Smooth Stone":11,"Velvet Choker":17,"Tiny Chest":26,"Cracked Core":0,"MawBank":13,"Symbiotic Virus":24},{"Potion Belt":6,"DataDisk":17,"DollysMirror":16,"Oddly Smooth Stone":8,"Velvet Choker":11,"Tiny Chest":16,"Cracked Core":0,"MawBank":9,"Symbiotic Virus":16},{"Potion Belt":19,"DataDisk":71,"DollysMirror":65,"Oddly Smooth Stone":25,"Velvet Choker":41,"Tiny Chest":65,"Cracked Core":0,"MawBank":29,"Symbiotic Virus":65}]},"card_choices":[{"not_picked":["Consume","Barrage"],"picked":"Ball Lightning","floor":1},{"not_picked":["Hologram","Chaos"],"picked":"Beam Cell","floor":2},{"not_picked":["Force Field","Sweeping Beam"],"picked":"FTL","floor":3},{"not_picked":["Static Discharge","Rebound"],"picked":"Streamline","floor":4},{"not_picked":["Barrage","Defragment"],"picked":"Static Discharge","floor":5},{"not_picked":["Beam Cell","Stack"],"picked":"Coolheaded","floor":7},{"not_picked":["Static Discharge","Coolheaded"],"picked":"Chill","floor":10},{"not_picked":["Blizzard","Hologram"],"picked":"Multi-Cast","floor":11},{"not_picked":["Chill","Coolheaded"],"picked":"Go for the Eyes","floor":13},{"not_picked":["BootSequence","Genetic Algorithm"],"picked":"Conserve Battery","floor":14},{"not_picked":["Rainbow","Creative AI"],"picked":"Hyperbeam","floor":16},{"not_picked":["Doom and Gloom","Rebound"],"picked":"Hologram","floor":18},{"not_picked":["Streamline","Steam Power+1"],"picked":"Gash+1","floor":19},{"not_picked":["Rebound","Turbo"],"picked":"Glacier","floor":20},{"not_picked":["Darkness","Turbo"],"picked":"Go for the Eyes","floor":21},{"not_picked":["Redo","Beam Cell"],"picked":"Hologram","floor":22},{"not_picked":["Barrage","Static Discharge"],"picked":"Reinforced Body+1","floor":29},{"not_picked":["Hello World","Rebound"],"picked":"Reboot","floor":31}],"player_experience":1675501,"relics_obtained":[{"floor":9,"key":"Potion Belt"},{"floor":11,"key":"Oddly Smooth Stone"},{"floor":13,"key":"MawBank"},{"floor":26,"key":"Tiny Chest"},{"floor":29,"key":"DataDisk"}],"event_choices":[{"damage_healed":0,"gold_gain":0,"player_choice":"Shed Blood","damage_taken":21,"max_hp_gain":5,"max_hp_loss":0,"event_name":"Forgotten Altar","floor":27,"gold_loss":0},{"cards_removed":["Zap"],"damage_healed":0,"gold_gain":0,"player_choice":"Purged","damage_taken":0,"max_hp_gain":0,"max_hp_loss":0,"event_name":"Purifier","floor":30,"gold_loss":0}],"is_beta":false,"boss_relics":[{"not_picked":["Tiny House","Runic Dome"],"picked":"Velvet Choker"}],"items_purged_floors":[12],"is_endless":false,"potions_floor_spawned":[1,2,10,14,19,29,31],"killed_by":"Champ","ascension_level":12}}