{"host":"st1kg310ms6sytc5","time":1614216498,"event":{"mods":["Act Like it!","BaseMod","CapriCore","Good Game Mod","Library of Ruina","Minty Spire (QoL Compilation)","StSLib","SuperFastMode","Wide Potions","Yakumo Yukari mod"],"gold_per_floor":[119,129,54,70,20,51,68,95,95,130,130,160,175,186,186,285,285,302,314,314,22,37,68,78,108,108,118,118,118,153,164,164,265,265,280,298,91,110,129,162,175,203,203,203,203,215,226,278,278,278,278,278,1,29,29],"floor_reached":56,"language":"ZHS","playtime":2320,"items_purged":["DegradedPillar","SharpenedBlade","Faith","DegradedPillar"],"score":1889,"play_id":"70cf7a79-70fd-4165-a889-2d3e34e5594f","local_time":"20210225092818","is_ascension_mode":true,"campfire_choices":[{"data":"DegradedLock","floor":11.0,"key":"SMITH"},{"data":"DegradedLock","floor":15.0,"key":"SMITH"},{"data":"Faith","floor":29.0,"key":"SMITH"},{"data":"DegradedFairy","floor":32.0,"key":"SMITH"},{"floor":49.0,"key":"RECALL"},{"data":"DegradedChain","floor":52.0,"key":"SMITH"}],"circlet_count":0,"master_deck":["DegradedFairy+1","DegradedFairy","DegradedChain+1","DegradedChain","DegradedLock+1","DegradedLock+1","Quickness","SenseQuarry+1","Faith+1","Faith+1","Unlock1+1","Castigation","Suppress"],"relics":["PageOfLibrarian","REME:ComplimentaryCards","PageOfDeadButterflies","Pen Nib","Sundial","Smiling Mask","Empty Cage","PageOfGreed","PageOfTheQueenOfHatred","PageOfTheKnightOfDespair","PageOfWrath","PageOfNihil","Regal Pillow","Black Star","Medical Kit","Shuriken","Mango","StoneCalendar","Dream Catcher","FossilizedHelix","PageOfThreeBirds","Membership Card","PageOfBloodbath","Lantern","Blood Vial"],"acts_visited":["Exordium","TheCity","TheBeyond","TheEnding"],"potions_floor_usage":[55,55],"damage_taken":[{"damage":0.0,"enemies":"Cultist","floor":1.0,"turns":1.0},{"damage":0.0,"enemies":"Small Slimes","floor":2.0,"turns":2.0},{"damage":0.0,"enemies":"Jaw Worm","floor":4.0,"turns":1.0},{"damage":0.0,"enemies":"Gremlin Nob","floor":6.0,"turns":2.0},{"damage":0.0,"enemies":"Red Slaver","floor":7.0,"turns":1.0},{"damage":0.0,"enemies":"Lagavulin","floor":8.0,"turns":4.0},{"damage":0.0,"enemies":"Gremlin Nob","floor":10.0,"turns":2.0},{"damage":0.0,"enemies":"3 Louse","floor":13.0,"turns":2.0},{"damage":0.0,"enemies":"Exordium Thugs","floor":14.0,"turns":2.0},{"damage":0.0,"enemies":"Slime Boss","floor":16.0,"turns":6.0},{"damage":0.0,"enemies":"3 Byrds","floor":18.0,"turns":3.0},{"damage":0.0,"enemies":"Spheric Guardian","floor":19.0,"turns":2.0},{"damage":0.0,"enemies":"Shelled Parasite and Fungi","floor":22.0,"turns":2.0},{"damage":0.0,"enemies":"Book of Stabbing","floor":23.0,"turns":2.0},{"damage":0.0,"enemies":"Snake Plant","floor":24.0,"turns":2.0},{"damage":0.0,"enemies":"Gremlin Leader","floor":25.0,"turns":2.0},{"damage":25.0,"enemies":"Book of Stabbing","floor":27.0,"turns":7.0},{"damage":0.0,"enemies":"Book of Stabbing","floor":30.0,"turns":2.0},{"damage":0.0,"enemies":"Snecko","floor":31.0,"turns":2.0},{"damage":0.0,"enemies":"Collector","floor":33.0,"turns":4.0},{"damage":0.0,"enemies":"3 Darklings","floor":35.0,"turns":3.0},{"damage":2.0,"enemies":"3 Shapes","floor":36.0,"turns":3.0},{"damage":0.0,"enemies":"Maw","floor":38.0,"turns":3.0},{"damage":0.0,"enemies":"3 Darklings","floor":39.0,"turns":3.0},{"damage":0.0,"enemies":"Nemesis","floor":40.0,"turns":3.0},{"damage":0.0,"enemies":"Sphere and 2 Shapes","floor":41.0,"turns":2.0},{"damage":0.0,"enemies":"Giant Head","floor":42.0,"turns":3.0},{"damage":0.0,"enemies":"Writhing Mass","floor":46.0,"turns":3.0},{"damage":0.0,"enemies":"Jaw Worm Horde","floor":47.0,"turns":3.0},{"damage":0.0,"enemies":"2 Orb Walkers","floor":48.0,"turns":3.0},{"damage":0.0,"enemies":"Donu and Deca","floor":50.0,"turns":5.0},{"damage":0.0,"enemies":"Shield and Spear","floor":54.0,"turns":3.0},{"damage":4,"enemies":"The Heart","floor":55,"turns":5}],"seed_played":"-2912886693897806656","potions_obtained":[{"floor":2.0,"key":"Regen Potion"},{"floor":6.0,"key":"LiquidBronze"},{"floor":8.0,"key":"PowerPotion"},{"floor":24.0,"key":"CultistPotion"},{"floor":35.0,"key":"Explosive Potion"},{"floor":40.0,"key":"Swift Potion"}],"is_trial":false,"path_per_floor":["M","M","$","M","?","E","M","E","T","E","R","?","M","M","R","B",null,"M","M","?","$","M","E","M","E","T","E","?","R","E","M","R","B",null,"M","M","$","M","M","E","M","E","T","?","?","M","M","?","R","B",null,"R","$","E","B",null],"character_chosen":"Librarian","items_purchased":["PageOfGreed","Medical Kit","Membership Card","PageOfBloodbath"],"campfire_rested":0,"item_purchase_floors":[21,37,53,53],"current_hp_per_floor":[60,60,60,60,60,60,60,60,60,60,60,60,60,60,60,60,90,90,90,90,90,90,90,90,90,90,65,65,65,65,65,65,65,90,90,88,88,88,88,102,102,102,102,102,102,102,102,102,102,102,104,104,104,104,100],"gold":29,"neow_bonus":"UPGRADE_CARD","is_daily":false,"chose_seed":false,"campfire_upgraded":5,"win_rate":0.0,"timestamp":1614216498,"path_taken":["M","M","?","M","?","E","M","E","T","E","R","?","M","M","R","BOSS","M","M","?","$","?","E","M","E","T","E","?","R","E","?","R","BOSS","M","M","$","M","M","E","M","E","T","?","?","M","?","?","R","BOSS","R","$","E","BOSS"],"items_purchased_type":["Relic","Relic","Relic","Relic"],"build_version":"2020-12-22","purchased_purges":4,"victory":true,"max_hp_per_floor":[90,90,90,90,90,90,90,90,90,90,90,90,90,90,90,90,90,90,90,90,90,90,90,90,90,90,90,90,90,90,90,90,90,90,90,90,90,90,90,104,104,104,104,104,104,104,104,104,104,104,104,104,104,104,104],"card_choices":[{"not_picked":["HiddenBlade","AbsorbImpact","DarkCloud","ChopItOff"],"picked":"SKIP","floor":1.0},{"not_picked":["ViolentFlame","FeatherShield","WillOfThePrescript"],"picked":"LawAndOrder","floor":2.0},{"not_picked":["HiddenBlade","EnergyShield","SunsetBlade"],"picked":"Quickness","floor":4.0},{"not_picked":["Wallop_lor","ViolentFlame","ToWhereThePrescriptPoints","ReadyUp"],"picked":"SKIP","floor":6.0},{"not_picked":["Parry","ToWhereThePrescriptPoints","HighKick","Quickness"],"picked":"SKIP","floor":7.0},{"not_picked":["SpearedSweep","SunsetBlade","DeepDrag","FleshFillet"],"picked":"SKIP","floor":8.0},{"not_picked":["Quickness","FierceCharge","Parry"],"picked":"SharpenedBlade","floor":10.0},{"not_picked":["Thrust","SunsetBlade","Wallop_lor","ViolentFlame"],"picked":"SKIP","floor":13.0},{"not_picked":["HiddenBlade","SmokingPipe","HighKick","ExtremeEdge"],"picked":"SKIP","floor":14.0},{"not_picked":["TieShanKao","CleanUp"],"picked":"SenseQuarry","floor":16.0},{"not_picked":["EnergyShield+1","SkyClearingCut+1","WrathOfTorment"],"picked":"Faith","floor":18.0},{"not_picked":["Eliminate","Parry+1","Wallop_lor+1","ScatteringSlash"],"picked":"SKIP","floor":19.0},{"not_picked":["Multislash+1","InkOver","CombatPreparation"],"picked":"Faith","floor":22.0},{"not_picked":["Juggling","Quickness","EnergyBeam","Thrust"],"picked":"SKIP","floor":23.0},{"not_picked":["Thrust","ViolentFlame","Quickness"],"picked":"Unlock1+1","floor":24.0},{"not_picked":["Multislash","EndlessBattle+1","HighKick","Parry+1"],"picked":"SKIP","floor":25.0},{"not_picked":["DriedUp","Unlock1","Parry+1","BindingChains"],"picked":"SKIP","floor":27.0},{"not_picked":["Transpierce","LossOfSenses","SharpenedBlade","Thrust"],"picked":"SKIP","floor":30.0},{"not_picked":["PreemptiveStrike+1","SnakesPrey+1","HiddenBlade"],"picked":"Faith+1","floor":31.0},{"not_picked":["Transpierce","BlazingStrike"],"picked":"Castigation","floor":33.0},{"not_picked":["CircusKnives+1","Parry+1","Execute_lor","WillOfThePrescript"],"picked":"SKIP","floor":35.0},{"not_picked":["SparkingSpear","IronWall","EndlessBattle","DarkCloud"],"picked":"SKIP","floor":36.0},{"not_picked":["SharpenedBlade","DesperateStruggle","FaintMemories","SnakesPrey+1"],"picked":"SKIP","floor":38.0},{"not_picked":["SunsetBlade","SnakesPrey+1","EndlessBattle","FaintMemories"],"picked":"SKIP","floor":39.0},{"not_picked":["DesperateStruggle","PreemptiveStrike+1","YourShield+1"],"picked":"Suppress","floor":40.0},{"not_picked":["SearingSword","Wallop_lor+1","PreemptiveStrike+1","Thrust"],"picked":"SKIP","floor":41.0},{"not_picked":["EndlessBattle","Faith","EnergyShield","SharpNails+1"],"picked":"SKIP","floor":42.0},{"not_picked":["ExtremeEdge+1","BoundaryOfDeath","CombatPreparation+1","Collision"],"picked":"SKIP","floor":46.0},{"not_picked":["EnergyShield","TraceOfFumes+1","HiddenBlade+1","BindingChains+1"],"picked":"SKIP","floor":47.0},{"not_picked":["EnergyConversion+1","ToWhereThePrescriptPoints+1","Execute_lor+1","Castigation"],"picked":"SKIP","floor":54.0}],"player_experience":1449492,"relics_obtained":[{"floor":6.0,"key":"PageOfDeadButterflies"},{"floor":8.0,"key":"Pen Nib"},{"floor":10.0,"key":"Sundial"},{"floor":23.0,"key":"PageOfTheQueenOfHatred"},{"floor":25.0,"key":"PageOfTheKnightOfDespair"},{"floor":26.0,"key":"PageOfWrath"},{"floor":27.0,"key":"PageOfNihil"},{"floor":30.0,"key":"Regal Pillow"},{"floor":40.0,"key":"Shuriken"},{"floor":40.0,"key":"Mango"},{"floor":42.0,"key":"StoneCalendar"},{"floor":42.0,"key":"Dream Catcher"},{"floor":43.0,"key":"FossilizedHelix"},{"floor":48.0,"key":"PageOfThreeBirds"},{"floor":54.0,"key":"Lantern"},{"floor":54.0,"key":"Blood Vial"}],"event_choices":[{"cards_removed":["DegradedFairy"],"damage_healed":0.0,"max_hp_gain":0.0,"max_hp_loss":0.0,"gold_gain":0.0,"event_name":"The Cleric","player_choice":"Card Removal","floor":5.0,"gold_loss":50.0,"damage_taken":0.0},{"damage_healed":0.0,"max_hp_gain":0.0,"max_hp_loss":0.0,"gold_gain":30.0,"event_name":"Dead Adventurer","player_choice":"Searched \u00273\u0027 times","floor":12.0,"gold_loss":0.0,"damage_taken":0.0,"relics_obtained":["Smiling Mask"]},{"damage_healed":0.0,"max_hp_gain":0.0,"max_hp_loss":0.0,"gold_gain":0.0,"event_name":"Duplicator","player_choice":"Copied","floor":20.0,"gold_loss":0.0,"damage_taken":0.0,"cards_obtained":["Faith"]},{"damage_healed":0.0,"max_hp_gain":0.0,"max_hp_loss":0.0,"gold_gain":0.0,"event_name":"Upgrade Shrine","player_choice":"Upgraded","floor":28.0,"gold_loss":0.0,"damage_taken":0.0,"cards_upgraded":["SenseQuarry"]},{"cards_removed":["Faith"],"damage_healed":0.0,"max_hp_gain":0.0,"max_hp_loss":0.0,"gold_gain":0.0,"event_name":"Falling","player_choice":"Removed Skill","floor":44.0,"gold_loss":0.0,"damage_taken":0.0},{"damage_healed":0.0,"max_hp_gain":0.0,"max_hp_loss":0.0,"gold_gain":0.0,"event_name":"Upgrade Shrine","player_choice":"Upgraded","floor":45.0,"gold_loss":0.0,"damage_taken":0.0,"cards_upgraded":["Faith"]},{"damage_healed":0.0,"max_hp_gain":0.0,"max_hp_loss":0.0,"gold_gain":0.0,"event_name":"Mysterious Sphere","player_choice":"Fight","floor":48.0,"gold_loss":0.0,"damage_taken":0.0}],"is_beta":false,"boss_relics":[{"not_picked":["Calling Bell","Pandora\u0027s Box"],"picked":"Empty Cage"},{"not_picked":["Sozu","SlaversCollar"],"picked":"Black Star"}],"items_purged_floors":[3,21,37,53],"is_endless":false,"potions_floor_spawned":[2,6,7,8,10,14,18,19,24,31,35,39,40,46,48],"ascension_level":1}}