{"host":"8u7tvcybuv0u72fd","time":1614228025,"event":{"mods":["BaseMod","BetterRewards","Colored Map","Colored Powertips","Minty Spire (QoL Compilation)","Quick Restart","Shop Mod"],"gold_per_floor":[119,131,131,146,156,182,182,209,209,221,261,287,299,327,339,451,463,486,531,543,571,599,638,667,679,691,731,743,444,463,473,473,572,572,585,638,652,664,664,664,50,85,85,105,105,327,327,377,377,377,377,377,63,98,98],"floor_reached":56,"language":"ENG","playtime":2800,"items_purged":["Strike_R"],"score":1537,"play_id":"a5e399e5-ffd5-458d-a263-7b43e9f8444e","local_time":"20210224234025","is_ascension_mode":false,"campfire_choices":[{"data":"Rampage","floor":7.0,"key":"SMITH"},{"floor":13.0,"key":"DIG"},{"data":"Bash","floor":15.0,"key":"SMITH"},{"data":"Body Slam","floor":25.0,"key":"SMITH"},{"floor":28.0,"key":"DIG"},{"data":"Heavy Blade","floor":32.0,"key":"SMITH"},{"floor":40.0,"key":"RECALL"},{"floor":47.0,"key":"DIG"},{"floor":49.0,"key":"DIG"},{"floor":52.0,"key":"DIG"}],"circlet_count":0,"master_deck":["Strike_R+1","Strike_R+1","Strike_R+1","Strike_R+1","Defend_R+1","Defend_R+1","Defend_R+1","Defend_R+1","Bash+1","Double Tap+1","Rampage+1","Headbutt","Shrug It Off+1","Limit Break+1","Cleave","Heavy Blade+1","Berserk+1","Flex+1","Twin Strike+1","Battle Trance+1","Body Slam+1","Rage+1","Disarm+1","Exhume+1","Iron Wave+1","Madness+1","Madness+1","Juggernaut+1","Inflame+1"],"relics":["Black Blood","ClockworkSouvenir","Toxic Egg 2","Lantern","White Beast Statue","Shuriken","Frozen Egg 2","Centennial Puzzle","Ginger","Red Mask","Anchor","Bag of Marbles","Akabeko","Oddly Smooth Stone","Ancient Tea Set","Velvet Choker","Lizard Tail","MerchantsRug","Singing Bowl","Happy Flower","TungstenRod","Orichalcum","Turnip","Pen Nib","Bottled Tornado","Torii","TheAbacus","Bag of Preparation","Red Skull"],"acts_visited":["Exordium","TheCity","TheBeyond","TheEnding"],"potions_floor_usage":[55,55,55],"damage_taken":[{"damage":1.0,"enemies":"Jaw Worm","floor":1.0,"turns":2.0},{"damage":0.0,"enemies":"2 Louse","floor":2.0,"turns":2.0},{"damage":0.0,"enemies":"Small Slimes","floor":4.0,"turns":3.0},{"damage":6.0,"enemies":"Exordium Wildlife","floor":5.0,"turns":3.0},{"damage":27.0,"enemies":"Lagavulin","floor":6.0,"turns":4.0},{"damage":22.0,"enemies":"3 Sentries","floor":8.0,"turns":8.0},{"damage":15.0,"enemies":"Lagavulin","floor":11.0,"turns":4.0},{"damage":1.0,"enemies":"2 Fungi Beasts","floor":12.0,"turns":3.0},{"damage":5.0,"enemies":"Looter","floor":14.0,"turns":3.0},{"damage":48.0,"enemies":"The Guardian","floor":16.0,"turns":8.0},{"damage":5.0,"enemies":"Chosen","floor":18.0,"turns":3.0},{"damage":15.0,"enemies":"Masked Bandits","floor":19.0,"turns":3.0},{"damage":10.0,"enemies":"Shell Parasite","floor":21.0,"turns":3.0},{"damage":10.0,"enemies":"Shelled Parasite and Fungi","floor":22.0,"turns":4.0},{"damage":7.0,"enemies":"Slavers","floor":23.0,"turns":4.0},{"damage":0.0,"enemies":"Snake Plant","floor":24.0,"turns":2.0},{"damage":10.0,"enemies":"Book of Stabbing","floor":27.0,"turns":3.0},{"damage":6.0,"enemies":"3 Cultists","floor":30.0,"turns":4.0},{"damage":0.0,"enemies":"Cultist and Chosen","floor":31.0,"turns":5.0},{"damage":28.0,"enemies":"Champ","floor":33.0,"turns":8.0},{"damage":0.0,"enemies":"Orb Walker","floor":35.0,"turns":3.0},{"damage":18.0,"enemies":"2 Orb Walkers","floor":36.0,"turns":5.0},{"damage":4.0,"enemies":"3 Shapes","floor":37.0,"turns":3.0},{"damage":1.0,"enemies":"Writhing Mass","floor":38.0,"turns":3.0},{"damage":41.0,"enemies":"Giant Head","floor":42.0,"turns":7.0},{"damage":10.0,"enemies":"Sphere and 2 Shapes","floor":44.0,"turns":3.0},{"damage":0.0,"enemies":"Mind Bloom Boss Battle","floor":48.0,"turns":2.0},{"damage":74.0,"enemies":"Donu and Deca","floor":50.0,"turns":7.0},{"damage":26,"enemies":"Shield and Spear","floor":54,"turns":5},{"damage":21,"enemies":"The Heart","floor":55,"turns":6}],"seed_played":"-1373606043720269679","potions_obtained":[{"floor":1.0,"key":"Swift Potion"},{"floor":2.0,"key":"SkillPotion"},{"floor":4.0,"key":"Ancient Potion"},{"floor":5.0,"key":"Energy Potion"},{"floor":6.0,"key":"DuplicationPotion"},{"floor":8.0,"key":"AttackPotion"},{"floor":11.0,"key":"Strength Potion"},{"floor":12.0,"key":"CultistPotion"},{"floor":19.0,"key":"SmokeBomb"},{"floor":21.0,"key":"Ancient Potion"},{"floor":22.0,"key":"HeartOfIron"},{"floor":23.0,"key":"Energy Potion"},{"floor":27.0,"key":"BlessingOfTheForge"},{"floor":30.0,"key":"Fire Potion"},{"floor":33.0,"key":"LiquidMemories"},{"floor":36.0,"key":"EssenceOfSteel"},{"floor":42.0,"key":"FearPotion"},{"floor":54,"key":"PowerPotion"}],"is_trial":false,"path_per_floor":["M","M","?","M","M","E","R","E","T","$","E","M","R","M","R","B",null,"M","?","?","M","M","E","M","R","T","E","R","$","M","M","R","B",null,"M","?","M","M","?","R","$","E","T","M","T","?","R","?","R","B",null,"R","$","E","B",null],"character_chosen":"IRONCLAD","items_purchased":["ClockworkSouvenir","Toxic Egg 2","Lantern","Matryoshka","White Beast Statue","Double Tap+1","Rampage","Ancient Tea Set","Juzu Bracelet","MerchantsRug","Juggernaut+1","Singing Bowl","Fruit Juice","Happy Flower","Torii","TheAbacus","Bag of Preparation"],"campfire_rested":0,"item_purchase_floors":[0,0,0,0,0,0,0,29,29,41,41,41,41,41,53,53,53],"current_hp_per_floor":[37,43,69,75,75,54,54,38,38,38,29,34,43,44,53,11,80,80,77,77,79,80,80,80,80,80,80,80,80,80,80,80,64,80,80,74,80,80,70,80,85,58,58,62,62,62,77,91,91,29,91,91,91,77,68],"gold":98,"neow_bonus":"","is_daily":false,"chose_seed":false,"campfire_upgraded":4,"win_rate":0.0,"timestamp":1614228025,"path_taken":["M","M","?","M","M","E","R","E","T","$","E","M","R","M","R","BOSS","M","?","?","M","M","E","M","R","T","E","R","$","M","M","R","BOSS","M","?","M","M","?","R","$","E","T","M","?","?","R","?","R","BOSS","R","$","E","BOSS"],"items_purchased_type":["Relic","Relic","Relic","Relic","Relic","Card","Card","Relic","Relic","Relic","Card","Relic","Potion","Relic","Relic","Relic","Relic"],"build_version":"2020-12-22","purchased_purges":1,"victory":true,"max_hp_per_floor":[80,80,80,80,80,80,80,80,80,80,80,80,80,80,80,80,80,80,80,80,80,80,80,80,80,80,80,80,80,80,80,80,80,80,80,80,80,80,80,80,85,87,87,89,89,89,89,91,91,91,91,91,91,91,91],"card_choices":[{"not_picked":["Armaments+1","Heavy Blade","Sword Boomerang"],"picked":"SKIP","floor":1.0},{"not_picked":["Warcry+1","Clash","Sever Soul"],"picked":"SKIP","floor":2.0},{"not_picked":["Warcry+1","Clash","Sever Soul"],"picked":"SKIP","floor":2.0},{"not_picked":["Pummel","Dual Wield+1"],"picked":"Headbutt","floor":4.0},{"not_picked":["Feel No Pain","Dual Wield+1"],"picked":"Shrug It Off+1","floor":5.0},{"not_picked":["Combust","Iron Wave"],"picked":"Limit Break+1","floor":6.0},{"not_picked":["Entrench+1","Clash","True Grit+1"],"picked":"SKIP","floor":8.0},{"not_picked":["Clothesline","Searing Blow","Flame Barrier+1"],"picked":"SKIP","floor":11.0},{"not_picked":["Hemokinesis","Armaments+1"],"picked":"Cleave","floor":12.0},{"not_picked":["Iron Wave","Clothesline"],"picked":"Heavy Blade","floor":14.0},{"not_picked":["Juggernaut+1","Bludgeon"],"picked":"Berserk+1","floor":16.0},{"not_picked":["Armaments+1","Ghostly Armor+1"],"picked":"Flex+1","floor":18.0},{"not_picked":["Intimidate+1","Flame Barrier+1"],"picked":"Twin Strike+1","floor":19.0},{"not_picked":["Second Wind+1","Feel No Pain+1","Shrug It Off+1"],"picked":"SKIP","floor":21.0},{"not_picked":["Havoc+1","Cleave","Pummel"],"picked":"SKIP","floor":22.0},{"not_picked":["Heavy Blade","Burning Pact+1"],"picked":"Battle Trance+1","floor":23.0},{"not_picked":["Wild Strike","Bloodletting+1","Corruption+1"],"picked":"Body Slam","floor":24.0},{"not_picked":["Demon Form+1","Body Slam","Pommel Strike"],"picked":"Rage+1","floor":27.0},{"not_picked":["Heavy Blade","Warcry+1","Carnage"],"picked":"Disarm+1","floor":30.0},{"not_picked":["Warcry+1","Blood for Blood+1","Heavy Blade","Infernal Blade+1"],"picked":"SKIP","floor":31.0},{"not_picked":["Impervious+1","Feed","Immolate"],"picked":"Exhume+1","floor":33.0},{"not_picked":["Thunderclap","Intimidate+1","Clothesline+1","Anger+1"],"picked":"SKIP","floor":35.0},{"not_picked":["Flame Barrier+1","Perfected Strike","Sever Soul"],"picked":"Iron Wave+1","floor":36.0},{"not_picked":["Pommel Strike","Body Slam","Dual Wield+1","Blood for Blood"],"picked":"SKIP","floor":37.0},{"not_picked":["Havoc+1","Thunderclap","Shrug It Off+1","Body Slam"],"picked":"SKIP","floor":38.0},{"not_picked":["Anger","Havoc+1","Hemokinesis+1","Sword Boomerang"],"picked":"Singing Bowl","floor":42.0},{"not_picked":["Fire Breathing+1","Reckless Charge+1","Headbutt","Hemokinesis"],"picked":"Singing Bowl","floor":44.0},{"not_picked":["Headbutt","Disarm+1","Perfected Strike+1","Iron Wave"],"picked":"Singing Bowl","floor":48.0},{"not_picked":["Infernal Blade+1","Fire Breathing+1"],"picked":"Inflame+1","floor":54}],"player_experience":1553598,"relics_obtained":[{"floor":6.0,"key":"Shuriken"},{"floor":8.0,"key":"Frozen Egg 2"},{"floor":9.0,"key":"MawBank"},{"floor":9.0,"key":"Eternal Feather"},{"floor":11.0,"key":"Centennial Puzzle"},{"floor":13.0,"key":"Ginger"},{"floor":19.0,"key":"Red Mask"},{"floor":23.0,"key":"Question Card"},{"floor":26.0,"key":"Anchor"},{"floor":26.0,"key":"Bag of Marbles"},{"floor":27.0,"key":"Akabeko"},{"floor":28.0,"key":"Oddly Smooth Stone"},{"floor":36.0,"key":"Lizard Tail"},{"floor":42.0,"key":"CeramicFish"},{"floor":45.0,"key":"TungstenRod"},{"floor":47.0,"key":"Orichalcum"},{"floor":48.0,"key":"Turnip"},{"floor":49.0,"key":"Pen Nib"},{"floor":52.0,"key":"Bottled Tornado"},{"floor":54,"key":"Red Skull"}],"event_choices":[{"damage_healed":26.0,"max_hp_gain":0.0,"max_hp_loss":0.0,"gold_gain":0.0,"event_name":"Big Fish","player_choice":"Banana","floor":3.0,"gold_loss":0.0,"damage_taken":0.0},{"damage_healed":0.0,"max_hp_gain":0.0,"max_hp_loss":0.0,"gold_gain":0.0,"event_name":"Masked Bandits","player_choice":"Fought Bandits","floor":19.0,"gold_loss":0.0,"damage_taken":0.0},{"damage_healed":0.0,"max_hp_gain":0.0,"max_hp_loss":0.0,"gold_gain":0.0,"event_name":"Back to Basics","player_choice":"Simplicity","floor":20.0,"gold_loss":0.0,"damage_taken":0.0,"cards_upgraded":["Strike_R","Strike_R","Strike_R","Strike_R","Defend_R","Defend_R","Defend_R","Defend_R"]},{"damage_healed":0.0,"max_hp_gain":0.0,"max_hp_loss":0.0,"gold_gain":0.0,"event_name":"Mysterious Sphere","player_choice":"Fight","floor":36.0,"gold_loss":0.0,"damage_taken":0.0},{"damage_healed":0.0,"max_hp_gain":0.0,"max_hp_loss":0.0,"gold_gain":0.0,"event_name":"Winding Halls","player_choice":"Embrace Madness","floor":39.0,"gold_loss":0.0,"damage_taken":10.0,"cards_obtained":["Madness","Madness"]},{"damage_healed":0.0,"max_hp_gain":0.0,"max_hp_loss":0.0,"gold_gain":222.0,"event_name":"Tomb of Lord Red Mask","player_choice":"Wore Mask","floor":46.0,"gold_loss":0.0,"damage_taken":0.0},{"damage_healed":0.0,"max_hp_gain":0.0,"max_hp_loss":0.0,"gold_gain":0.0,"event_name":"MindBloom","player_choice":"Fight","floor":48.0,"gold_loss":0.0,"damage_taken":0.0}],"is_beta":false,"boss_relics":[{"not_picked":["Fusion Hammer","Philosopher\u0027s Stone"],"picked":"Black Blood"},{"not_picked":["Runic Cube","Runic Dome"],"picked":"Velvet Choker"}],"items_purged_floors":[0],"is_endless":false,"potions_floor_spawned":[1,2,4,5,6,8,11,12,14,16,18,19,21,22,23,24,27,30,31,33,35,36,37,38,42,44,48,54],"ascension_level":0}}