{"host":"whe4vf9w0yuhsr02","time":1614248812,"event":{"mods":["AchievementEnabler","Act Like it!","BaseMod","Better Altar","Better Match","Better Note","Better Sensory Stone","Better Skull","Better Third Choice","Colored Map","Dark Map","Friendly Minions","Highlight Path","Hubris","Library of Ruina","Library of Ruina Extra","Lobotomy","LobotomyExtend","Minty Spire (QoL Compilation)","Poor People Problems","Quick Restart","Replay The Spire","StSLib","everything is the same but u backflip on backflip"],"gold_per_floor":[360,360,376,346,18,48,48,65,65,65,76,94,121,121,121,223,223,240,256,271,288,141,141,155,180,180,180,207,207,236,252,252,354,354,367,382,432,132,132,132,148,181,181,206,206,206,206,225,283,283,283],"floor_reached":52,"language":"ENG","playtime":1221,"items_purged":["RedAim"],"score":2012,"play_id":"9afe045e-855d-4e9d-8118-bc9048b71ecc","local_time":"20210225122652","is_ascension_mode":true,"campfire_choices":[{"data":"DegradedShockwave","floor":7,"key":"SMITH"},{"data":"Charge","floor":10,"key":"SMITH"},{"data":"DegradedPillar","floor":15,"key":"SMITH"},{"data":"DegradedPillar","floor":27,"key":"SMITH"},{"data":"DegradedFairy","floor":29,"key":"SMITH"},{"data":"DegradedFairy","floor":32,"key":"SMITH"},{"data":"DegradedChain","floor":40,"key":"SMITH"},{"floor":47,"key":"REST"}],"circlet_count":0,"master_deck":["DegradedFairy+1","DegradedFairy+1","DegradedFairy+1","DegradedChain+1","DegradedChain+1","DegradedLock+1","DegradedPillar+1","DegradedPillar+1","DegradedShockwave+1","Charge+1","GrazeTheGrass+1"],"relics":["PageOfLibrarian","LetterFromLob","Mango","Bag of Marbles","PageOfLumberjack","PageOfLittleHelper","Onion Ring","PageOfBigBird","PreservedInsect","MagicBullet_r","Strawberry","Matryoshka","Sundial","Garlic","hubris:VirtuousBlindfold","Prayer Wheel","Replay:Baseball","Guide Book","PageOfSnowWhitesApple","hubris:CrystalStatue","ReplayTheSpireMod:Lightbulb","Blood Vial"],"acts_visited":["Exordium","TheCity","TheBeyond"],"potions_floor_usage":[],"damage_taken":[{"damage":0,"enemies":"2 Louse","floor":1,"turns":1},{"damage":0,"enemies":"Small Slimes","floor":3,"turns":1},{"damage":0,"enemies":"Lagavulin","floor":6,"turns":2},{"damage":0,"enemies":"Cultist","floor":8,"turns":1},{"damage":0,"enemies":"Gremlin Gang","floor":11,"turns":1},{"damage":0,"enemies":"3 Louse","floor":12,"turns":1},{"damage":0,"enemies":"Gremlin Nob","floor":13,"turns":1},{"damage":0,"enemies":"Fading Forest","floor":16,"turns":10},{"damage":0,"enemies":"3 Byrds","floor":18,"turns":2},{"damage":0,"enemies":"Spheric Guardian","floor":19,"turns":1},{"damage":0,"enemies":"3 Cultists","floor":20,"turns":1},{"damage":0,"enemies":"Snake Plant","floor":21,"turns":1},{"damage":0,"enemies":"Shelled Parasite and Fungi","floor":24,"turns":1},{"damage":0,"enemies":"Gremlin Leader","floor":25,"turns":1},{"damage":0,"enemies":"Book of Stabbing","floor":28,"turns":1},{"damage":0,"enemies":"Replay:Snechameleon","floor":30,"turns":1},{"damage":0,"enemies":"Chosen and Byrds","floor":31,"turns":1},{"damage":0,"enemies":"Pondfish","floor":33,"turns":5},{"damage":20,"enemies":"Orb Walker","floor":35,"turns":1},{"damage":0,"enemies":"3 Shapes","floor":36,"turns":1},{"damage":0,"enemies":"Mind Bloom Boss Battle","floor":37,"turns":2},{"damage":0,"enemies":"Spire Growth","floor":41,"turns":1},{"damage":0,"enemies":"Reptomancer","floor":42,"turns":2},{"damage":0,"enemies":"R_Hoarder","floor":44,"turns":1},{"damage":0,"enemies":"Maw","floor":48,"turns":1},{"damage":20,"enemies":"Donu and Deca","floor":50,"turns":3},{"damage":0,"enemies":"Donu and Deca","floor":51,"turns":3}],"seed_played":"-1465927968141872581","potions_obtained":[{"floor":1,"key":"SkillPotion"},{"floor":4,"key":"Reflective Coating"},{"floor":4,"key":"Milkshake"},{"floor":16,"key":"Strength Potion"},{"floor":21,"key":"FearPotion"},{"floor":24,"key":"Explosive Potion"},{"floor":31,"key":"LiquidMemories"},{"floor":41,"key":"Flashbang"}],"is_trial":false,"path_per_floor":["M","?","M","?","$","E","R","M","T","R","M","M","E","$","R","B",null,"M","M","M","M","$","E","M","E","T","R","E","R","E","M","R","B",null,"M","M","?","$","?","R","M","E","T","E","?","?","R","M","R_BF","B",null,null],"character_chosen":"Librarian","items_purchased":["PageOfLumberjack","PreservedInsect","Replay:Baseball","Guide Book"],"campfire_rested":1,"item_purchase_floors":[5,22,38,38],"current_hp_per_floor":[54,44,44,44,44,44,44,44,44,44,44,44,44,44,44,52,91,91,91,91,91,91,91,91,98,98,98,98,98,98,98,98,98,108,88,88,88,88,88,88,88,88,88,88,88,88,105,105,105,87,89],"gold":283,"neow_bonus":"TWO_FIFTY_GOLD","is_daily":false,"chose_seed":false,"campfire_upgraded":7,"win_rate":0.0,"timestamp":1614248812,"path_taken":["M","?","M","?","$","E","R","M","T","R","?","M","E","$","R","BOSS","M","M","M","M","$","E","M","E","T","R","E","R","E","M","R","BOSS","M","?","?","$","?","R","M","E","T","E","?","?","R","M","R_BF","BOSS"],"items_purchased_type":["Relic","Relic","Relic","Relic"],"build_version":"2020-12-22","purchased_purges":1,"victory":true,"max_hp_per_floor":[90,104,104,104,104,104,104,104,104,104,104,104,104,104,104,104,104,104,104,104,104,104,104,104,111,111,111,111,111,111,111,111,111,111,111,111,111,111,111,111,111,111,111,111,105,105,105,105,105,105,105],"card_choices":[{"not_picked":["Overpower","Laceration","Gigigig","BladeWhirl","UnavoidableGaze","TendonChords","ClassAndRespect","Diversion","Parry"],"picked":"SKIP","floor":1},{"not_picked":["Leap_lor","Wallop_lor","EndlessBattle","Preparation","Unlock1","ClassAndRespect","Thrust","InnerArdor","StrongStrike"],"picked":"SKIP","floor":3},{"not_picked":["BindingArms","ForcefulGesture","FervidEmotions","StructuralAnalysis","Parry","BayonetCombat","Thrust","EnergyConversion","Concentration"],"picked":"SKIP","floor":6},{"not_picked":["RepressedFlesh","Diversion","GuardingStance","ClassAndRespect","SparkingSpear","AutomatedMovement","Concentration","MultiBlock","Unlock1"],"picked":"SKIP","floor":8},{"not_picked":["PreparedMind","Unlock1","ViolentFlame","IdentifyWeakpoint","Eliminate","TasteMyFlamingBat","SuppressingShot","FlowOfTheSword","SerpentSwordTechnique"],"picked":"SKIP","floor":11},{"not_picked":["Parry2","SharpSwipe","BackAttack","HiddenBlade","Ripple","SpearedSweep","RulesOfTheBackstreets","FrontalAssault","WildCard"],"picked":"SKIP","floor":12},{"not_picked":["CrackOfDawn","RagingStormLove","SparkingSpear","KeepItFresh","EndlessBattle","ICanCookAnything","FrontalAssault","BiteOff","QuickSuppression"],"picked":"SKIP","floor":13},{"not_picked":["DefenseOrder","Pound","BulkyImpact","SharpNails","WaitUp+1","StrongStrike","FleetEdge","SpearedSweep","GuidanceOfTheGears"],"picked":"SKIP","floor":18},{"not_picked":["SuppressingShot+1","BattleCommand","DesperateStruggle","WillBeTasty","ForTheFamily","KeepItFresh+1","LawAndOrder","Fence","Parry+1"],"picked":"SKIP","floor":19},{"not_picked":["QuickSuppression","EndlessBattle","Diversion","UpbeatPerformance","BurningFlash","Creak","Unlock1","ScatteringSlash","Guardian_lor"],"picked":"SKIP","floor":20},{"not_picked":["EnergyShield+1","EnergyStrike","SharpSwipe+1","YouOnlyLiveOnce+1","BiXi","DevastatingThrash+1","Diversion","CookingPrep"],"picked":"GrazeTheGrass+1","floor":21},{"not_picked":["PreparedMind+1","AsThePrescriptOrders","ForTheFamily","FleetEdge","SkyClearingCut+1","UpbeatPerformance+1","SerpentSwordTechnique","AlloutWar+1","DestructiveImpact"],"picked":"SKIP","floor":24},{"not_picked":["Eradication","StrongStrike","SweepTheBackstreets","UnavoidableGaze+1","PinpointShot","AutomatedMovement","CumulusWall","AsThePrescriptOrders","DefenseOrder"],"picked":"SKIP","floor":25},{"not_picked":["LeRegole","FormingStorm","Castigation","SilentMist","TraceOfFumes","MultiHit","ClassAndRespect+1","GuidanceOfTheGears"],"picked":"Unlock1+1","floor":28},{"not_picked":["GroundSmash","PuppetBlockade+1","MultiBlock","BayonetCombat+1","Pound","GrazeTheGrass","UnavoidableGaze+1","SnakesPrey","InkOver"],"picked":"SKIP","floor":30},{"not_picked":["StrongStrike","SilentMist","FierceCharge","PreemptiveStrike","Parry+1","ViolentFlame","GuardingStance","WillOfThePrescript","BladeWhirl"],"picked":"SKIP","floor":31},{"not_picked":["StructuralAnalysis+1","Leap_lor","CoordinatedAssault","FleetEdge","ExtremeEdge+1","DefenseOrder","WillOfThePrescript","HighKick+1","AGoldenOpportunity+1"],"picked":"SKIP","floor":35},{"not_picked":["EndlessBattle+1","Reload","ReadyUp","LeRegole","GrazeTheGrass","MultiBlock+1","StrikeDown","Track","SnakesPrey+1"],"picked":"SKIP","floor":36},{"not_picked":["HiddenBlade","Preparation+1","Thrust+1","FervidEmotions+1","FlashOfSunup","Overpower","BiAn","Parry","IllEndYou"],"picked":"SKIP","floor":41},{"not_picked":["Wallop_lor","GrazeTheGrass+1","PinpointShot","Endure+1","AsThePrescriptOrders+1","Tailoring+1","LeRegole","FocusFire+1","Rewind+1"],"picked":"SKIP","floor":41},{"not_picked":["Thirst","DestructiveImpact","DefenseOrder+1","EnergyCycle","QuickSuppression+1","WillOfThePrescript","StrongStrike","Juggling+1","StructuralAnalysis"],"picked":"SKIP","floor":42},{"not_picked":["HighKick+1","QuickAttack+1","Wallop_lor+1","FieryDragonSlash","ChargeUp","Tailoring+1","Decapitation","ChiWen","QuickSuppression+1"],"picked":"SKIP","floor":44},{"not_picked":["Multislash","ShrineToMusic+1","Outburst","CoordinatedAssault+1","VioletBlade","FlashingStrike","SnakesPrey+1","DesperateStruggle+1","ScatteringSlash+1"],"picked":"SKIP","floor":48},{"not_picked":["Parry","QuickAttack","BulkyImpact","Fence+1","Ripple","MultiBlock+1","Tttonst","Thrust+1","Faith"],"picked":"SKIP","floor":48}],"player_experience":523062,"relics_obtained":[{"floor":1,"key":"LetterFromLob"},{"floor":6,"key":"PageOfLittleHelper"},{"floor":9,"key":"Onion Ring"},{"floor":13,"key":"PageOfBigBird"},{"floor":25,"key":"Strawberry"},{"floor":26,"key":"Matryoshka"},{"floor":28,"key":"Sundial"},{"floor":30,"key":"Garlic"},{"floor":37,"key":"Prayer Wheel"},{"floor":42,"key":"PageOfSnowWhitesApple"},{"floor":43,"key":"hubris:CrystalStatue"},{"floor":43,"key":"ReplayTheSpireMod:Lightbulb"},{"floor":44,"key":"Blood Vial"}],"event_choices":[{"damage_healed":0,"gold_gain":1,"player_choice":"Relic Relic ","damage_taken":24,"max_hp_gain":0,"max_hp_loss":0,"event_name":"betterThird:BetterScrap","floor":2,"gold_loss":0,"cards_obtained":["Lockon"]},{"damage_healed":0,"gold_gain":0,"player_choice":"Bought 2 Potions","damage_taken":0,"max_hp_gain":0,"max_hp_loss":0,"event_name":"The Woman in Blue","floor":4,"gold_loss":0},{"damage_healed":0,"gold_gain":0,"player_choice":"Fight","damage_taken":0,"max_hp_gain":0,"max_hp_loss":0,"event_name":"MindBloom","floor":37,"gold_loss":0},{"cards_removed":["Unlock1"],"damage_healed":0,"gold_gain":0,"player_choice":"Removed Attack","damage_taken":0,"max_hp_gain":0,"max_hp_loss":0,"event_name":"Falling","floor":39,"gold_loss":0},{"damage_healed":0,"gold_gain":0,"player_choice":"Max HP","damage_taken":0,"max_hp_gain":0,"max_hp_loss":6,"event_name":"Winding Halls","floor":45,"gold_loss":0},{"damage_healed":0,"gold_gain":0,"player_choice":"Upgraded","damage_taken":0,"max_hp_gain":0,"max_hp_loss":0,"event_name":"Upgrade Shrine","floor":46,"gold_loss":0,"cards_upgraded":["DegradedLock"]}],"is_beta":false,"boss_relics":[{"not_picked":["hubris:GrandSneckoEye","Replay:Drink Me","Abe\u0027s Treasure"]},{"not_picked":["hubris:ScarierMask","Snecko Eye"],"picked":"hubris:VirtuousBlindfold"}],"items_purged_floors":[5],"is_endless":false,"potions_floor_spawned":[1,11,16,21,24,30,31,37,41,42],"ascension_level":7}}