{"host":"363rf8rl7gb9fsj6","time":1614276897,"event":{"mods":["BaseMod","Minty Spire (QoL Compilation)"],"gold_per_floor":[114,127,139,151,151,185,201,201,250,283,303,303,337,349,349,453,453,470,485,495,505,517,517,517],"floor_reached":23,"language":"DEU","playtime":1760,"items_purged":[],"score":230,"play_id":"ee3cd59c-59f8-466d-926b-f61bc73087e5","local_time":"20210225191457","is_ascension_mode":true,"campfire_choices":[{"floor":8,"key":"DIG"},{"floor":12,"key":"REST"},{"floor":15,"key":"DIG"}],"circlet_count":0,"master_deck":["Strike_R","Strike_R","Strike_R","Strike_R","Strike_R","Defend_R","Defend_R","Defend_R","Defend_R","Bash","Metallicize","Power Through","Feel No Pain","Immolate","Anger","Shrug It Off","Anger","Barricade","Intimidate","Offering","CurseOfTheBell","Flex+1","Second Wind+1","Offering+1"],"relics":["Burning Blood","Shovel","Singing Bowl","Toy Ornithopter","MealTicket","Lantern","Gambling Chip","Calling Bell","Pen Nib","Toxic Egg 2","Lizard Tail"],"acts_visited":["Exordium","TheCity"],"potions_floor_usage":[6,10,10,13,16,20,22],"damage_taken":[{"damage":6,"enemies":"2 Louse","floor":1,"turns":2},{"damage":4,"enemies":"Cultist","floor":2,"turns":4},{"damage":7,"enemies":"Jaw Worm","floor":3,"turns":5},{"damage":9,"enemies":"3 Louse","floor":4,"turns":9},{"damage":31,"enemies":"Lagavulin","floor":6,"turns":8},{"damage":4,"enemies":"Blue Slaver","floor":7,"turns":4},{"damage":37,"enemies":"Gremlin Nob","floor":10,"turns":6},{"damage":12,"enemies":"Large Slime","floor":11,"turns":7},{"damage":13,"enemies":"3 Sentries","floor":13,"turns":7},{"damage":0,"enemies":"2 Fungi Beasts","floor":14,"turns":4},{"damage":16,"enemies":"Hexaghost","floor":16,"turns":16},{"damage":11,"enemies":"2 Thieves","floor":18,"turns":4},{"damage":14,"enemies":"Shell Parasite","floor":19,"turns":4},{"damage":40,"enemies":"Shelled Parasite and Fungi","floor":20,"turns":7},{"damage":31,"enemies":"Snecko","floor":21,"turns":6},{"damage":22,"enemies":"Centurion and Healer","floor":22,"turns":14},{"damage":71,"enemies":"3 Cultists","floor":23,"turns":6}],"seed_played":"-7962616968364080174","potions_obtained":[{"floor":1,"key":"Explosive Potion"},{"floor":3,"key":"Strength Potion"},{"floor":6,"key":"DuplicationPotion"},{"floor":10,"key":"Ancient Potion"},{"floor":13,"key":"Swift Potion"},{"floor":18,"key":"LiquidMemories"},{"floor":21,"key":"Dexterity Potion"}],"is_trial":false,"path_per_floor":["M","M","M","M","?","E","M","R","T","E","M","R","E","M","R","B",null,"M","M","M","M","M","M"],"character_chosen":"IRONCLAD","items_purchased":[],"campfire_rested":1,"item_purchase_floors":[],"current_hp_per_floor":[88,88,87,84,84,59,61,61,61,42,36,63,61,67,67,62,90,85,77,50,25,16,0,0],"gold":517,"neow_bonus":"TEN_PERCENT_HP_BONUS","is_daily":false,"chose_seed":false,"campfire_upgraded":0,"win_rate":0.0,"timestamp":1614276897,"path_taken":["M","M","M","M","?","E","M","R","T","E","?","R","E","M","R","BOSS","M","M","M","M","?","M"],"items_purchased_type":[],"build_version":"2020-12-22","purchased_purges":0,"victory":false,"max_hp_per_floor":[88,88,88,88,88,88,88,88,88,90,90,90,90,90,90,90,90,90,90,92,92,94,94,94],"card_choices":[{"not_picked":["Disarm","Entrench"],"picked":"Metallicize","floor":1},{"not_picked":["Twin Strike","Infernal Blade","Wild Strike"],"picked":"SKIP","floor":2},{"not_picked":["Headbutt","Heavy Blade"],"picked":"Power Through","floor":3},{"not_picked":["Thunderclap","Fire Breathing"],"picked":"Feel No Pain","floor":4},{"not_picked":["Berserk","Spot Weakness"],"picked":"Anger","floor":6},{"not_picked":["Rampage","Evolve"],"picked":"Shrug It Off","floor":7},{"not_picked":["Pommel Strike","Evolve","Wild Strike"],"picked":"Singing Bowl","floor":10},{"not_picked":["Clothesline","Havoc"],"picked":"Anger","floor":11},{"not_picked":["Corruption","Clothesline"],"picked":"Barricade","floor":13},{"not_picked":["Thunderclap","Evolve"],"picked":"Intimidate","floor":14},{"not_picked":["Berserk","Corruption"],"picked":"Offering","floor":16},{"not_picked":["Thunderclap","Heavy Blade"],"picked":"Flex+1","floor":18},{"not_picked":["Body Slam","Hemokinesis+1"],"picked":"Second Wind+1","floor":19},{"not_picked":["Evolve","Wild Strike+1","Havoc+1"],"picked":"Singing Bowl","floor":20},{"not_picked":["Anger","Shrug It Off+1"],"picked":"Offering+1","floor":21},{"not_picked":["Pommel Strike","Armaments+1","Havoc+1"],"picked":"Singing Bowl","floor":22}],"player_experience":56107,"relics_obtained":[{"floor":6,"key":"Shovel"},{"floor":8,"key":"Singing Bowl"},{"floor":9,"key":"Toy Ornithopter"},{"floor":10,"key":"MealTicket"},{"floor":13,"key":"Lantern"},{"floor":15,"key":"Gambling Chip"},{"floor":17,"key":"Pen Nib"},{"floor":17,"key":"Toxic Egg 2"},{"floor":17,"key":"Lizard Tail"}],"event_choices":[{"damage_healed":0,"gold_gain":0,"player_choice":"1 cards matched","damage_taken":0,"max_hp_gain":0,"max_hp_loss":0,"event_name":"Match and Keep!","floor":5,"gold_loss":0,"cards_obtained":["Immolate"]}],"is_beta":false,"boss_relics":[{"not_picked":["Snecko Eye","SacredBark"],"picked":"Calling Bell"}],"items_purged_floors":[],"is_endless":false,"potions_floor_spawned":[1,3,6,10,13,18,21],"killed_by":"3 Cultists","ascension_level":1}}