{"host":"Yun Zhang","time":1614258812,"event":{"mods":["BaseMod","Minty Spire (QoL Compilation)","Reimu£®≤©¿ˆ¡È√Œ£©","StSLib"],"gold_per_floor":[114,114,114,19,19,19,62,78,101,132,97,110,133,164,164,290,290,303,263,281,301,301,301,314,314,314,314,314,328,344,412,412,535,535,559,481,481,496,520,520,520],"floor_reached":40,"language":"ZHS","playtime":3122,"items_purged":[],"score":504,"play_id":"864611d4-4fd1-41a7-8890-2a986b4a5505","local_time":"20210225211332","is_ascension_mode":true,"campfire_choices":[{"data":"UniversalSpiritual:ReiMu","floor":6.0,"key":"SMITH"},{"floor":15.0,"key":"REST"},{"floor":23.0,"key":"REST"},{"floor":25.0,"key":"REST"},{"floor":27.0,"key":"REST"},{"floor":32.0,"key":"REST"}],"circlet_count":0,"master_deck":["Strike_Lin:ReiMu","Strike_Lin:ReiMu","Strike_Lin:ReiMu","Strike_Lin:ReiMu","Defend_Lin:ReiMu","Defend_Lin:ReiMu","Defend_Lin:ReiMu","Defend_Lin:ReiMu","NB:ReiMu","Stagnation:ReiMu","SpiritualOutbreak2:ReiMu","UniversalSpiritual:ReiMu+1","Conquer:ReiMu","Crusade:ReiMu","SubcavityInstant:ReiMu","CareerPray:ReiMu","SpiritualOutbreak2:ReiMu","Mountainwind:ReiMu+1","FoulBorder2:ReiMu","KamiRite:ReiMu+1","KyokaiOfKami:ReiMu","KamiSacrifice:ReiMu","Enchanting:ReiMu","YinYangSange:ReiMu","SafetyPray:ReiMu","SubcavityFantasy:ReiMu","CareerPray:ReiMu+1","FantasyBorder:ReiMu","SpreadBorder2:ReiMu","PayForSelf:ReiMu+1"],"relics":["ShineYinYang:ReiMu","NeowsBlessing","Golden Idol","Bottled Flame","Blood Vial","Pantograph","FadedRune:ReiMu","MealTicket","Regal Pillow","Runic Pyramid","Mango"],"acts_visited":["Exordium","TheCity","TheBeyond"],"potions_floor_usage":[],"damage_taken":[{"damage":0.0,"enemies":"Small Slimes","floor":1.0,"turns":1.0},{"damage":0.0,"enemies":"Gremlin Nob","floor":7.0,"turns":1.0},{"damage":0.0,"enemies":"Jaw Worm","floor":8.0,"turns":1.0},{"damage":22.0,"enemies":"Lagavulin","floor":10.0,"turns":8.0},{"damage":4.0,"enemies":"Cultist","floor":12.0,"turns":4.0},{"damage":2.0,"enemies":"Gremlin Gang","floor":13.0,"turns":2.0},{"damage":13.0,"enemies":"3 Sentries","floor":14.0,"turns":3.0},{"damage":56.0,"enemies":"The Guardian","floor":16.0,"turns":11.0},{"damage":18.0,"enemies":"2 Thieves","floor":18.0,"turns":4.0},{"damage":20.0,"enemies":"Spheric Guardian","floor":20.0,"turns":6.0},{"damage":44.0,"enemies":"Cultist and Chosen","floor":21.0,"turns":7.0},{"damage":28.0,"enemies":"Snake Plant","floor":24.0,"turns":5.0},{"damage":21.0,"enemies":"Centurion and Healer","floor":29.0,"turns":8.0},{"damage":27.0,"enemies":"Sentry and Sphere","floor":30.0,"turns":7.0},{"damage":29.0,"enemies":"Champ","floor":33.0,"turns":21.0},{"damage":12.0,"enemies":"Orb Walker","floor":35.0,"turns":5.0},{"damage":59,"enemies":"3 Darklings","floor":38,"turns":8},{"damage":14,"enemies":"Jaw Worm Horde","floor":39,"turns":4},{"damage":3,"enemies":"Reptomancer","floor":40,"turns":2}],"seed_played":"6995239464979475205","potions_obtained":[{"floor":10.0,"key":"LiquidBronze"},{"floor":13.0,"key":"FearPotion"},{"floor":16.0,"key":"Swift Potion"},{"floor":20.0,"key":"FairyPotion"},{"floor":29.0,"key":"Fruit Juice"}],"is_trial":false,"path_per_floor":["M","?","?","$","$","R","E","M","T","E","$","M","M","E","R","B",null,"M","?","M","M","?","R","M","R","T","R","?","M","M","T","R","B",null,"M","$","?","M","M","E"],"character_chosen":"REIMU","items_purchased":["UniversalSpiritual:ReiMu","Conquer:ReiMu","SpiritualOutbreak2:ReiMu","FantasyBorder:ReiMu"],"campfire_rested":5,"item_purchase_floors":[4,4,11,36],"current_hp_per_floor":[65,65,49,49,49,49,49,49,49,29,29,27,27,16,35,6,65,47,47,29,8,8,27,1,20,20,54,54,40,15,15,51,41,70,58,70,84,25,13,12,12],"gold":520,"neow_bonus":"THREE_ENEMY_KILL","is_daily":false,"chose_seed":false,"campfire_upgraded":1,"win_rate":0.0,"timestamp":1614258812,"path_taken":["M","?","?","?","$","R","E","?","T","E","$","M","M","E","R","BOSS","M","?","M","?","?","R","M","R","T","R","?","M","M","?","R","BOSS","M","$","?","M","M","E"],"items_purchased_type":["Card","Card","Card","Card"],"build_version":"2020-12-18","purchased_purges":0,"victory":false,"max_hp_per_floor":[65,65,65,65,65,65,65,65,65,65,65,65,65,65,65,65,65,65,65,65,65,65,65,65,65,65,65,65,70,70,70,70,70,70,70,70,84,84,84,84,84],"card_choices":[{"not_picked":["TightArray:ReiMu","AlertArray:ReiMu"],"picked":"SpiritualOutbreak2:ReiMu","floor":1.0},{"not_picked":["TightArray:ReiMu","RunawayExorcism:ReiMu"],"picked":"Crusade:ReiMu","floor":7.0},{"not_picked":["RainPray2:ReiMu","AlertArray:ReiMu"],"picked":"SubcavityInstant:ReiMu","floor":8.0},{"not_picked":["SafetyPray:ReiMu","LovePray:ReiMu"],"picked":"CareerPray:ReiMu","floor":10.0},{"not_picked":["AirStrike:ReiMu","Enchanting:ReiMu"],"picked":"Mountainwind:ReiMu","floor":12.0},{"not_picked":["Meditation:ReiMu","Amulet:ReiMu"],"picked":"FoulBorder2:ReiMu","floor":13.0},{"not_picked":["ForcedLanding:ReiMu","ManaGlint:ReiMu"],"picked":"KamiRite:ReiMu","floor":14.0},{"not_picked":["Determination:ReiMu","YinYang:ReiMu"],"picked":"KyokaiOfKami:ReiMu","floor":16.0},{"not_picked":["TightArray:ReiMu+1","NineCharacters:ReiMu+1"],"picked":"CareerPray:ReiMu","floor":18.0},{"not_picked":["UpKicking:ReiMu","TightArray:ReiMu"],"picked":"KamiSacrifice:ReiMu","floor":20.0},{"not_picked":["RainPray2:ReiMu+1","Meditation:ReiMu","SpringWay:ReiMu"],"picked":"SKIP","floor":21.0},{"not_picked":["PrepareRite:ReiMu","CareerPray:ReiMu"],"picked":"Enchanting:ReiMu","floor":24.0},{"not_picked":["TightArray:ReiMu","Enchanting:ReiMu"],"picked":"YinYangSange:ReiMu","floor":29.0},{"not_picked":["UpKicking:ReiMu","RainPray2:ReiMu"],"picked":"SafetyPray:ReiMu","floor":30.0},{"not_picked":["PrayRite:ReiMu","Shading:ReiMu"],"picked":"SubcavityFantasy:ReiMu","floor":33.0},{"not_picked":["OrbThrow:ReiMu","EmergencyTakeOff:ReiMu+1"],"picked":"CareerPray:ReiMu+1","floor":35.0},{"not_picked":["TightArray:ReiMu+1","Dreaming2:ReiMu+1"],"picked":"SpreadBorder2:ReiMu","floor":38},{"not_picked":["PhosphorusFlame:ReiMu","Gathering:ReiMu"],"picked":"PayForSelf:ReiMu+1","floor":39}],"player_experience":327896,"relics_obtained":[{"floor":7.0,"key":"Bottled Flame"},{"floor":9.0,"key":"Blood Vial"},{"floor":10.0,"key":"Pantograph"},{"floor":14.0,"key":"FadedRune:ReiMu"},{"floor":26.0,"key":"Regal Pillow"}],"event_choices":[{"damage_healed":0.0,"max_hp_gain":0.0,"max_hp_loss":0.0,"gold_gain":0.0,"event_name":"Golden Wing","player_choice":"Ignored","floor":2.0,"gold_loss":0.0,"damage_taken":0.0},{"damage_healed":0.0,"max_hp_gain":0.0,"max_hp_loss":0.0,"gold_gain":0.0,"event_name":"Golden Idol","player_choice":"Take Damage","floor":3.0,"gold_loss":0.0,"damage_taken":16.0,"relics_obtained":["Golden Idol"]},{"damage_healed":0.0,"max_hp_gain":0.0,"max_hp_loss":0.0,"gold_gain":0.0,"event_name":"Designer","player_choice":"Upgraded Two","floor":19.0,"gold_loss":40.0,"damage_taken":0.0,"cards_upgraded":["Mountainwind:ReiMu","KamiRite:ReiMu"]},{"damage_healed":0.0,"max_hp_gain":0.0,"max_hp_loss":0.0,"gold_gain":0.0,"event_name":"The Mausoleum","player_choice":"Opened","floor":22.0,"gold_loss":0.0,"damage_taken":0.0,"relics_obtained":["MealTicket"]},{"damage_healed":0.0,"max_hp_gain":0.0,"max_hp_loss":0.0,"gold_gain":0.0,"event_name":"Ghosts","player_choice":"Ignored","floor":28.0,"gold_loss":0.0,"damage_taken":0.0},{"cards_removed":["CareerPray:ReiMu"],"damage_healed":0.0,"max_hp_gain":0.0,"max_hp_loss":0.0,"gold_gain":0.0,"event_name":"WeMeetAgain","player_choice":"Gave Card","floor":37.0,"gold_loss":0.0,"damage_taken":0.0,"relics_obtained":["Mango"]}],"is_beta":true,"boss_relics":[{"not_picked":["Philosopher\u0027s Stone","Tiny House"],"picked":"ShineYinYang:ReiMu"},{"not_picked":["Velvet Choker","Coffee Dripper"],"picked":"Runic Pyramid"}],"items_purged_floors":[],"is_endless":false,"potions_floor_spawned":[10,13,16,20,29],"killed_by":"Reptomancer","ascension_level":1}}