{"host":"iml8x8es9od4zowg","time":1614240278,"event":{"mods":["2.2 Compatiblity","BaseMod","Minty Spire (QoL Compilation)","StSLib","The Jungle","¡¼?Úª?ø«¡½REMEMod"],"gold_per_floor":[115,125,50,50,50,107,126,194,194,225,225,250,276,20,20,119,119,145,145,177,52,85,85,105,132,132,162,12,12,47,66,66,169,169,182,233,253,78,78,78,78,78,147,176,176,213,231,31,31,31,31,31,31,59,77],"floor_reached":56,"language":"KOR","playtime":2750,"items_purged":["Headbutt","Headbutt","Pommel Strike","Headbutt","Cleave","Pommel Strike"],"score":1907,"play_id":"d668d974-6fa6-4e83-9e97-4c22cdc8733e","local_time":"20210225170438","daily_mods":["Draft","Heirloom","Flight","DeadlyEvents","Elite Swarm"],"is_ascension_mode":true,"campfire_choices":[{"data":"Body Slam","floor":11,"key":"SMITH"},{"data":"Limit Break","floor":15,"key":"SMITH"},{"floor":23,"key":"RECALL"},{"data":"Body Slam","floor":29,"key":"SMITH"},{"data":"Flex","floor":32,"key":"SMITH"},{"data":"Armaments","floor":40,"key":"SMITH"},{"data":"Armaments","floor":42,"key":"SMITH"},{"data":"REME_ACTH","floor":49,"key":"SMITH"},{"data":"REME_ACTH","floor":52,"key":"SMITH"}],"circlet_count":0,"master_deck":["Shrug It Off","Inflame","Armaments+1","Body Slam+1","Clash","Clash","Body Slam+1","Warcry","Bloodletting","Armaments+1","Flex+1","Warcry","Limit Break+1","Offering","REME_ACTH+1","REME_ACTH+1","Reaper","REME_ACTH","Warcry+1","Flex","Swift Strike","Flash of Steel","REME_ACTH"],"relics":["Unceasing Top","REME_ComplimentaryCards","TungstenRod","REME_ArchaeologicalTools","Ice Cream","Shuriken","Mummified Hand","Bottled Flame","REME_IWantAll","Pear","Dream Catcher","Kunai","Strawberry","Matryoshka","Calipers","Question Card","Philosopher\u0027s Stone","FossilizedHelix","Mercury Hourglass","Charon\u0027s Ashes","Boot","StrikeDummy"],"acts_visited":["Exordium","Exordium","TheBeyond","TheEnding"],"potions_floor_usage":[8,55,55],"damage_taken":[{"damage":0,"enemies":"Cultist","floor":1,"turns":2},{"damage":2,"enemies":"2 Louse","floor":2,"turns":1},{"damage":2,"enemies":"Gremlin Nob","floor":6,"turns":1},{"damage":0,"enemies":"Jaw Worm","floor":7,"turns":1},{"damage":0,"enemies":"Lagavulin","floor":8,"turns":3},{"damage":0,"enemies":"Gremlin Nob","floor":10,"turns":1},{"damage":2,"enemies":"3 Sentries","floor":12,"turns":2},{"damage":0,"enemies":"Lagavulin","floor":13,"turns":4},{"damage":7,"enemies":"Slime Boss","floor":16,"turns":1},{"damage":7,"enemies":"theJungle:GiantWrat","floor":18,"turns":2},{"damage":7,"enemies":"theJungle:MamaSnecko","floor":20,"turns":3},{"damage":9,"enemies":"theJungle:2_Phrogs","floor":22,"turns":2},{"damage":5,"enemies":"theJungle:Flameango_and_Byrd","floor":24,"turns":1},{"damage":7,"enemies":"theJungle:MamaSnecko","floor":25,"turns":1},{"damage":7,"enemies":"theJungle:2_Phrogs","floor":27,"turns":2},{"damage":7,"enemies":"theJungle:MamaSnecko","floor":30,"turns":1},{"damage":2,"enemies":"theJungle:2_Snecko_Cultists","floor":31,"turns":2},{"damage":9,"enemies":"theJungle:FunGuy","floor":33,"turns":1},{"damage":2,"enemies":"3 Shapes","floor":35,"turns":1},{"damage":9,"enemies":"2 Orb Walkers","floor":36,"turns":1},{"damage":0,"enemies":"Orb Walker","floor":37,"turns":1},{"damage":4,"enemies":"Nemesis","floor":44,"turns":1},{"damage":2,"enemies":"Reptomancer","floor":46,"turns":1},{"damage":2,"enemies":"Writhing Mass","floor":47,"turns":1},{"damage":73,"enemies":"Time Eater","floor":50,"turns":5},{"damage":7,"enemies":"Shield and Spear","floor":54,"turns":1},{"damage":44,"enemies":"The Heart","floor":55,"turns":4}],"seed_played":"-517917540756085637","potions_obtained":[{"floor":6,"key":"REME_GoldPotion"},{"floor":12,"key":"BloodPotion"},{"floor":13,"key":"ElixirPotion"},{"floor":16,"key":"Swift Potion"},{"floor":25,"key":"PowerPotion"}],"is_trial":true,"path_per_floor":["M","M","$","?","$","E","M","E","T","E","R","E","E","$","R","B",null,"M","?","E","$","E","R","M","E","T","E","$","R","E","M","R","B",null,"M","?","M","$","?","R","$","R","T","E","?","E","M","$","R","B",null,"R","$","E","B",null],"character_chosen":"IRONCLAD","items_purchased":["Offering"],"campfire_rested":0,"item_purchase_floors":[14],"current_hp_per_floor":[80,78,78,69,69,67,67,67,67,67,67,65,75,75,75,68,90,83,83,76,76,67,67,83,93,93,95,95,95,97,95,95,95,97,97,97,97,97,97,97,97,97,97,97,88,97,95,95,95,43,97,97,97,97,53],"gold":77,"neow_bonus":"","is_daily":false,"chose_seed":false,"campfire_upgraded":8,"win_rate":0.0,"timestamp":1614240278,"path_taken":["M","?","$","?","$","E","?","E","T","E","R","E","?","$","R","BOSS","M","?","?","$","?","R","?","?","T","?","$","R","E","?","R","BOSS","M","?","?","$","?","R","?","R","T","?","?","E","?","$","R","BOSS","R","$","E","BOSS"],"items_purchased_type":["Card"],"build_version":"2020-12-22","purchased_purges":6,"victory":true,"max_hp_per_floor":[80,80,80,80,80,80,80,80,80,80,80,80,90,90,90,90,90,90,90,90,90,90,90,90,97,97,97,97,97,97,97,97,97,97,97,97,97,97,97,97,97,97,97,97,97,97,97,97,97,97,97,97,97,97,97],"card_choices":[{"not_picked":["Twin Strike","Warcry"],"picked":"Shrug It Off","floor":0},{"not_picked":["Armaments","Warcry"],"picked":"Inflame","floor":0},{"not_picked":["Perfected Strike","Wild Strike"],"picked":"Headbutt","floor":0},{"not_picked":["Shockwave","Twin Strike"],"picked":"Pommel Strike","floor":0},{"not_picked":["Whirlwind","Cleave"],"picked":"Armaments","floor":0},{"not_picked":["Cleave","Combust"],"picked":"Body Slam","floor":0},{"not_picked":["Cleave","True Grit"],"picked":"Clash","floor":0},{"not_picked":["True Grit","Sword Boomerang"],"picked":"Clash","floor":0},{"not_picked":["Anger","Iron Wave"],"picked":"Cleave","floor":0},{"not_picked":["Thunderclap","Wild Strike"],"picked":"Headbutt","floor":0},{"not_picked":["Carnage","Thunderclap"],"picked":"Body Slam","floor":0},{"not_picked":["Headbutt","Sword Boomerang"],"picked":"Warcry","floor":0},{"not_picked":["Havoc","Iron Wave"],"picked":"Pommel Strike","floor":0},{"not_picked":["Iron Wave","Sever Soul"],"picked":"Headbutt","floor":0},{"not_picked":["Cleave","Thunderclap"],"picked":"Bloodletting","floor":0},{"not_picked":["Spot Weakness","Bloodletting"],"picked":"Flex","floor":1},{"not_picked":["Perfected Strike","Armaments"],"picked":"Warcry","floor":2},{"not_picked":["Berserk","Corruption"],"picked":"Limit Break","floor":6},{"not_picked":["Combust","Sentinel","Rampage"],"picked":"SKIP","floor":7},{"not_picked":["Immolate","Demon Form","Berserk"],"picked":"SKIP","floor":8},{"not_picked":["Impervious","Bludgeon","REME_TheLastStrike"],"picked":"SKIP","floor":10},{"not_picked":["Immolate","Impervious","Fiend Fire"],"picked":"SKIP","floor":12},{"not_picked":["Limit Break","Barricade","Fiend Fire"],"picked":"SKIP","floor":13},{"not_picked":["Immolate","Barricade"],"picked":"REME_ACTH","floor":16},{"not_picked":["Power Through","Bloodletting","Pommel Strike"],"picked":"SKIP","floor":18},{"not_picked":["Limit Break","Offering"],"picked":"REME_ACTH","floor":20},{"not_picked":["Demon Form","Offering"],"picked":"Reaper","floor":22},{"not_picked":["Twin Strike+1","Cleave","Iron Wave+1"],"picked":"SKIP","floor":24},{"not_picked":["Berserk","Barricade"],"picked":"REME_ACTH","floor":25},{"not_picked":["Double Tap","REME_Fury","Corruption"],"picked":"SKIP","floor":27},{"not_picked":["Double Tap","REME_Fury","Corruption"],"picked":"SKIP","floor":27},{"not_picked":["Immolate","Impervious","Feed"],"picked":"SKIP","floor":30},{"not_picked":["Pommel Strike+1","Wild Strike+1","Metallicize"],"picked":"Warcry+1","floor":31},{"not_picked":["Flame Barrier","Clothesline+1","Battle Trance","Iron Wave"],"picked":"SKIP","floor":35},{"not_picked":["Clothesline+1","Havoc+1","True Grit+1"],"picked":"Flex","floor":37},{"not_picked":["Barricade","Juggernaut","Double Tap","Immolate"],"picked":"SKIP","floor":44},{"not_picked":["REME_EyeOfCthun","REME_ShortnessOfBreath","Magnetism"],"picked":"Swift Strike","floor":45},{"not_picked":["Secret Technique","REME_ShortnessOfBreath","Jack Of All Trades"],"picked":"Flash of Steel","floor":45},{"not_picked":["Corruption","Demon Form","Berserk","Impervious"],"picked":"SKIP","floor":46},{"not_picked":["Fire Breathing+1","Twin Strike","Power Through","Havoc+1"],"picked":"SKIP","floor":47},{"not_picked":["Fire Breathing+1","Twin Strike","Power Through","Havoc+1"],"picked":"SKIP","floor":47},{"not_picked":["Limit Break","Reaper","Fiend Fire"],"picked":"REME_ACTH","floor":54}],"player_experience":549432,"relics_obtained":[{"floor":6,"key":"Ice Cream"},{"floor":8,"key":"Shuriken"},{"floor":9,"key":"Mummified Hand"},{"floor":10,"key":"Bottled Flame"},{"floor":12,"key":"REME_IWantAll"},{"floor":13,"key":"Pear"},{"floor":20,"key":"Dream Catcher"},{"floor":22,"key":"Kunai"},{"floor":25,"key":"Strawberry"},{"floor":26,"key":"Matryoshka"},{"floor":27,"key":"Calipers"},{"floor":30,"key":"Question Card"},{"floor":36,"key":"FossilizedHelix"},{"floor":43,"key":"Mercury Hourglass"},{"floor":44,"key":"Charon\u0027s Ashes"},{"floor":46,"key":"Boot"},{"floor":54,"key":"StrikeDummy"}],"event_choices":[{"damage_healed":0,"gold_gain":0,"player_choice":"Success","damage_taken":12,"relics_obtained":["REME_ArchaeologicalTools"],"max_hp_gain":0,"max_hp_loss":0,"event_name":"Scrap Ooze","floor":4,"gold_loss":0},{"damage_healed":0,"gold_gain":0,"player_choice":"Ignored","damage_taken":0,"max_hp_gain":0,"max_hp_loss":0,"event_name":"NoteForYourself","floor":19,"gold_loss":0},{"damage_healed":0,"gold_gain":0,"player_choice":"Fight","damage_taken":0,"max_hp_gain":0,"max_hp_loss":0,"event_name":"Mysterious Sphere","floor":36,"gold_loss":0},{"damage_healed":0,"gold_gain":0,"player_choice":"Ignored","damage_taken":0,"max_hp_gain":0,"max_hp_loss":0,"event_name":"Tomb of Lord Red Mask","floor":39,"gold_loss":0},{"damage_healed":0,"gold_gain":0,"player_choice":"Memory 3","damage_taken":10,"max_hp_gain":0,"max_hp_loss":0,"event_name":"SensoryStone","floor":45,"gold_loss":0}],"is_beta":false,"boss_relics":[{"not_picked":["Cursed Key","REME_DuelDisc","Coffee Dripper"]},{"not_picked":["Mark of Pain","Runic Dome"],"picked":"Philosopher\u0027s Stone"}],"items_purged_floors":[3,14,21,28,38,48],"is_endless":false,"potions_floor_spawned":[6,12,13,16,18,25,30,31,37,44,46,47],"ascension_level":1}}