{"host":"i29s15dsg0c43zmx","time":1614283932,"event":{"mods":["AchievementEnabler","BaseMod","Colored Map","Minty Spire (QoL Compilation)","StSLib"],"gold_per_floor":[111,61,61,26,26,26,70,90,90,12,37,37,76,90,90,219,219,244,244,45,45,45],"floor_reached":21,"language":"ENG","playtime":735,"items_purged":["Strike_R","Strike_R"],"score":194,"play_id":"0af5055f-5d48-4ca4-b8b4-6ec6aeb53cc6","local_time":"20210225211212","is_ascension_mode":true,"campfire_choices":[{"data":"Rampage","floor":6,"key":"SMITH"},{"data":"Wild Strike","floor":12,"key":"SMITH"},{"floor":15,"key":"REST"}],"circlet_count":0,"master_deck":["Strike_R","Strike_R","Strike_R","Defend_R","Defend_R","Defend_R","Defend_R","Bash","Wild Strike+1","Rampage+1","Perfected Strike","Inflame","Inflame","Inflame","Barricade","CurseOfTheBell","Rage","Seeing Red","Rage","Ghostly Armor"],"relics":["Burning Blood","Smiling Mask","Golden Idol","Du-Vu Doll","Gremlin Horn","Art of War","Calling Bell","PreservedInsect","Shuriken","StoneCalendar","Oddly Smooth Stone","Orrery"],"acts_visited":["Exordium","TheCity"],"potions_floor_usage":[16,16],"damage_taken":[{"damage":4,"enemies":"Small Slimes","floor":1,"turns":4},{"damage":19,"enemies":"Gremlin Nob","floor":7,"turns":4},{"damage":10,"enemies":"Jaw Worm","floor":8,"turns":4},{"damage":1,"enemies":"Cultist","floor":11,"turns":3},{"damage":31,"enemies":"Lagavulin","floor":13,"turns":4},{"damage":2,"enemies":"Large Slime","floor":14,"turns":5},{"damage":35,"enemies":"Hexaghost","floor":16,"turns":9},{"damage":45,"enemies":"3 Byrds","floor":18,"turns":7},{"damage":47,"enemies":"Chosen","floor":21,"turns":6}],"seed_played":"-4104617127033012349","potions_obtained":[{"floor":7,"key":"Strength Potion"},{"floor":13,"key":"Weak Potion"},{"floor":16,"key":"Strength Potion"}],"is_trial":false,"path_per_floor":["M","$","?","$","?","R","E","M","T","$","M","R","E","M","R","B",null,"M","?","$","M"],"character_chosen":"IRONCLAD","items_purchased":["Rampage","Inflame","Orrery"],"campfire_rested":1,"item_purchase_floors":[4,10,20],"current_hp_per_floor":[80,80,60,60,60,60,47,43,43,43,48,48,23,27,51,22,80,41,41,41,0,0],"gold":45,"neow_bonus":"RANDOM_COMMON_RELIC","is_daily":false,"chose_seed":false,"campfire_upgraded":2,"win_rate":0.0,"timestamp":1614283932,"path_taken":["M","$","?","$","?","R","E","M","T","?","M","R","E","M","R","BOSS","M","?","$","?"],"items_purchased_type":["Card","Card","Relic"],"build_version":"2020-12-22","purchased_purges":2,"victory":false,"max_hp_per_floor":[80,80,80,80,80,80,80,80,80,80,80,80,80,80,80,80,80,80,80,80,80,80],"card_choices":[{"not_picked":["Armaments","Sword Boomerang"],"picked":"Wild Strike","floor":1},{"not_picked":["Reckless Charge","Clothesline","Offering"],"picked":"SKIP","floor":7},{"not_picked":["Combust","Clothesline"],"picked":"Perfected Strike","floor":8},{"not_picked":["Armaments","Havoc"],"picked":"Inflame","floor":11},{"not_picked":["Entrench","Flex","Body Slam"],"picked":"SKIP","floor":13},{"not_picked":["Hemokinesis","Wild Strike"],"picked":"Inflame","floor":14},{"not_picked":["Fiend Fire","Berserk"],"picked":"Barricade","floor":16},{"not_picked":["Cleave","Sever Soul"],"picked":"Rage","floor":18},{"not_picked":["Dual Wield","Dropkick"],"picked":"Seeing Red","floor":20},{"not_picked":["Uppercut","Twin Strike"],"picked":"Rage","floor":20},{"not_picked":["Clothesline+1","Anger"],"picked":"Ghostly Armor","floor":20}],"player_experience":139227,"relics_obtained":[{"floor":7,"key":"Du-Vu Doll"},{"floor":9,"key":"Gremlin Horn"},{"floor":13,"key":"Art of War"},{"floor":17,"key":"PreservedInsect"},{"floor":17,"key":"Shuriken"},{"floor":17,"key":"StoneCalendar"}],"event_choices":[{"damage_healed":0,"gold_gain":0,"player_choice":"Take Damage","damage_taken":20,"relics_obtained":["Golden Idol"],"max_hp_gain":0,"max_hp_loss":0,"event_name":"Golden Idol","floor":3,"gold_loss":0},{"damage_healed":0,"gold_gain":0,"player_choice":"Ignored","damage_taken":0,"max_hp_gain":0,"max_hp_loss":0,"event_name":"Liars Game","floor":5,"gold_loss":0},{"damage_healed":0,"gold_gain":0,"player_choice":"Gave Potion","damage_taken":0,"relics_obtained":["Oddly Smooth Stone"],"max_hp_gain":0,"max_hp_loss":0,"event_name":"WeMeetAgain","floor":19,"gold_loss":0}],"is_beta":false,"boss_relics":[{"not_picked":["Fusion Hammer","Snecko Eye"],"picked":"Calling Bell"}],"items_purged_floors":[2,20],"is_endless":false,"potions_floor_spawned":[7,13,16],"killed_by":"Chosen","ascension_level":1}}