{"host":"t4313i2190y6fz3q","time":1614292105,"event":{"mods":["2.2 Compatiblity","AchievementEnabler","Act Like it!","BaseMod","Colored Powertips","Minty Spire (QoL Compilation)","Permanent Neow","Quick Restart","Rare Cards Sparkle","StSLib"],"gold_per_floor":[114,133,283,295,312,312,325,354,377,377,377,393,403,440,440,526,526,548,438,36,86,86,113,113,157,157,157,168,168,209,232,232,318,318,332,332,232,252,252,252],"floor_reached":39,"language":"ENG","playtime":1476,"items_purged":["Strike_B","Strike_B"],"score":948,"play_id":"000241b8-1b55-4df8-aef9-6565ab7b8f31","local_time":"20210225142825","is_ascension_mode":true,"campfire_choices":[{"data":"Zap","floor":6.0,"key":"SMITH"},{"data":"Defragment","floor":10.0,"key":"SMITH"},{"data":"Dualcast","floor":15.0,"key":"SMITH"},{"floor":27.0,"key":"REST"},{"data":"Seek","floor":29.0,"key":"SMITH"},{"data":"Creative AI","floor":32.0,"key":"SMITH"}],"circlet_count":0,"master_deck":["AscendersBane","Strike_B","Strike_B","Defend_B","Defend_B","Defend_B","Defend_B","Zap+1","Dualcast+1","Defragment+1","Glacier","Hologram+1","Ball Lightning","Aggregate","Rip and Tear+1","Steam Power","Echo Form","Steam Power","Seek+1","Coolheaded","Core Surge","Creative AI+1","Darkness+1","Consume","Tempest+1"],"relics":["Cracked Core","PreservedInsect","Pen Nib","CeramicFish","Inserter","Chemical X","Art of War","Cables","Question Card","Matryoshka","Sozu"],"acts_visited":["Exordium","TheCity","TheBeyond"],"potions_floor_usage":[],"damage_taken":[{"damage":1.0,"enemies":"Cultist","floor":1.0,"turns":3.0},{"damage":9.0,"enemies":"Jaw Worm","floor":2.0,"turns":4.0},{"damage":0.0,"enemies":"Small Slimes","floor":4.0,"turns":4.0},{"damage":10.0,"enemies":"Exordium Wildlife","floor":5.0,"turns":5.0},{"damage":0.0,"enemies":"Gremlin Gang","floor":7.0,"turns":2.0},{"damage":24.0,"enemies":"3 Sentries","floor":8.0,"turns":8.0},{"damage":0.0,"enemies":"Large Slime","floor":12.0,"turns":5.0},{"damage":0.0,"enemies":"2 Fungi Beasts","floor":13.0,"turns":2.0},{"damage":2.0,"enemies":"Lagavulin","floor":14.0,"turns":6.0},{"damage":0.0,"enemies":"Slime Boss","floor":16.0,"turns":5.0},{"damage":2.0,"enemies":"Chosen","floor":18.0,"turns":6.0},{"damage":12.0,"enemies":"Book of Stabbing","floor":23.0,"turns":6.0},{"damage":22.0,"enemies":"Slavers","floor":25.0,"turns":5.0},{"damage":0.0,"enemies":"Spheric Guardian","floor":28.0,"turns":1.0},{"damage":15.0,"enemies":"Book of Stabbing","floor":30.0,"turns":7.0},{"damage":0.0,"enemies":"Snecko","floor":31.0,"turns":4.0},{"damage":20.0,"enemies":"Collector","floor":33.0,"turns":11.0},{"damage":0.0,"enemies":"Orb Walker","floor":35.0,"turns":4.0},{"damage":57.0,"enemies":"3 Darklings","floor":38.0,"turns":6.0},{"damage":26,"enemies":"4 Shapes","floor":39,"turns":2}],"seed_played":"6103006648397290118","potions_obtained":[{"floor":1.0,"key":"Fire Potion"},{"floor":5.0,"key":"Explosive Potion"},{"floor":7.0,"key":"PowerPotion"},{"floor":13.0,"key":"LiquidMemories"},{"floor":16.0,"key":"Swift Potion"},{"floor":30.0,"key":"PowerPotion"},{"floor":33.0,"key":"LiquidBronze"}],"is_trial":false,"path_per_floor":["M","M","?","M","M","R","M","E","T","R","?","M","M","E","R","B",null,"M","?","$","?","$","E","?","E","T","R","M","R","E","M","R","B",null,"M","?","$","M","M"],"character_chosen":"DEFECT","items_purchased":["Chemical X","Core Surge"],"campfire_rested":1,"item_purchase_floors":[20,20],"current_hp_per_floor":[63,54,54,54,44,44,44,20,20,20,20,20,20,18,18,18,58,56,56,56,56,56,44,44,22,22,43,43,43,28,28,28,8,55,55,81,81,24,0,0],"gold":252,"neow_bonus":"THREE_CARDS","is_daily":false,"chose_seed":false,"campfire_upgraded":5,"win_rate":0.0,"timestamp":1614292105,"path_taken":["M","M","?","M","M","R","M","E","T","R","?","M","?","E","R","BOSS","M","?","?","?","$","E","?","E","T","R","M","R","E","M","R","BOSS","M","?","$","M","?"],"items_purchased_type":["Relic","Card"],"build_version":"2020-12-22","purchased_purges":2,"victory":false,"max_hp_per_floor":[71,71,71,71,71,71,71,71,71,71,71,71,71,71,71,71,71,71,71,71,71,71,71,71,71,71,71,71,71,71,71,71,71,71,71,81,81,81,81,81],"card_choices":[{"not_picked":["Go for the Eyes","Leap"],"picked":"Defragment","floor":0.0},{"not_picked":["Ball Lightning","Beam Cell"],"picked":"Glacier","floor":1.0},{"not_picked":["Leap","Force Field"],"picked":"Hologram","floor":2.0},{"not_picked":["Steam","Beam Cell"],"picked":"Ball Lightning","floor":4.0},{"not_picked":["Beam Cell","Scrape"],"picked":"Aggregate","floor":5.0},{"not_picked":["Genetic Algorithm","Sweeping Beam"],"picked":"Rip and Tear","floor":7.0},{"not_picked":["Rebound","Turbo"],"picked":"Steam Power","floor":8.0},{"not_picked":["Steam","Genetic Algorithm"],"picked":"Echo Form","floor":12.0},{"not_picked":["Fusion","Hologram","Redo"],"picked":"SKIP","floor":13.0},{"not_picked":["Steam","Stack"],"picked":"Steam Power","floor":14.0},{"not_picked":["Rainbow","All For One"],"picked":"Seek","floor":16.0},{"not_picked":["Hello World","Redo"],"picked":"Coolheaded","floor":18.0},{"not_picked":["Chill","Recycle","Steam"],"picked":"SKIP","floor":23.0},{"not_picked":["Gash","Hologram"],"picked":"Creative AI","floor":25.0},{"not_picked":["Double Energy","Doom and Gloom","Cold Snap","Hello World"],"picked":"SKIP","floor":28.0},{"not_picked":["White Noise","Sweeping Beam+1","Go for the Eyes"],"picked":"Darkness+1","floor":30.0},{"not_picked":["White Noise","Skim","Blizzard"],"picked":"Consume","floor":31.0},{"not_picked":["Hyperbeam","All For One","Buffer"],"picked":"Core Surge","floor":33.0},{"not_picked":["Loop","Coolheaded","Doom and Gloom+1","Beam Cell+1"],"picked":"SKIP","floor":35.0},{"not_picked":["Loop","Rebound","Scrape"],"picked":"Tempest+1","floor":38.0}],"player_experience":193047,"relics_obtained":[{"floor":8.0,"key":"PreservedInsect"},{"floor":9.0,"key":"Pen Nib"},{"floor":14.0,"key":"CeramicFish"},{"floor":23.0,"key":"Art of War"},{"floor":25.0,"key":"Cables"},{"floor":26.0,"key":"Question Card"},{"floor":30.0,"key":"Matryoshka"}],"event_choices":[{"damage_healed":0.0,"max_hp_gain":0.0,"max_hp_loss":0.0,"gold_gain":150.0,"event_name":"Liars Game","player_choice":"AGREE","floor":3.0,"gold_loss":0.0,"damage_taken":0.0,"cards_obtained":["Doubt"]},{"damage_healed":0.0,"max_hp_gain":0.0,"max_hp_loss":0.0,"gold_gain":0.0,"event_name":"Accursed Blacksmith","player_choice":"Forge","floor":11.0,"gold_loss":0.0,"damage_taken":0.0,"cards_upgraded":["Rip and Tear"]},{"cards_removed":["Doubt"],"damage_healed":0.0,"max_hp_gain":0.0,"max_hp_loss":0.0,"gold_gain":0.0,"event_name":"Designer","player_choice":"Upgrade and Remove","floor":19.0,"gold_loss":110.0,"damage_taken":0.0,"cards_upgraded":["Hologram"]},{"damage_healed":0.0,"max_hp_gain":0.0,"max_hp_loss":0.0,"gold_gain":50.0,"event_name":"Nest","player_choice":"Stole From Cult","floor":21.0,"gold_loss":0.0,"damage_taken":0.0},{"damage_healed":0.0,"max_hp_gain":0.0,"max_hp_loss":0.0,"gold_gain":0.0,"event_name":"Ghosts","player_choice":"Ignored","floor":24.0,"gold_loss":0.0,"damage_taken":0.0},{"cards_removed":["Core Surge"],"damage_healed":16.0,"max_hp_gain":10.0,"max_hp_loss":0.0,"gold_gain":0.0,"event_name":"Bonfire Elementals","player_choice":"Offered Rare","floor":36.0,"gold_loss":0.0,"damage_taken":0.0}],"is_beta":false,"boss_relics":[{"not_picked":["Snecko Eye","SlaversCollar"],"picked":"Inserter"},{"not_picked":["Nuclear Battery","Velvet Choker"],"picked":"Sozu"}],"items_purged_floors":[20,37],"is_endless":false,"potions_floor_spawned":[1,5,7,13,16,18,30,33,35],"killed_by":"4 Shapes","ascension_level":18}}