{"host":"jegehu1t82aiec5j","time":1614256020,"event":{"mods":["BaseMod","Colored Map","Minty Spire (QoL Compilation)","Relic Stats","StSLib"],"gold_per_floor":[119,119,119,176,176,176,251,266,316,116,136,136,18,36,36,125,125,149,74,74,74,26,70,94,137,161,7,7,27,27,65,65,164,164,185,185,199,532,532,532,562,562,562,562,575,600,611,202,202,202],"floor_reached":51,"language":"ENG","playtime":1806,"items_purged":["Strike_R","Strike_R+1"],"score":1486,"play_id":"40359bfa-d2ae-4732-bd08-8ea4a19a5974","local_time":"20210225072700","is_ascension_mode":true,"campfire_choices":[{"data":"Barricade","floor":6.0,"key":"SMITH"},{"data":"Entrench","floor":12.0,"key":"SMITH"},{"data":"Body Slam","floor":15.0,"key":"SMITH"},{"floor":28.0,"key":"REST"},{"data":"Impervious","floor":30,"key":"SMITH"},{"data":"Disarm","floor":32,"key":"SMITH"},{"floor":40,"key":"REST"},{"data":"Juggernaut","floor":42,"key":"SMITH"},{"floor":49,"key":"REST"}],"circlet_count":0,"master_deck":["AscendersBane","Strike_R+1","Perseverance+1","Perseverance","Perseverance+1","Perseverance+1","Perseverance+1","LessonLearned+1","Barricade+1","Feel No Pain+1","Twin Strike+1","Entrench+1","Body Slam+1","Disarm+1","Entrench+1","Disarm+1","Disarm+1","Impervious+1","Shrug It Off+1","Metallicize+1","True Grit+1","Shockwave+1","Havoc+1","Juggernaut+1","Entrench","Secret Technique+1"],"relics":["Burning Blood","WarpedTongs","Orichalcum","Sozu","InkBottle","Letter Opener","Akabeko","Orrery","Centennial Puzzle","Runic Pyramid","Gremlin Horn","Boot","Torii","Membership Card","Toxic Egg 2"],"acts_visited":["Exordium","TheCity","TheBeyond"],"potions_floor_usage":[],"damage_taken":[{"damage":0.0,"enemies":"2 Louse","floor":1.0,"turns":3.0},{"damage":4.0,"enemies":"Jaw Worm","floor":8.0,"turns":4.0},{"damage":1.0,"enemies":"Small Slimes","floor":11.0,"turns":4.0},{"damage":3.0,"enemies":"Looter","floor":14.0,"turns":5.0},{"damage":0.0,"enemies":"Slime Boss","floor":16.0,"turns":6.0},{"damage":1.0,"enemies":"3 Byrds","floor":18.0,"turns":6.0},{"damage":19.0,"enemies":"Slavers","floor":23.0,"turns":17.0},{"damage":0.0,"enemies":"Chosen","floor":24.0,"turns":7.0},{"damage":28.0,"enemies":"Gremlin Leader","floor":25.0,"turns":14.0},{"damage":0,"enemies":"Snake Plant","floor":29,"turns":8},{"damage":29,"enemies":"Slavers","floor":31,"turns":9},{"damage":12,"enemies":"Champ","floor":33,"turns":10},{"damage":0,"enemies":"3 Shapes","floor":35,"turns":7},{"damage":21,"enemies":"3 Darklings","floor":37,"turns":7},{"damage":14,"enemies":"Nemesis","floor":41,"turns":11},{"damage":0,"enemies":"Spire Growth","floor":45,"turns":4},{"damage":0,"enemies":"Mind Bloom Boss Battle","floor":46,"turns":6},{"damage":12,"enemies":"4 Shapes","floor":47,"turns":4},{"damage":0,"enemies":"Awakened One","floor":50,"turns":8}],"seed_played":"6522986032529888427","potions_obtained":[{"floor":16.0,"key":"BloodPotion"}],"is_trial":false,"path_per_floor":["M","?","$","?","?","R","?","M","T","$","M","R","$","M","R","B",null,"M","?","?","?","$","E","M","E","T","$","R","M","R","E","R","B",null,"M","?","M","?","?","R","E","R","T","?","M","?","M","$","R","B",null],"character_chosen":"IRONCLAD","items_purchased":["Entrench","Body Slam","Entrench","Disarm","Shrug It Off","Orrery","Membership Card","Toxic Egg 2","Secret Technique+1"],"campfire_rested":3,"item_purchase_floors":[10,10,13,13,22,27,48,48,48],"current_hp_per_floor":[74,48,48,48,53,53,42,44,44,44,49,49,49,52,52,58,75,80,80,80,80,80,67,73,51,51,51,75,80,80,57,57,51,73,79,79,64,64,64,80,72,72,72,72,78,80,74,74,80,80],"gold":202,"neow_bonus":"TRANSFORM_CARD","is_daily":false,"chose_seed":false,"campfire_upgraded":6,"win_rate":0.0,"timestamp":1614256020,"path_taken":["M","?","$","?","?","R","?","M","T","$","M","R","?","M","R","BOSS","M","?","?","?","$","E","M","E","T","$","R","M","R","E","R","BOSS","M","?","M","?","?","R","E","R","T","?","M","?","M","$","R","BOSS"],"items_purchased_type":["Card","Card","Card","Card","Card","Relic","Relic","Relic","Card"],"build_version":"2020-12-22","purchased_purges":2,"victory":true,"max_hp_per_floor":[75,75,75,75,80,80,80,80,80,80,80,80,80,80,80,80,80,80,80,80,80,80,80,80,80,80,80,80,80,80,80,80,80,80,80,80,80,80,80,80,80,80,80,80,80,80,80,80,80,80],"relic_stats":{"Sozu":5,"Centennial Puzzle":[12],"Gremlin Horn":[8,8],"Torii":1,"counters":[19,140],"Letter Opener":[197],"Orichalcum":[60],"Boot":[0],"obtain_stats":[{"Gremlin Horn":41,"Torii":46,"Golden Idol":2,"Letter Opener":25,"Orichalcum":9,"Boot":43,"Burning Blood":0,"Akabeko":26,"WarpedTongs":0,"Sozu":17,"Centennial Puzzle":31,"Orrery":27,"Membership Card":48,"Toxic Egg 2":48,"InkBottle":23,"Runic Pyramid":34},{"Gremlin Horn":15,"Torii":17,"Golden Idol":1,"Letter Opener":9,"Orichalcum":2,"Boot":15,"Burning Blood":0,"Akabeko":9,"WarpedTongs":0,"Sozu":5,"Centennial Puzzle":11,"Orrery":9,"Membership Card":18,"Toxic Egg 2":18,"InkBottle":7,"Runic Pyramid":12},{"Gremlin Horn":118,"Torii":128,"Golden Idol":3,"Letter Opener":66,"Orichalcum":7,"Boot":118,"Burning Blood":0,"Akabeko":66,"WarpedTongs":0,"Sozu":22,"Centennial Puzzle":83,"Orrery":66,"Membership Card":132,"Toxic Egg 2":132,"InkBottle":45,"Runic Pyramid":93}],"Burning Blood":103,"InkBottle":[29],"WarpedTongs":[101]},"card_choices":[{"not_picked":["Armaments","Warcry"],"picked":"Twin Strike","floor":1.0},{"not_picked":["Wild Strike","Pummel","Pommel Strike"],"picked":"SKIP","floor":8.0},{"not_picked":["Fiend Fire","Carnage"],"picked":"Disarm","floor":11.0},{"not_picked":["Warcry","Wild Strike"],"picked":"Disarm","floor":14.0},{"not_picked":["Double Tap","Bludgeon"],"picked":"Impervious","floor":16.0},{"not_picked":["Sword Boomerang","Inflame","Wild Strike"],"picked":"SKIP","floor":18.0},{"not_picked":["Sword Boomerang","Pommel Strike","Ghostly Armor"],"picked":"SKIP","floor":23.0},{"not_picked":["Flex+1","Searing Blow"],"picked":"Metallicize+1","floor":24.0},{"not_picked":["Battle Trance","Warcry"],"picked":"True Grit","floor":25.0},{"not_picked":["Limit Break","Evolve"],"picked":"Shockwave","floor":27.0},{"not_picked":["Intimidate","True Grit"],"picked":"Havoc+1","floor":27.0},{"not_picked":["Havoc+1","Flex","Sword Boomerang+1"],"picked":"SKIP","floor":29},{"not_picked":["Corruption","Clash+1","Warcry+1"],"picked":"SKIP","floor":31},{"not_picked":["Berserk","Reaper"],"picked":"Juggernaut","floor":33},{"not_picked":["Evolve","Armaments"],"picked":"Entrench","floor":35},{"not_picked":["Entrench","Pommel Strike","Evolve"],"picked":"SKIP","floor":37},{"not_picked":["Warcry+1","Blood for Blood","Iron Wave"],"picked":"SKIP","floor":41},{"not_picked":["Searing Blow+1","Shrug It Off","Perfected Strike"],"picked":"SKIP","floor":45},{"not_picked":["Flex","Feel No Pain","Second Wind"],"picked":"SKIP","floor":47}],"player_experience":2648263,"relics_obtained":[{"floor":9.0,"key":"Orichalcum"},{"floor":23.0,"key":"InkBottle"},{"floor":25.0,"key":"Letter Opener"},{"floor":26.0,"key":"Akabeko"},{"floor":31,"key":"Centennial Puzzle"},{"floor":41,"key":"Gremlin Horn"},{"floor":43,"key":"Boot"},{"floor":46,"key":"Torii"}],"event_choices":[{"damage_healed":0.0,"max_hp_gain":0.0,"max_hp_loss":0.0,"gold_gain":0.0,"event_name":"Golden Idol","player_choice":"Take Damage","floor":2.0,"gold_loss":0.0,"damage_taken":26.0,"relics_obtained":["Golden Idol"]},{"damage_healed":0.0,"max_hp_gain":0.0,"max_hp_loss":0.0,"gold_gain":57.0,"event_name":"Golden Wing","player_choice":"Gained Gold","floor":4.0,"gold_loss":0.0,"damage_taken":0.0},{"damage_healed":0.0,"max_hp_gain":5.0,"max_hp_loss":0.0,"gold_gain":0.0,"event_name":"Big Fish","player_choice":"Donut","floor":5.0,"gold_loss":0.0,"damage_taken":0.0},{"damage_healed":0.0,"max_hp_gain":0.0,"max_hp_loss":0.0,"gold_gain":75.0,"event_name":"World of Goop","player_choice":"Gather Gold","floor":7.0,"gold_loss":0.0,"damage_taken":11.0},{"cards_removed":["Strike_R"],"damage_healed":0.0,"max_hp_gain":0.0,"max_hp_loss":0.0,"gold_gain":0.0,"event_name":"Beggar","player_choice":"Gave Gold","floor":19.0,"gold_loss":75.0,"damage_taken":0.0},{"damage_healed":0.0,"max_hp_gain":0.0,"max_hp_loss":0.0,"gold_gain":0.0,"event_name":"Vampires","player_choice":"Ignored","floor":20.0,"gold_loss":0.0,"damage_taken":0.0},{"damage_healed":0.0,"max_hp_gain":0.0,"max_hp_loss":0.0,"gold_gain":0.0,"event_name":"Ghosts","player_choice":"Ignored","floor":21.0,"gold_loss":0.0,"damage_taken":0.0},{"cards_removed":["Bash"],"damage_healed":0,"gold_gain":0,"player_choice":"Removed Attack","damage_taken":0,"max_hp_gain":0,"max_hp_loss":0,"event_name":"Falling","floor":36,"gold_loss":0},{"damage_healed":0,"gold_gain":333,"player_choice":"Gave Idol","damage_taken":0,"max_hp_gain":0,"max_hp_loss":0,"event_name":"The Moai Head","floor":38,"relics_lost":["Golden Idol"],"gold_loss":0},{"damage_healed":0,"gold_gain":0,"player_choice":"Ignored","damage_taken":0,"max_hp_gain":0,"max_hp_loss":0,"event_name":"Tomb of Lord Red Mask","floor":39,"gold_loss":0},{"damage_healed":0,"gold_gain":0,"player_choice":"Ignored","damage_taken":0,"max_hp_gain":0,"max_hp_loss":0,"event_name":"Mysterious Sphere","floor":44,"gold_loss":0},{"damage_healed":0,"gold_gain":0,"player_choice":"Fight","damage_taken":0,"max_hp_gain":0,"max_hp_loss":0,"event_name":"MindBloom","floor":46,"gold_loss":0}],"is_beta":false,"boss_relics":[{"not_picked":["Ectoplasm","Black Blood"],"picked":"Sozu"},{"not_picked":["SacredBark","Astrolabe"],"picked":"Runic Pyramid"}],"items_purged_floors":[10,48],"is_endless":false,"potions_floor_spawned":[16,18,23,25,41,47],"ascension_level":15}}