{"host":"osru0s4hyl5hhaol","time":1614215911,"event":{"mods":["BaseMod","Colored Map","Minty Spire (QoL Compilation)"],"gold_per_floor":[110,87,106,106,120,120,120,139,439,134,152,152,152,168,168,272,272,288,288,303,303,303,303,303,303,303,318,318,5,5,24,24,129,129,147,166,177,197,210,210,228,228,255,271,33,53,63,82,82,82,82],"floor_reached":50,"language":"ENG","playtime":3036,"items_purged":[],"score":467,"play_id":"9793582b-22f1-4cad-8e51-8f4fe69356e2","local_time":"20210224191831","is_ascension_mode":false,"campfire_choices":[{"data":"Beam Cell","floor":6.0,"key":"SMITH"},{"data":"Self Repair","floor":12.0,"key":"SMITH"},{"data":"White Noise","floor":15.0,"key":"SMITH"},{"data":"Chill","floor":23.0,"key":"SMITH"},{"data":"Go for the Eyes","floor":25.0,"key":"SMITH"},{"data":"Skim","floor":28.0,"key":"SMITH"},{"data":"Creative AI","floor":30.0,"key":"SMITH"},{"data":"Barrage","floor":32,"key":"SMITH"},{"data":"Amplify","floor":40,"key":"SMITH"},{"floor":49,"key":"REST"}],"circlet_count":0,"master_deck":["Strike_B","Strike_B","Strike_B","Strike_B","Defend_B","Defend_B","Defend_B","Defend_B","Zap+1","Dualcast","Beam Cell+1","Ball Lightning","Self Repair+1","Conserve Battery","Go for the Eyes+1","Skim+1","White Noise+1","Swift Strike","Amplify+1","Auto Shields+1","Turbo+1","Chill+1","Heatsinks","Creative AI+1","Barrage+1","Seek","Stack+1","Hello World","Parasite","Rebound+1","Fusion+1","Darkness","Hyperbeam","Parasite","Glacier+1"],"relics":["Cracked Core","Turnip","Old Coin","Matryoshka","Inserter","Lantern","Kunai","Oddly Smooth Stone","Busted Crown","Shuriken","HornCleat","PreservedInsect","Bottled Lightning"],"acts_visited":["Exordium","TheCity","TheBeyond"],"potions_floor_usage":[33,37,38,39,41,48,50],"damage_taken":[{"damage":0.0,"enemies":"Jaw Worm","floor":1.0,"turns":3.0},{"damage":0.0,"enemies":"Cultist","floor":3.0,"turns":3.0},{"damage":0.0,"enemies":"Small Slimes","floor":5.0,"turns":2.0},{"damage":8.0,"enemies":"Red Slaver","floor":8.0,"turns":2.0},{"damage":0.0,"enemies":"Large Slime","floor":11.0,"turns":5.0},{"damage":6.0,"enemies":"Gremlin Gang","floor":14.0,"turns":3.0},{"damage":37.0,"enemies":"Hexaghost","floor":16.0,"turns":10.0},{"damage":21.0,"enemies":"3 Byrds","floor":18.0,"turns":5.0},{"damage":4.0,"enemies":"Shell Parasite","floor":20.0,"turns":6.0},{"damage":0.0,"enemies":"Snecko","floor":24.0,"turns":1.0},{"damage":6.0,"enemies":"Shelled Parasite and Fungi","floor":27.0,"turns":8.0},{"damage":7,"enemies":"Snake Plant","floor":31,"turns":6},{"damage":57,"enemies":"Automaton","floor":33,"turns":11},{"damage":5,"enemies":"3 Shapes","floor":35,"turns":7},{"damage":10,"enemies":"3 Darklings","floor":36,"turns":7},{"damage":22,"enemies":"Spire Growth","floor":37,"turns":5},{"damage":17,"enemies":"Sphere and 2 Shapes","floor":38,"turns":8},{"damage":25,"enemies":"Writhing Mass","floor":39,"turns":8},{"damage":0,"enemies":"Spire Growth","floor":41,"turns":5},{"damage":15,"enemies":"Sphere and 2 Shapes","floor":44,"turns":10},{"damage":28,"enemies":"Jaw Worm Horde","floor":46,"turns":6},{"damage":23,"enemies":"Writhing Mass","floor":47,"turns":7},{"damage":30,"enemies":"Sphere and 2 Shapes","floor":48,"turns":8},{"damage":44,"enemies":"Awakened One","floor":50,"turns":4}],"seed_played":"-3442724851329325745","potions_obtained":[{"floor":1.0,"key":"Dexterity Potion"},{"floor":3.0,"key":"SmokeBomb"},{"floor":8.0,"key":"Fire Potion"},{"floor":18.0,"key":"Energy Potion"},{"floor":33,"key":"Regen Potion"},{"floor":37,"key":"DuplicationPotion"},{"floor":38,"key":"FearPotion"},{"floor":39,"key":"EssenceOfDarkness"},{"floor":41,"key":"FocusPotion"},{"floor":44,"key":"Swift Potion"},{"floor":48,"key":"SteroidPotion"}],"is_trial":false,"path_per_floor":["M","$","M","?","M","R","$","M","T","$","M","R","?","M","R","B",null,"M","$","M","?","?","R","M","R","T","M","R","$","R","M","R","B",null,"M","M","M","M","M","R","M","?","T","M","$","M","M","M","R","B"],"character_chosen":"DEFECT","items_purchased":["Coolheaded","Matryoshka","Go for the Eyes","Oddly Smooth Stone","Creative AI","Bottled Lightning"],"campfire_rested":1,"item_purchase_floors":[2,10,10,29,29,45],"current_hp_per_floor":[75,75,75,75,75,75,75,74,74,74,75,75,75,75,75,48,75,64,64,75,75,75,75,75,75,75,75,75,75,75,75,75,18,75,75,75,70,63,48,48,58,58,58,53,53,45,32,12,34,0,0],"gold":82,"neow_bonus":"UPGRADE_CARD","is_daily":false,"chose_seed":false,"campfire_upgraded":9,"win_rate":0.0,"timestamp":1614215911,"path_taken":["M","$","M","?","?","R","$","M","T","$","M","R","?","?","R","BOSS","M","$","M","?","?","R","M","R","T","M","R","$","R","M","R","BOSS","M","M","?","?","M","R","M","?","T","?","$","M","M","M","R","BOSS"],"items_purchased_type":["Card","Relic","Card","Relic","Card","Relic"],"build_version":"2020-12-22","purchased_purges":0,"victory":false,"max_hp_per_floor":[75,75,75,75,75,75,75,75,75,75,75,75,75,75,75,75,75,75,75,75,75,75,75,75,75,75,75,75,75,75,75,75,75,75,75,75,75,75,75,75,75,75,75,75,75,75,75,75,75,75,75],"card_choices":[{"not_picked":["BootSequence","Conserve Battery"],"picked":"Beam Cell","floor":1.0},{"not_picked":["Doom and Gloom","Hologram"],"picked":"Ball Lightning","floor":3.0},{"not_picked":["Darkness","Streamline"],"picked":"Self Repair","floor":5.0},{"not_picked":["Compile Driver","Barrage"],"picked":"Conserve Battery","floor":8.0},{"not_picked":["Undo","Beam Cell"],"picked":"Skim","floor":11.0},{"not_picked":["Stack","Beam Cell","Steam"],"picked":"SKIP","floor":14.0},{"not_picked":["Thunder Strike","Meteor Strike"],"picked":"Amplify","floor":16.0},{"not_picked":["Streamline","Leap+1"],"picked":"Auto Shields+1","floor":18.0},{"not_picked":["Rebound","Gash"],"picked":"Turbo+1","floor":20.0},{"not_picked":["Go for the Eyes","Coolheaded"],"picked":"Heatsinks","floor":27.0},{"not_picked":["Double Energy+1","Stack+1"],"picked":"Barrage","floor":31},{"not_picked":["Machine Learning","Amplify"],"picked":"Seek","floor":33},{"not_picked":["Go for the Eyes"],"picked":"SKIP","floor":35},{"not_picked":[],"picked":"Stack+1","floor":36},{"not_picked":[],"picked":"Hello World","floor":37},{"not_picked":["Leap"],"picked":"SKIP","floor":38},{"not_picked":[],"picked":"Rebound+1","floor":39},{"not_picked":[],"picked":"Fusion+1","floor":41},{"not_picked":[],"picked":"Darkness","floor":44},{"not_picked":[],"picked":"Hyperbeam","floor":46},{"not_picked":[],"picked":"Glacier+1","floor":47},{"not_picked":["Steam"],"picked":"SKIP","floor":48}],"player_experience":197613,"relics_obtained":[{"floor":4.0,"key":"Turnip"},{"floor":9.0,"key":"Old Coin"},{"floor":26.0,"key":"Lantern"},{"floor":26.0,"key":"Kunai"},{"floor":43,"key":"HornCleat"},{"floor":43,"key":"PreservedInsect"}],"event_choices":[{"damage_healed":0.0,"max_hp_gain":0.0,"max_hp_loss":0.0,"gold_gain":0.0,"event_name":"Wheel of Change","player_choice":"Relic","floor":4.0,"gold_loss":0.0,"damage_taken":0.0},{"damage_healed":0.0,"max_hp_gain":0.0,"max_hp_loss":0.0,"gold_gain":0.0,"event_name":"Match and Keep!","player_choice":"2 cards matched","floor":13.0,"gold_loss":0.0,"damage_taken":0.0,"cards_obtained":["White Noise","Swift Strike"]},{"damage_healed":0.0,"max_hp_gain":0.0,"max_hp_loss":0.0,"gold_gain":0.0,"event_name":"The Library","player_choice":"Read","floor":21.0,"gold_loss":0.0,"damage_taken":0.0,"cards_obtained":["Chill"]},{"damage_healed":0.0,"max_hp_gain":0.0,"max_hp_loss":0.0,"gold_gain":0.0,"event_name":"The Woman in Blue","player_choice":"Bought 0 Potions","floor":22.0,"gold_loss":0.0,"damage_taken":0.0},{"cards_removed":["Coolheaded"],"damage_healed":0,"gold_gain":0,"player_choice":"Gave Card","damage_taken":0,"relics_obtained":["Shuriken"],"max_hp_gain":0,"max_hp_loss":0,"event_name":"WeMeetAgain","floor":42,"gold_loss":0}],"is_beta":false,"boss_relics":[{"not_picked":["Ectoplasm","Velvet Choker"],"picked":"Inserter"},{"not_picked":["SacredBark","Cursed Key"],"picked":"Busted Crown"}],"items_purged_floors":[],"is_endless":false,"potions_floor_spawned":[1,3,8,18,24,33,37,38,39,41,44,48],"killed_by":"Awakened One","ascension_level":0}}