{"host":"skr63qsdfgeey3it","time":1614223654,"event":{"mods":["BaseMod","Colored Map","Hubris","Minty Spire (QoL Compilation)","Monster B Gone","Reliquary","Replay The Spire","Spicy Shops","StSLib"],"gold_per_floor":[116,116,266,7,30,61,61,79,79,94,130,130,130,41,41,140,140,158,158,158,11,11,55,55,89,89,89,49,70,89,89,89,180,180,200,219,219,219,219],"floor_reached":38,"language":"ENG","playtime":1592,"items_purged":["Doubt"],"score":847,"play_id":"ad1c835c-90f3-4e02-9607-b51171095134","local_time":"20210224212734","is_ascension_mode":true,"campfire_choices":[{"data":"BasicCrystalCard","floor":7,"key":"SMITH"},{"floor":13,"key":"REST"},{"floor":15,"key":"DIG"},{"data":"Hologram","floor":24,"key":"SMITH"},{"floor":27,"key":"REST"},{"data":"ReplayTheSpireMod:Reroute Power","floor":32,"key":"SMITH"}],"circlet_count":0,"master_deck":["AscendersBane","Strike_B","Strike_B","Strike_B","Strike_B","Defend_B","Defend_B","Defend_B","Defend_B","Zap","Dualcast","Hologram+1","Capacitor","Rip and Tear","BasicCrystalCard+1","Conserve Battery","Ball Lightning","Cold Snap","Consume","Blizzard","Barrage","ReplayTheSpireMod:Reroute Power","Mirror Shield","Sweeping Beam","Self Repair","Ghostly","Ghostly","Ghostly","Cold Snap","Go for the Eyes","Go for the Eyes","Ghostly","Leap+1","Rainbow","hubris:Disease","Cold Snap","Blizzard","ReplayTheSpireMod:Reroute Power+1","Capacitor","Melter","Writhe","ReplayTheSpireMod:Omega Cannon","CurseOfTheBell","Static Discharge","Beam Cell","Scrape","Madness","Madness"],"relics":["Cracked Core","NeowsBlessing","Golden Idol","hubris:Metronome","Prayer Wheel","Mirror","hubris:OldNail","Cursed Key","reliquary:JackalopeAntler","reliquary:LoveEmittingDiode","hubris:BundleOfHerbs","DataDisk","Calling Bell","reliquary:WeakTea","reliquary:PurpleTingedLeaf","Bird Faced Urn"],"acts_visited":["Exordium","TheCity","TheBeyond"],"potions_floor_usage":[11,11,16,16,18,23,30,35],"damage_taken":[{"damage":0,"enemies":"2 Louse","floor":1,"turns":1},{"damage":0,"enemies":"Jaw Worm","floor":5,"turns":1},{"damage":0,"enemies":"Lagavulin","floor":6,"turns":2},{"damage":15,"enemies":"Small Slimes","floor":8,"turns":2},{"damage":0,"enemies":"Looter","floor":10,"turns":3},{"damage":13,"enemies":"3 Sentries","floor":11,"turns":6},{"damage":5,"enemies":"Hexaghost","floor":16,"turns":8},{"damage":1,"enemies":"3 Byrds","floor":18,"turns":4},{"damage":1,"enemies":"Gremlin Leader","floor":23,"turns":8},{"damage":31,"enemies":"Slavers","floor":25,"turns":10},{"damage":2,"enemies":"Shell Parasite","floor":29,"turns":6},{"damage":5,"enemies":"Shelled Parasite and Fungi","floor":30,"turns":5},{"damage":20,"enemies":"Collector","floor":33,"turns":10},{"damage":0,"enemies":"3 Darklings","floor":35,"turns":5},{"damage":21,"enemies":"Orb Walker","floor":36,"turns":3},{"damage":19,"enemies":"Writhing Mass","floor":38,"turns":3}],"seed_played":"-1163199947159352797","potions_obtained":[{"floor":8,"key":"Dexterity Potion"},{"floor":10,"key":"Dexterity Potion"},{"floor":11,"key":"EntropicBrew"},{"floor":18,"key":"Flashbang"},{"floor":30,"key":"Fruit Juice"},{"floor":33,"key":"PowerPotion"}],"is_trial":false,"path_per_floor":["M","?","?","$","M","E","R","M","T","M","E","?","R","$","R_BF","B",null,"M","?","?","$","?","E","R","E","T","R","$","M","M","?","R","B",null,"M","M","?","M"],"character_chosen":"DEFECT","items_purchased":["Capacitor","Rip and Tear","ReplayTheSpireMod:Reroute Power","Cold Snap","Go for the Eyes","Cold Snap"],"campfire_rested":2,"item_purchase_floors":[4,4,14,21,21,28],"current_hp_per_floor":[64,40,40,40,40,40,40,25,25,25,12,12,33,33,33,28,60,59,59,35,35,35,35,35,4,4,14,14,35,40,40,40,33,38,40,21,14,0,0],"gold":219,"neow_bonus":"THREE_ENEMY_KILL","is_daily":false,"chose_seed":false,"campfire_upgraded":3,"win_rate":0.0,"timestamp":1614223654,"path_taken":["M","?","?","?","M","E","R","M","T","M","E","?","R","$","R_BF","BOSS","M","?","?","?","?","E","R","E","T","R","$","M","?","?","R","BOSS","M","M","?","M"],"items_purchased_type":["Card","Card","Card","Card","Card","Card"],"build_version":"2020-12-22","purchased_purges":1,"victory":false,"max_hp_per_floor":[71,71,71,71,71,71,71,71,71,71,71,71,71,71,71,71,71,71,71,35,35,35,35,35,35,35,35,35,35,40,40,40,40,40,40,40,40,40,40],"card_choices":[{"not_picked":["Heatsinks","Beam Cell"],"picked":"Hologram","floor":1},{"not_picked":["Lockon","Reinforced Body"],"picked":"BasicCrystalCard","floor":5},{"not_picked":["Static Discharge","Coolheaded"],"picked":"Conserve Battery","floor":6},{"not_picked":["Blizzard","Beam Cell"],"picked":"Ball Lightning","floor":8},{"not_picked":["Leap","Beam Cell"],"picked":"Cold Snap","floor":10},{"not_picked":["ReplayTheSpireMod:GoodbyeWorld","Biased Cognition"],"picked":"Consume","floor":10},{"not_picked":["Redo","Loop"],"picked":"Blizzard","floor":11},{"not_picked":["ReplayTheSpireMod:Fabricate Wheel","hubris:DoWhile"],"picked":"Mirror Shield","floor":16},{"not_picked":["Auto Shields","Recycle+1"],"picked":"Sweeping Beam","floor":18},{"not_picked":["Go for the Eyes","Aggregate"],"picked":"Self Repair","floor":18},{"not_picked":["Force Field","Recycle"],"picked":"Leap+1","floor":23},{"not_picked":["Panic Button","Compile Driver"],"picked":"Rainbow","floor":25},{"not_picked":["Go for the Eyes","BasicCrystalCard"],"picked":"Blizzard","floor":29},{"not_picked":["BasicCrystalCard","Barrage"],"picked":"ReplayTheSpireMod:Reroute Power","floor":29},{"not_picked":["Beam Cell+1","Heatsinks"],"picked":"Capacitor","floor":30},{"not_picked":["Coolheaded+1","Hello World"],"picked":"Melter","floor":30},{"not_picked":["Core Surge","Reboot"],"picked":"ReplayTheSpireMod:Omega Cannon","floor":33},{"not_picked":["Redo+1","Compile Driver"],"picked":"Static Discharge","floor":35},{"not_picked":["Reprogram","Stack"],"picked":"Beam Cell","floor":35},{"not_picked":["Leap","Compile Driver+1"],"picked":"Scrape","floor":36},{"not_picked":["ReplayGash+1","Compile Driver","Cold Snap"],"picked":"SKIP","floor":36}],"player_experience":1010503,"relics_obtained":[{"floor":6,"key":"hubris:Metronome"},{"floor":9,"key":"Prayer Wheel"},{"floor":11,"key":"Mirror"},{"floor":15,"key":"hubris:OldNail"},{"floor":23,"key":"reliquary:JackalopeAntler"},{"floor":25,"key":"reliquary:LoveEmittingDiode"},{"floor":26,"key":"hubris:BundleOfHerbs"},{"floor":34,"key":"reliquary:WeakTea"},{"floor":34,"key":"reliquary:PurpleTingedLeaf"},{"floor":34,"key":"Bird Faced Urn"}],"event_choices":[{"damage_healed":0,"gold_gain":0,"player_choice":"Take Damage","damage_taken":24,"relics_obtained":["Golden Idol"],"max_hp_gain":0,"max_hp_loss":0,"event_name":"Golden Idol","floor":2,"gold_loss":0},{"damage_healed":0,"gold_gain":150,"player_choice":"AGREE","damage_taken":0,"max_hp_gain":0,"max_hp_loss":0,"event_name":"Liars Game","floor":3,"gold_loss":0,"cards_obtained":["Doubt"]},{"damage_healed":0,"gold_gain":0,"player_choice":"Ignored","damage_taken":0,"max_hp_gain":0,"max_hp_loss":0,"event_name":"Beggar","floor":19,"gold_loss":0},{"damage_healed":0,"gold_gain":0,"player_choice":"Became a Ghost","damage_taken":0,"max_hp_gain":0,"max_hp_loss":36,"event_name":"Ghosts","floor":20,"gold_loss":0,"cards_obtained":["Ghostly","Ghostly","Ghostly"]},{"damage_healed":0,"gold_gain":0,"player_choice":"Copied","damage_taken":0,"max_hp_gain":0,"max_hp_loss":0,"event_name":"Duplicator","floor":22,"gold_loss":0,"cards_obtained":["Ghostly"]},{"damage_healed":0,"gold_gain":0,"player_choice":"Opened","damage_taken":0,"relics_obtained":["DataDisk"],"max_hp_gain":0,"max_hp_loss":0,"event_name":"The Mausoleum","floor":31,"gold_loss":0,"cards_obtained":["Writhe"]},{"damage_healed":0,"gold_gain":0,"player_choice":"Embrace Madness","damage_taken":7,"max_hp_gain":0,"max_hp_loss":0,"event_name":"Winding Halls","floor":37,"gold_loss":0,"cards_obtained":["Madness","Madness"]}],"is_beta":false,"boss_relics":[{"not_picked":["reliquary:RedCape","Kintsugi"],"picked":"Cursed Key"},{"not_picked":["Replay:Grab Bag","Runic Dome"],"picked":"Calling Bell"}],"items_purged_floors":[4],"is_endless":false,"potions_floor_spawned":[8,10,11,18,30,33],"killed_by":"Writhing Mass","ascension_level":16}}