{"host":"zx8rmvlb08usbkpl","time":1614292284,"event":{"mods":["BaseMod","BetterRewards","Colored Powertips","Dota2Spire","Downfall","GifTheSpireLib","Marisa????????","Minty Spire (QoL Compilation)","Quick Restart","StSLib","Stuff the Spire","The Bug Knight","The Senshi"],"gold_per_floor":[111,130,48,65,84,84,84,84,109,109,122,137,170,189,189,284,284,303,315,315,329,329,329],"floor_reached":22,"language":"ENG","playtime":890,"items_purged":[],"score":190,"play_id":"b8159a16-5567-4af4-9365-dfdfff82e774","local_time":"20210225173124","is_ascension_mode":false,"campfire_choices":[{"data":"A Thousand Cuts","floor":6,"key":"SMITH"},{"data":"Caltrops","floor":10,"key":"SMITH"},{"data":"StuffTheSpire:Shiver","floor":15,"key":"SMITH"}],"circlet_count":0,"master_deck":["Strike_G","Strike_G","Strike_G","Strike_G","Defend_G","Defend_G","Defend_G","Defend_G","Defend_G","Survivor","Neutralize","A Thousand Cuts+1","Slice","Caltrops+1","Finesse","Finisher","Infinite Blades+1","Finisher","StuffTheSpire:Shiver+1","Backflip","A Thousand Cuts","Blade Dance+1","Cloak And Dagger","Slice"],"relics":["Ring of the Serpent","Art of War"],"acts_visited":["Exordium","TheCity"],"potions_floor_usage":[],"damage_taken":[{"damage":0,"enemies":"2 Louse","floor":1,"turns":4},{"damage":1,"enemies":"Jaw Worm","floor":2,"turns":4},{"damage":1,"enemies":"Cultist","floor":4,"turns":4},{"damage":15,"enemies":"Gremlin Gang","floor":5,"turns":6},{"damage":0,"enemies":"Blue Slaver","floor":11,"turns":3},{"damage":10,"enemies":"Lots of Slimes","floor":12,"turns":3},{"damage":3,"enemies":"Lagavulin","floor":13,"turns":5},{"damage":0,"enemies":"Large Slime","floor":14,"turns":3},{"damage":12,"enemies":"The Guardian","floor":16,"turns":10},{"damage":26,"enemies":"Spheric Guardian","floor":18,"turns":5},{"damage":7,"enemies":"Chosen","floor":19,"turns":5},{"damage":21,"enemies":"Snecko","floor":21,"turns":6},{"damage":13,"enemies":"Chosen and Byrds","floor":22,"turns":1}],"seed_played":"7888373068570008265","potions_obtained":[{"floor":2,"key":"Dota2Spire:Clarity"},{"floor":4,"key":"SmokeBomb"},{"floor":14,"key":"Dota2Spire:Clarity"}],"is_trial":false,"path_per_floor":["M","M","$","M","M","R","?","?","T","R","M","M","E","M","R","B",null,"M","M","?","M","M"],"character_chosen":"THE_SILENT","items_purchased":["Finesse"],"campfire_rested":0,"item_purchase_floors":[3],"current_hp_per_floor":[70,69,69,68,53,53,53,53,53,53,53,43,40,40,40,28,70,44,37,30,9,0,0],"gold":329,"neow_bonus":"ONE_RANDOM_RARE_CARD","is_daily":false,"chose_seed":false,"campfire_upgraded":3,"win_rate":0.0,"timestamp":1614292284,"path_taken":["M","M","$","M","M","R","?","?","T","R","M","?","E","M","R","BOSS","M","?","?","M","M"],"items_purchased_type":["Card"],"build_version":"2020-12-22","purchased_purges":0,"victory":false,"max_hp_per_floor":[70,70,70,70,70,70,70,70,70,70,70,70,70,70,70,70,70,70,70,70,70,70,70],"card_choices":[{"not_picked":["Catalyst","StuffTheSpire:Incantation"],"picked":"Slice","floor":1},{"not_picked":["Flying Knee","StuffTheSpire:Incursion"],"picked":"Caltrops","floor":2},{"not_picked":["Acrobatics","Dash"],"picked":"Finisher","floor":4},{"not_picked":["Flechettes","Dodge and Roll"],"picked":"Infinite Blades","floor":5},{"not_picked":["Underhanded Strike","Acrobatics"],"picked":"Finisher","floor":11},{"not_picked":["Backflip","Noxious Fumes"],"picked":"StuffTheSpire:Shiver","floor":12},{"not_picked":["Crippling Poison","StuffTheSpire:ClusterCrunch"],"picked":"Backflip","floor":13},{"not_picked":["StuffTheSpire:Python","Calculated Gamble","Backflip"],"picked":"SKIP","floor":14},{"not_picked":["Tools of the Trade","Phantasmal Killer"],"picked":"A Thousand Cuts","floor":16},{"not_picked":["Bane+1","Backflip"],"picked":"Blade Dance+1","floor":18},{"not_picked":["Distraction","Dagger Throw"],"picked":"Cloak And Dagger","floor":19},{"not_picked":["Underhanded Strike","StuffTheSpire:Python+1"],"picked":"Slice","floor":21}],"player_experience":1072421,"relics_obtained":[{"floor":13,"key":"Art of War"}],"event_choices":[{"damage_healed":0,"gold_gain":0,"player_choice":"Grow","damage_taken":0,"max_hp_gain":0,"max_hp_loss":0,"event_name":"Living Wall","floor":7,"gold_loss":0,"cards_upgraded":["Infinite Blades"]},{"cards_removed":["Strike_G"],"damage_healed":0,"gold_gain":0,"player_choice":"Offered Basic","damage_taken":0,"max_hp_gain":0,"max_hp_loss":0,"event_name":"Bonfire Elementals","floor":8,"gold_loss":0},{"damage_healed":0,"gold_gain":0,"player_choice":"Damaged","damage_taken":7,"max_hp_gain":0,"max_hp_loss":0,"event_name":"Wheel of Change","floor":20,"gold_loss":0}],"is_beta":false,"boss_relics":[{"not_picked":["StuffTheSpire:ModemDavis","Busted Crown"],"picked":"Ring of the Serpent"}],"items_purged_floors":[],"is_endless":false,"potions_floor_spawned":[2,4,14,16,18],"killed_by":"Chosen and Byrds","ascension_level":0}}