{"host":"uafoej811sw8via1","time":1614229888,"event":{"mods":["BaseMod","Minty Spire (QoL Compilation)","Relic Stats","StSLib"],"gold_per_floor":[99,99,99,99,99,99,99,99,99,99,99,16,16,16,16,16,16,16,16,16,16,16,16,16,16,16,16,16,16,16,16,16,16,16],"floor_reached":33,"language":"ENG","playtime":2027,"items_purged":[],"score":598,"play_id":"8e506ecb-dd79-4a4d-9fb9-da24cef019b6","local_time":"20210225001128","is_ascension_mode":true,"campfire_choices":[{"data":"Perfected Strike","floor":6,"key":"SMITH"},{"floor":8,"key":"REST"},{"data":"Shockwave","floor":11,"key":"SMITH"},{"data":"Whirlwind","floor":13,"key":"SMITH"},{"data":"Spot Weakness","floor":15,"key":"SMITH"},{"data":"Inflame","floor":24,"key":"SMITH"},{"data":"Whirlwind","floor":29,"key":"SMITH"},{"floor":32,"key":"REST"}],"circlet_count":0,"master_deck":["AscendersBane","Bash","Feel No Pain","Perfected Strike+1","Shrug It Off","Shockwave+1","Clothesline","True Grit","Whirlwind+1","Spot Weakness+1","Reaper","Heavy Blade","Exhume","Perfected Strike","Burning Pact+1","Whirlwind+1","Shrug It Off","Flex+1","Twin Strike","Armaments","Havoc","Inflame+1","Hemokinesis+1","Pommel Strike","Disarm","Disarm","Battle Trance+1"],"relics":["Ectoplasm","Ornamental Fan","Orichalcum","Golden Idol","Regal Pillow","Pandora\u0027s Box","War Paint","Boot","Akabeko"],"acts_visited":["Exordium","TheCity"],"potions_floor_usage":[4,7,14,21,21,23,30,31],"damage_taken":[{"damage":0,"enemies":"2 Louse","floor":1,"turns":3},{"damage":7,"enemies":"Small Slimes","floor":2,"turns":4},{"damage":0,"enemies":"Cultist","floor":3,"turns":3},{"damage":4,"enemies":"3 Louse","floor":4,"turns":3},{"damage":17,"enemies":"Lots of Slimes","floor":5,"turns":5},{"damage":24,"enemies":"Gremlin Nob","floor":7,"turns":4},{"damage":9,"enemies":"Lagavulin","floor":14,"turns":6},{"damage":22,"enemies":"Slime Boss","floor":16,"turns":5},{"damage":0,"enemies":"3 Byrds","floor":18,"turns":2},{"damage":7,"enemies":"Shell Parasite","floor":20,"turns":4},{"damage":0,"enemies":"Sentry and Sphere","floor":21,"turns":3},{"damage":20,"enemies":"Snecko","floor":22,"turns":6},{"damage":26,"enemies":"Book of Stabbing","floor":23,"turns":5},{"damage":35,"enemies":"Gremlin Leader","floor":25,"turns":5},{"damage":2,"enemies":"Snake Plant","floor":27,"turns":2},{"damage":10,"enemies":"Cultist and Chosen","floor":30,"turns":4},{"damage":25,"enemies":"Shelled Parasite and Fungi","floor":31,"turns":2},{"damage":70,"enemies":"Collector","floor":33,"turns":9}],"seed_played":"9190419622654010934","potions_obtained":[{"floor":3,"key":"Block Potion"},{"floor":4,"key":"BlessingOfTheForge"},{"floor":5,"key":"Strength Potion"},{"floor":16,"key":"Fire Potion"},{"floor":18,"key":"DuplicationPotion"},{"floor":22,"key":"LiquidMemories"},{"floor":25,"key":"AttackPotion"},{"floor":30,"key":"GamblersBrew"}],"is_trial":false,"path_per_floor":["M","M","M","M","M","R","E","R","T","?","R","$","R","E","R","B",null,"M","?","M","M","M","E","R","E","T","M","?","R","M","M","R","B"],"character_chosen":"IRONCLAD","items_purchased":["Whirlwind"],"campfire_rested":2,"item_purchase_floors":[12],"current_hp_per_floor":[68,61,61,57,40,40,16,38,38,38,38,38,38,29,29,7,53,53,47,40,44,41,33,33,31,31,29,29,29,43,18,53,0,0],"gold":16,"neow_bonus":"BOSS_RELIC","is_daily":false,"chose_seed":false,"campfire_upgraded":6,"win_rate":0.0,"timestamp":1614229888,"path_taken":["M","M","M","M","M","R","E","R","T","?","R","$","R","E","R","BOSS","M","?","M","M","M","E","R","E","T","?","?","R","M","M","R","BOSS"],"items_purchased_type":["Card"],"build_version":"2020-12-22","purchased_purges":0,"victory":false,"max_hp_per_floor":[75,75,75,75,75,75,75,75,75,68,68,68,68,68,68,68,68,68,68,68,68,68,68,68,68,68,68,68,68,68,68,68,68,68],"relic_stats":{"Regal Pillow":15,"counters":[18,75],"Ornamental Fan":[16],"Golden Idol":66,"Pandora\u0027s Box":["Heavy Blade","Exhume","Perfected Strike","Burning Pact","Whirlwind","Shrug It Off","Flex","Twin Strike","Armaments"],"Ectoplasm":485,"Orichalcum":[114],"War Paint":["Flex","Burning Pact"],"Boot":[4],"obtain_stats":[{"Regal Pillow":14,"Ornamental Fan":7,"Golden Idol":10,"Pandora\u0027s Box":17,"Ectoplasm":0,"Orichalcum":9,"War Paint":23,"Boot":25,"Burning Blood":0,"Akabeko":26},{"Regal Pillow":7,"Ornamental Fan":6,"Golden Idol":6,"Pandora\u0027s Box":8,"Ectoplasm":0,"Orichalcum":6,"War Paint":13,"Boot":14,"Burning Blood":0,"Akabeko":14},{"Regal Pillow":28,"Ornamental Fan":22,"Golden Idol":22,"Pandora\u0027s Box":33,"Ectoplasm":0,"Orichalcum":22,"War Paint":53,"Boot":58,"Burning Blood":0,"Akabeko":58}]},"card_choices":[{"not_picked":["Twin Strike","Sentinel"],"picked":"Feel No Pain","floor":1},{"not_picked":["Rupture","Blood for Blood"],"picked":"Perfected Strike","floor":2},{"not_picked":["Warcry","Clash"],"picked":"Shrug It Off","floor":3},{"not_picked":["Warcry","Ghostly Armor"],"picked":"Shockwave","floor":4},{"not_picked":["Thunderclap","True Grit"],"picked":"Clothesline","floor":5},{"not_picked":["Clothesline","Dark Embrace"],"picked":"True Grit","floor":7},{"not_picked":["Immolate","Flex"],"picked":"Spot Weakness","floor":14},{"not_picked":["Double Tap","Juggernaut"],"picked":"Reaper","floor":16},{"not_picked":["Infernal Blade","Armaments","Iron Wave"],"picked":"SKIP","floor":18},{"not_picked":["Intimidate","Iron Wave"],"picked":"Havoc","floor":20},{"not_picked":["Clothesline","Infernal Blade"],"picked":"Inflame","floor":21},{"not_picked":["Pummel","Spot Weakness","Warcry"],"picked":"SKIP","floor":22},{"not_picked":["Clash","Body Slam"],"picked":"Hemokinesis+1","floor":23},{"not_picked":["Sever Soul","Ghostly Armor"],"picked":"Pommel Strike","floor":25},{"not_picked":["Entrench","Havoc"],"picked":"Disarm","floor":27},{"not_picked":["Clash","Dropkick","Thunderclap"],"picked":"SKIP","floor":30},{"not_picked":["Demon Form","Clash"],"picked":"Battle Trance+1","floor":31}],"player_experience":1111811,"relics_obtained":[{"floor":7,"key":"Ornamental Fan"},{"floor":9,"key":"Orichalcum"},{"floor":14,"key":"Regal Pillow"},{"floor":23,"key":"War Paint"},{"floor":25,"key":"Boot"},{"floor":26,"key":"Akabeko"}],"event_choices":[{"damage_healed":0,"gold_gain":0,"player_choice":"Lose Max HP","damage_taken":0,"relics_obtained":["Golden Idol"],"max_hp_gain":0,"max_hp_loss":7,"event_name":"Golden Idol","floor":10,"gold_loss":0},{"damage_healed":0,"gold_gain":0,"player_choice":"","damage_taken":6,"max_hp_gain":0,"max_hp_loss":0,"event_name":"Knowing Skull","floor":19,"potions_obtained":[],"gold_loss":0,"cards_obtained":[]},{"damage_healed":0,"gold_gain":0,"player_choice":"Read","damage_taken":0,"max_hp_gain":0,"max_hp_loss":0,"event_name":"The Library","floor":28,"gold_loss":0,"cards_obtained":["Disarm"]}],"is_beta":false,"boss_relics":[{"not_picked":["Velvet Choker","Black Star"],"picked":"Pandora\u0027s Box"}],"items_purged_floors":[],"is_endless":false,"potions_floor_spawned":[3,4,5,16,18,22,25,30],"killed_by":"Collector","ascension_level":20}}