{"host":"by2xx8ri294xcjpl","time":1614263759,"event":{"mods":["Act Like it!","BaseMod","Dota2Spire","Downfall","Minty Spire (QoL Compilation)","Relic Stats","Replay The Spire","StSLib","【功能Mod】混沌之环修复补丁","【功能Mod】精心准备","【遗物Mod】简单游戏","【遗物卡牌】REMEMod"],"gold_per_floor":[116,116,137,137,155,155,198,198,224,17,33,369,369,369,369,497,497,522,535,535,350,371,371,371],"floor_reached":23,"language":"ZHS","playtime":714,"items_purged":[],"score":261,"play_id":"70b2f0ce-917d-4944-a3fc-df4f41c99815","local_time":"20210225223559","is_ascension_mode":true,"campfire_choices":[{"floor":6,"key":"RECALL"},{"floor":8,"key":"REST"},{"data":"Armaments","floor":13,"key":"SMITH"},{"data":"Body Slam","floor":15,"key":"SMITH"}],"circlet_count":0,"master_deck":["Defend_R","Defend_R","Defend_R","Defend_R","Bash","Body Slam+1","Flame Barrier+1","Uppercut","Run Through","Clash","Metallicize","Armaments+1","Twin Strike","Dropkick","Barricade+1","Replay:Undeath\u0027s Touch","Perfected Strike","Slimebound:Tackle+1","Slimebound:Tackle+1","Slimebound:Tackle+1","Metallicize","Clash+1"],"relics":["EasyRelic","Calipers","Philosopher\u0027s Stone","Golden Idol","Dota2Spire:ShadowBlade","Membership Card","Old Coin","Dota2Spire:RefresherOrb","Regal Pillow","Guide Book"],"acts_visited":["Exordium","TheCity"],"potions_floor_usage":[12,16,23],"damage_taken":[{"damage":0,"enemies":"Cultist","floor":1,"turns":2},{"damage":6,"enemies":"2 Louse","floor":3,"turns":3},{"damage":0,"enemies":"Small Slimes","floor":5,"turns":3},{"damage":0,"enemies":"Lagavulin","floor":7,"turns":5},{"damage":12,"enemies":"3 Louse","floor":11,"turns":3},{"damage":0,"enemies":"Gremlin Nob","floor":12,"turns":2},{"damage":5,"enemies":"The Guardian","floor":16,"turns":7},{"damage":11,"enemies":"Shell Parasite","floor":18,"turns":3},{"damage":11,"enemies":"Spheric Guardian","floor":19,"turns":3},{"damage":11,"enemies":"Snake Plant","floor":22,"turns":2},{"damage":50,"enemies":"REME_1_Revenger","floor":23,"turns":4}],"seed_played":"2125697583806125131","potions_obtained":[{"floor":7,"key":"AttackPotion"},{"floor":11,"key":"Swift Potion"},{"floor":14,"key":"FearPotion"},{"floor":14,"key":"BlessingOfTheForge"},{"floor":16,"key":"Block Potion"}],"is_trial":false,"path_per_floor":["M","?","M","?","M","R","E","R","T","$","M","E","R","?","R","B",null,"M","M","?","$","M","E"],"character_chosen":"IRONCLAD","items_purchased":["Membership Card","Metallicize","Armaments","Regal Pillow","Guide Book","Metallicize"],"campfire_rested":1,"item_purchase_floors":[10,10,10,21,21,21],"current_hp_per_floor":[80,60,54,54,54,54,54,78,78,78,66,66,66,66,66,61,80,69,58,58,58,47,0,0],"gold":371,"neow_bonus":"BOSS_RELIC","is_daily":false,"chose_seed":false,"campfire_upgraded":2,"win_rate":0.0,"timestamp":1614263759,"path_taken":["M","?","M","?","?","R","E","R","T","$","M","E","R","?","R","BOSS","M","?","?","$","M","E"],"items_purchased_type":["Relic","Card","Card","Relic","Relic","Card"],"build_version":"2020-12-22","purchased_purges":0,"victory":false,"max_hp_per_floor":[80,80,80,80,80,80,80,80,80,80,80,80,80,80,80,80,80,80,80,80,80,80,80,80],"relic_stats":{"Regal Pillow":0,"counters":[11,37],"Golden Idol":65,"obtain_stats":[{"Regal Pillow":21,"Calipers":0,"Golden Idol":2,"Guide Book":21,"Philosopher\u0027s Stone":0,"Dota2Spire:ShadowBlade":7,"Dota2Spire:RefresherOrb":17,"Membership Card":10,"Burning Blood":0,"REME_ComplimentaryCards":0,"EasyRelic":0,"Old Coin":12},{"Regal Pillow":9,"Calipers":0,"Golden Idol":1,"Guide Book":9,"Philosopher\u0027s Stone":0,"Dota2Spire:ShadowBlade":4,"Dota2Spire:RefresherOrb":7,"Membership Card":4,"Burning Blood":0,"REME_ComplimentaryCards":0,"EasyRelic":0,"Old Coin":6},{"Regal Pillow":31,"Calipers":0,"Golden Idol":2,"Guide Book":31,"Philosopher\u0027s Stone":0,"Dota2Spire:ShadowBlade":13,"Dota2Spire:RefresherOrb":25,"Membership Card":13,"Burning Blood":0,"REME_ComplimentaryCards":0,"EasyRelic":0,"Old Coin":18}]},"card_choices":[{"not_picked":["REME_Scribble","Heavy Blade"],"picked":"Body Slam","floor":1},{"not_picked":["Warcry","Twin Strike"],"picked":"Flame Barrier","floor":3},{"not_picked":["Life Link","Fire Breathing"],"picked":"Run Through","floor":5},{"not_picked":["Ghostly Armor","Twin Strike"],"picked":"Clash","floor":7},{"not_picked":["Wild Strike","Abandon"],"picked":"Twin Strike","floor":11},{"not_picked":["ReplayTheSpireMod:Stacked","Battle Trance"],"picked":"Dropkick","floor":12},{"not_picked":["Corruption","Fiend Fire"],"picked":"Barricade","floor":16},{"not_picked":["True Grit","Clash"],"picked":"Replay:Undeath\u0027s Touch","floor":18},{"not_picked":["Feel No Pain+1","Evolve"],"picked":"Perfected Strike","floor":19},{"not_picked":["Armaments+1","Carnage"],"picked":"Clash+1","floor":22}],"player_experience":42156,"relics_obtained":[{"floor":7,"key":"Dota2Spire:ShadowBlade"},{"floor":12,"key":"Old Coin"}],"event_choices":[{"damage_healed":0,"gold_gain":0,"player_choice":"Take Damage","damage_taken":20,"relics_obtained":["Golden Idol"],"max_hp_gain":0,"max_hp_loss":0,"event_name":"Golden Idol","floor":2,"gold_loss":0},{"damage_healed":0,"gold_gain":0,"player_choice":"1 cards matched","damage_taken":0,"max_hp_gain":0,"max_hp_loss":0,"event_name":"Match and Keep!","floor":4,"gold_loss":0,"cards_obtained":["Uppercut"]},{"damage_healed":0,"gold_gain":0,"player_choice":"Got Potions","damage_taken":0,"max_hp_gain":0,"max_hp_loss":0,"event_name":"Lab","floor":14,"gold_loss":0}],"is_beta":false,"boss_relics":[{"not_picked":["REME_ChargedStone","Astrolabe"],"picked":"Dota2Spire:RefresherOrb"}],"items_purged_floors":[],"is_endless":false,"potions_floor_spawned":[7,11,16,22],"killed_by":"REME_1_Revenger","ascension_level":1}}