{"host":"oi6p1guiqfwwvxym","time":1614214008,"event":{"mods":["BaseMod","Bestiary","Colored Map","Minty Spire (QoL Compilation)","Relic Stats"],"gold_per_floor":[362,378,249,269,279,279,310,326,326,326,352,367,367,392,392,469,469,489,489,120,120,140,171,171,202,202,202,217,244,244,244,244,318,318,329,382,382,382,382],"floor_reached":38,"language":"ENG","playtime":1726,"items_purged":["Clumsy","Strike_R"],"score":900,"play_id":"f8eb6519-c0b3-46d0-a375-db6793b437b3","local_time":"20210224164648","is_ascension_mode":true,"campfire_choices":[{"data":"Bash","floor":6.0,"key":"SMITH"},{"data":"Blood for Blood","floor":10.0,"key":"SMITH"},{"floor":15.0,"key":"REST"},{"floor":24.0,"key":"REST"},{"data":"Dark Embrace","floor":27.0,"key":"SMITH"},{"floor":32.0,"key":"REST"}],"circlet_count":0,"master_deck":["AscendersBane","Strike_R+1","Strike_R","Strike_R","Strike_R","Defend_R","Defend_R","Defend_R","Defend_R","Bash+1","Iron Wave","Clothesline","Corruption+1","Pommel Strike","Dark Embrace+1","Blood for Blood+1","Anger+1","Demon Form+1","Sword Boomerang+1","Feed+1","Heavy Blade+1","Necronomicurse","Shrug It Off","Shrug It Off","Bloodletting","Uppercut+1","Whirlwind+1","Ghostly","Ghostly","Ghostly","Reaper+1"],"relics":["Burning Blood","Bronze Scales","Molten Egg 2","TungstenRod","SlaversCollar","Necronomicon","OrangePellets","Dream Catcher","Question Card","Gremlin Horn","Calipers","Philosopher\u0027s Stone","Girya"],"acts_visited":["Exordium","TheCity","TheBeyond"],"potions_floor_usage":[35],"damage_taken":[{"damage":12.0,"enemies":"Jaw Worm","floor":1.0,"turns":4.0},{"damage":8.0,"enemies":"2 Louse","floor":2.0,"turns":3.0},{"damage":6.0,"enemies":"Cultist","floor":4.0,"turns":3.0},{"damage":5.0,"enemies":"2 Fungi Beasts","floor":5.0,"turns":5.0},{"damage":20.0,"enemies":"Gremlin Nob","floor":7.0,"turns":4.0},{"damage":10.0,"enemies":"Large Slime","floor":8.0,"turns":6.0},{"damage":10.0,"enemies":"Lagavulin","floor":11.0,"turns":6.0},{"damage":2.0,"enemies":"3 Louse","floor":12.0,"turns":2.0},{"damage":15.0,"enemies":"Gremlin Nob","floor":14.0,"turns":4.0},{"damage":27.0,"enemies":"Slime Boss","floor":16.0,"turns":6.0},{"damage":22.0,"enemies":"Spheric Guardian","floor":18.0,"turns":4.0},{"damage":0.0,"enemies":"3 Byrds","floor":22.0,"turns":2.0},{"damage":30.0,"enemies":"Book of Stabbing","floor":23.0,"turns":4.0},{"damage":10.0,"enemies":"Gremlin Leader","floor":25.0,"turns":4.0},{"damage":13.0,"enemies":"Cultist and Chosen","floor":28.0,"turns":4.0},{"damage":25.0,"enemies":"Slavers","floor":29.0,"turns":5.0},{"damage":27.0,"enemies":"Collector","floor":33.0,"turns":8.0},{"damage":0,"enemies":"Orb Walker","floor":35,"turns":3},{"damage":27,"enemies":"2 Orb Walkers","floor":36,"turns":3},{"damage":25,"enemies":"3 Darklings","floor":38,"turns":2}],"seed_played":"-1102637184143140654","potions_obtained":[{"floor":1.0,"key":"EssenceOfSteel"},{"floor":12.0,"key":"AttackPotion"},{"floor":14.0,"key":"Energy Potion"},{"floor":16.0,"key":"Swift Potion"},{"floor":23.0,"key":"SteroidPotion"},{"floor":28.0,"key":"GamblersBrew"},{"floor":35,"key":"BlessingOfTheForge"}],"is_trial":false,"path_per_floor":["M","M","$","M","M","R","E","M","T","R","E","M","?","E","R","B",null,"M","?","$","?","M","E","R","E","T","R","M","E","?","?","R","B",null,"M","?","?","M"],"character_chosen":"IRONCLAD","items_purchased":["Explosive Potion","BloodPotion","Shrug It Off","OrangePellets"],"campfire_rested":3,"item_purchase_floors":[3,20,20,20],"current_hp_per_floor":[62,60,60,60,61,61,47,43,43,43,39,43,21,12,34,13,60,44,27,27,27,48,24,46,42,42,42,39,20,20,20,31,10,32,38,17,17,0,0],"gold":382,"neow_bonus":"TWO_FIFTY_GOLD","is_daily":false,"chose_seed":false,"campfire_upgraded":3,"win_rate":0.0,"timestamp":1614214008,"path_taken":["M","M","$","M","M","R","E","M","T","R","E","M","?","E","R","BOSS","M","?","$","?","M","E","R","E","T","R","?","E","?","?","R","BOSS","M","?","?","M"],"items_purchased_type":["Potion","Potion","Card","Relic"],"build_version":"2020-12-22","purchased_purges":2,"victory":false,"max_hp_per_floor":[75,75,75,75,75,75,75,75,75,75,75,75,75,75,75,75,75,75,75,75,75,75,75,75,75,75,75,79,79,39,39,39,39,39,39,39,39,39,39],"relic_stats":{"OrangePellets":[0],"Dream Catcher":2,"Gremlin Horn":[8,8],"counters":[20,82],"Bronze Scales":[179],"Necronomicon":[29],"Question Card":6,"obtain_stats":[{"Girya":36,"Calipers":29,"Gremlin Horn":26,"Question Card":25,"Burning Blood":0,"SlaversCollar":17,"OrangePellets":20,"Dream Catcher":23,"Bronze Scales":7,"Molten Egg 2":9,"Philosopher\u0027s Stone":34,"Necronomicon":19,"TungstenRod":11},{"Girya":19,"Calipers":16,"Gremlin Horn":14,"Question Card":14,"Burning Blood":0,"SlaversCollar":10,"OrangePellets":11,"Dream Catcher":13,"Bronze Scales":5,"Molten Egg 2":6,"Philosopher\u0027s Stone":17,"Necronomicon":11,"TungstenRod":7},{"Girya":80,"Calipers":66,"Gremlin Horn":57,"Question Card":57,"Burning Blood":0,"SlaversCollar":43,"OrangePellets":47,"Dream Catcher":53,"Bronze Scales":19,"Molten Egg 2":25,"Philosopher\u0027s Stone":74,"Necronomicon":47,"TungstenRod":31}],"Burning Blood":114,"TungstenRod":49},"card_choices":[{"not_picked":["Warcry","Havoc"],"picked":"Iron Wave","floor":1.0},{"not_picked":["Shrug It Off","Perfected Strike"],"picked":"Clothesline","floor":2.0},{"not_picked":["Headbutt","Clothesline"],"picked":"Corruption","floor":4.0},{"not_picked":["Wild Strike","Warcry"],"picked":"Pommel Strike","floor":5.0},{"not_picked":["Sever Soul","Thunderclap"],"picked":"Dark Embrace","floor":7.0},{"not_picked":["Twin Strike","Anger"],"picked":"Blood for Blood","floor":8.0},{"not_picked":["Intimidate","Clothesline+1"],"picked":"Anger+1","floor":11.0},{"not_picked":["Anger+1","Rupture"],"picked":"Demon Form","floor":12.0},{"not_picked":["Dual Wield","Bloodletting"],"picked":"Sword Boomerang+1","floor":14.0},{"not_picked":["Barricade","Reaper+1"],"picked":"Feed+1","floor":16.0},{"not_picked":["Spot Weakness","Headbutt+1"],"picked":"Heavy Blade+1","floor":18.0},{"not_picked":["Anger+1","Warcry","Clothesline+1"],"picked":"SKIP","floor":22.0},{"not_picked":["Barricade","Body Slam+1"],"picked":"Shrug It Off","floor":23.0},{"not_picked":["Heavy Blade+1","Perfected Strike+1"],"picked":"Bloodletting","floor":24.0},{"not_picked":["Body Slam+1","Pummel+1"],"picked":"Uppercut+1","floor":25.0},{"not_picked":["Flex","Armaments","Body Slam+1"],"picked":"Seeing Red","floor":28.0},{"not_picked":["Perfected Strike+1","Dark Embrace","Rupture"],"picked":"Whirlwind+1","floor":29.0},{"not_picked":["Double Tap","Barricade","Exhume"],"picked":"Reaper+1","floor":33.0},{"not_picked":["Warcry","Clothesline+1","Anger+1","Dropkick+1"],"picked":"SKIP","floor":35}],"player_experience":459725,"relics_obtained":[{"floor":7.0,"key":"Bronze Scales"},{"floor":9.0,"key":"Molten Egg 2"},{"floor":11.0,"key":"TungstenRod"},{"floor":19.0,"key":"Necronomicon"},{"floor":23.0,"key":"Dream Catcher"},{"floor":25.0,"key":"Question Card"},{"floor":26.0,"key":"Gremlin Horn"},{"floor":29.0,"key":"Calipers"},{"floor":36,"key":"Girya"}],"event_choices":[{"damage_healed":0.0,"max_hp_gain":0.0,"max_hp_loss":0.0,"gold_gain":0.0,"event_name":"Shining Light","player_choice":"Entered Light","floor":13.0,"gold_loss":0.0,"damage_taken":23.0,"cards_upgraded":["Demon Form","Strike_R"]},{"damage_healed":0.0,"max_hp_gain":0.0,"max_hp_loss":0.0,"gold_gain":0.0,"event_name":"Cursed Tome","player_choice":"Obtained Book","floor":19.0,"gold_loss":0.0,"damage_taken":21.0},{"damage_healed":0.0,"max_hp_gain":0.0,"max_hp_loss":0.0,"gold_gain":0.0,"event_name":"Accursed Blacksmith","player_choice":"Forge","floor":21.0,"gold_loss":0.0,"damage_taken":0.0,"cards_upgraded":["Corruption"]},{"damage_healed":0.0,"max_hp_gain":0.0,"max_hp_loss":40.0,"gold_gain":0.0,"event_name":"Ghosts","player_choice":"Became a Ghost","floor":30.0,"gold_loss":0.0,"damage_taken":0.0,"cards_obtained":["Ghostly","Ghostly","Ghostly"]},{"damage_healed":0.0,"max_hp_gain":0.0,"max_hp_loss":0.0,"gold_gain":0.0,"event_name":"Vampires","player_choice":"Ignored","floor":31.0,"gold_loss":0.0,"damage_taken":0.0},{"damage_healed":0,"gold_gain":0,"player_choice":"Fight","damage_taken":0,"max_hp_gain":0,"max_hp_loss":0,"event_name":"Mysterious Sphere","floor":36,"gold_loss":0},{"cards_removed":["Seeing Red"],"damage_healed":0,"gold_gain":0,"player_choice":"Removed Skill","damage_taken":0,"max_hp_gain":0,"max_hp_loss":0,"event_name":"Falling","floor":37,"gold_loss":0}],"is_beta":false,"boss_relics":[{"not_picked":["SacredBark","Black Blood"],"picked":"SlaversCollar"},{"not_picked":["Fusion Hammer","Calling Bell"],"picked":"Philosopher\u0027s Stone"}],"items_purged_floors":[3,20],"is_endless":false,"potions_floor_spawned":[1,12,14,16,23,28,35],"killed_by":"3 Darklings","ascension_level":20}}