{"host":"qrfkyfrpo74atslb","time":1614249673,"event":{"mods":["Astrologer","Bartender","BaseMod","Beaked The Cultist","Better Note","Better Third Choice","CapriCore","Colored Map","Colored Powertips","Conspire","DeckTracker","Downfall","GungeonMod","Hermit","Hero for Fun","Hubris","Koishi","LagranYue(???·?)","Mad Scientist","Marisa????????","Minty Spire (QoL Compilation)","Prisma Mod","Reimu??????","Remilia??????","StSLib","The Administrix","The Alterego","The Bladedancer","The Cursed","The Gatherer","The Immortal","The Mystic","The Necromancer","The Runesmith","The Servant 0.9.4","The Wild Card","TheSwordswoman","WarShipGirlsR/????R mod","Yakumo Yukari mod","Yuyuko"],"gold_per_floor":[119,99,113,125,125,125,158,158,158,168,53,71,71,71,71,170,170,183,183,194,284,300,333,333,351,351,351,365,384,403,417,432,432,432,432],"floor_reached":34,"language":"ENG","playtime":1493,"items_purged":[],"score":378,"play_id":"44a541cf-e0a4-4c9c-a626-0f58769286a1","local_time":"20210225234113","is_ascension_mode":false,"campfire_choices":[{"data":"rmod:supportaircraftcarrier","floor":6,"key":"SMITH"},{"data":"conspire:Banana","floor":8,"key":"SMITH"},{"floor":13,"key":"REST"},{"data":"rmod:highspeedmaneuver","floor":15,"key":"SMITH"},{"floor":24,"key":"REST"},{"floor":27,"key":"REST"},{"floor":33,"key":"REST"}],"circlet_count":0,"master_deck":["rmod:strick","rmod:strick","rmod:strick","rmod:strick","rmod:defend","rmod:defend","rmod:defend","rmod:defend","rmod:basicallowance","rmod:maingunfire","conspire:Banana+1","rmod:victimresponsibility","rmod:unsinkable","rmod:expeditionaryescort","rmod:maintain","rmod:supportaircraftcarrier+1","rmod:fuelsupply","rmod:ammunitionsupply","rmod:diamondstrike","rmod:tearstotiara","rmod:victimresponsibility","rmod:wolves","rmod:highspeedmaneuver+1","rmod:aluminumsupply","Burn","rmod:abidefaith","rmod:rockthrower","rmod:aviationdawn","Mind Blast","Trip","rmod:luckystar","rmod:heivgo","rmod:diaomin","rmod:punchline+1","rmod:mineteam+1","rmod:mineteam+1","rmod:selfconfidence+1","rmod:chargemoney+1"],"relics":["rmod:firstchargereward","LagranYue:RandomDrawCardRelic","RuthlessExorcism:ReiMu","DemoMod:JetPack","LagranYue:SoulBurningRelic","MealTicket"],"acts_visited":["Exordium","TheCity","TheCity"],"potions_floor_usage":[22,32,34,34],"damage_taken":[{"damage":0,"enemies":"Jaw Worm","floor":1,"turns":3},{"damage":13,"enemies":"2 Louse","floor":3,"turns":3},{"damage":0,"enemies":"Cultist","floor":4,"turns":3},{"damage":38,"enemies":"3 Sentries","floor":7,"turns":7},{"damage":0,"enemies":"2 Fungi Beasts","floor":10,"turns":2},{"damage":0,"enemies":"Exordium Wildlife","floor":12,"turns":3},{"damage":0,"enemies":"Slime Boss","floor":16,"turns":8},{"damage":20,"enemies":"Shell Parasite","floor":18,"turns":7},{"damage":20,"enemies":"2 Thieves","floor":20,"turns":5},{"damage":9,"enemies":"Centurion and Healer","floor":22,"turns":7},{"damage":30,"enemies":"conspire:SneckoGhost","floor":23,"turns":5},{"damage":12,"enemies":"Chosen and Byrds","floor":25,"turns":7},{"damage":6,"enemies":"DemoMod:2_Veteran_bullet_kins_and_red_shotgun_kin","floor":28,"turns":2},{"damage":14,"enemies":"DemoMod:Red_and_blue_shotgun_kin","floor":29,"turns":3},{"damage":6,"enemies":"DemoMod:Red_and_blue_shotgun_kin_with_gunsinger","floor":30,"turns":4},{"damage":27,"enemies":"DemoMod:2_Mousers","floor":31,"turns":6},{"damage":24,"enemies":"DemoMod:Veteran_shot_gun_kin_and_red_shotgun_kin_with_gunsinger","floor":32,"turns":4},{"damage":105,"enemies":"DemoMod:ResourcefulRat","floor":34,"turns":6}],"seed_played":"6208946314738788297","potions_obtained":[{"floor":12,"key":"Strength Potion"},{"floor":16,"key":"GamblersBrew"},{"floor":25,"key":"LiquidMemories"},{"floor":32,"key":"Dexterity Potion"}],"is_trial":false,"path_per_floor":["M","?","M","M","?","R","E","R","T","M","$","M","R","?","R","B",null,"M","?","M","?","M","E","R","M","T","R","M","M","M","M","M","R","B"],"character_chosen":"PRAEFECT","items_purchased":["DemoMod:GnawedKey"],"campfire_rested":4,"item_purchase_floors":[11],"current_hp_per_floor":[76,76,64,65,65,65,28,28,28,30,30,32,56,56,56,60,87,68,89,69,44,36,6,32,21,93,93,87,73,68,42,19,47,0,0],"gold":432,"neow_bonus":"RANDOM_COLORLESS","is_daily":false,"chose_seed":false,"campfire_upgraded":3,"win_rate":0.0,"timestamp":1614249673,"path_taken":["M","?","M","M","?","R","E","R","T","M","?","?","R","?","R","BOSS","M","?","M","?","M","E","R","M","T","R","M","M","M","M","M","R","BOSS"],"items_purchased_type":["Relic"],"build_version":"2020-12-22","purchased_purges":0,"victory":false,"max_hp_per_floor":[76,76,77,78,78,78,79,79,79,81,81,83,83,83,83,87,87,89,89,89,89,91,91,91,93,93,93,93,93,95,97,99,99,101,101],"card_choices":[{"not_picked":["Good Instincts","PanicButton"],"picked":"conspire:Banana","floor":0},{"not_picked":["rmod:circuitoustactics","rmod:unsinkable"],"picked":"rmod:victimresponsibility","floor":1},{"not_picked":[],"picked":"rmod:unsinkable","floor":2},{"not_picked":[],"picked":"rmod:expeditionaryescort","floor":2},{"not_picked":["rmod:fletcherpendant","rmod:heivgo"],"picked":"rmod:maintain","floor":3},{"not_picked":["rmod:unsinkable","rmod:fuelsupply"],"picked":"rmod:supportaircraftcarrier","floor":4},{"not_picked":["rmod:fletcherpendant","rmod:fuelsupply"],"picked":"rmod:wolves","floor":7},{"not_picked":["rmod:salvage","rmod:fletcherpendant"],"picked":"rmod:highspeedmaneuver","floor":10},{"not_picked":["rmod:diamondstrike","rmod:ammunitionsupply"],"picked":"rmod:aluminumsupply","floor":12},{"not_picked":["rmod:fletcher","rmod:saltedfish"],"picked":"rmod:abidefaith","floor":16},{"not_picked":["rmod:garrisonisland","rmod:fletcherpendant"],"picked":"rmod:rockthrower","floor":18},{"not_picked":["rmod:lonelyqueen","rmod:diamondstrike"],"picked":"rmod:aviationdawn","floor":20},{"not_picked":["rmod:openingtorpedo","rmod:ring"],"picked":"rmod:luckystar","floor":22},{"not_picked":["rmod:capitalist","rmod:abidefaith"],"picked":"rmod:heivgo","floor":23},{"not_picked":["rmod:luckystar","rmod:ammunitionsupply"],"picked":"rmod:diaomin","floor":25},{"not_picked":["rmod:supportaircraftcarrier","rmod:unsinkable"],"picked":"rmod:punchline+1","floor":28},{"not_picked":["rmod:spoils","rmod:goodsister"],"picked":"rmod:mineteam+1","floor":29},{"not_picked":["rmod:robin+1","rmod:fuelsupply"],"picked":"rmod:mineteam+1","floor":30},{"not_picked":["rmod:ammunitionsupply","rmod:tearstotiara"],"picked":"rmod:selfconfidence+1","floor":31},{"not_picked":["rmod:unsinkable","rmod:openingtorpedo+1"],"picked":"rmod:chargemoney+1","floor":32}],"player_experience":144379,"relics_obtained":[{"floor":7,"key":"RuthlessExorcism:ReiMu"},{"floor":9,"key":"DemoMod:JetPack"},{"floor":23,"key":"MealTicket"}],"event_choices":[{"damage_healed":56,"gold_gain":0,"player_choice":"Embrace Burn","damage_taken":0,"max_hp_gain":0,"max_hp_loss":83,"event_name":"betterThird:BetterShining","floor":14,"gold_loss":0},{"damage_healed":21,"gold_gain":0,"player_choice":"Full Heal","damage_taken":0,"max_hp_gain":0,"max_hp_loss":0,"event_name":"Wheel of Change","floor":19,"gold_loss":0},{"damage_healed":0,"gold_gain":90,"player_choice":"GOLD CARD CARD ","damage_taken":25,"max_hp_gain":0,"max_hp_loss":0,"event_name":"Knowing Skull","floor":21,"potions_obtained":[],"gold_loss":0,"cards_obtained":["Mind Blast","Trip"]}],"is_beta":false,"boss_relics":[{"not_picked":["hubris:Stopwatch","hubris:HollowSoul"],"picked":"LagranYue:SoulBurningRelic"}],"items_purged_floors":[],"is_endless":false,"potions_floor_spawned":[12,16,25,32],"killed_by":"DemoMod:ResourcefulRat","ascension_level":0}}