{"host":"i29s15dsg0c43zmx","time":1614278419,"event":{"mods":["AchievementEnabler","BaseMod","Colored Map","Minty Spire (QoL Compilation)","StSLib"],"gold_per_floor":[111,126,126,59,74,74,86,118,118,118,118,118,143,68,68,168,168,184,201,24,38,50,50,50],"floor_reached":23,"language":"ENG","playtime":1041,"items_purged":["Strike_B","Coolheaded"],"score":211,"play_id":"92b351ad-a6ff-497b-bd06-31b69d72c7cd","local_time":"20210225194019","is_ascension_mode":true,"campfire_choices":[{"data":"Genetic Algorithm","floor":6,"key":"SMITH"},{"floor":10,"key":"REST"},{"floor":15,"key":"REST"}],"circlet_count":0,"master_deck":["Zap+1","Dualcast","Leap","Genetic Algorithm+1","Self Repair","Ball Lightning","Coolheaded","Force Field","BootSequence","Electrodynamics","Coolheaded","Rainbow","Machine Learning","Consume","Turbo","Barrage+1","Aggregate","Leap"],"relics":["Cracked Core","Gremlin Horn","Darkstone Periapt","Ornamental Fan","Bottled Flame","Pandora\u0027s Box"],"acts_visited":["Exordium","TheCity"],"potions_floor_usage":[16,22],"damage_taken":[{"damage":0,"enemies":"Small Slimes","floor":1,"turns":3},{"damage":0,"enemies":"Cultist","floor":2,"turns":4},{"damage":4,"enemies":"2 Louse","floor":5,"turns":3},{"damage":20,"enemies":"Large Slime","floor":7,"turns":5},{"damage":56,"enemies":"Gremlin Nob","floor":8,"turns":5},{"damage":25,"enemies":"Lagavulin","floor":13,"turns":7},{"damage":25,"enemies":"Hexaghost","floor":16,"turns":14},{"damage":0,"enemies":"Shell Parasite","floor":18,"turns":7},{"damage":17,"enemies":"2 Thieves","floor":19,"turns":3},{"damage":18,"enemies":"Chosen and Byrds","floor":21,"turns":5},{"damage":0,"enemies":"Snake Plant","floor":22,"turns":4},{"damage":68,"enemies":"Gremlin Leader","floor":23,"turns":9}],"seed_played":"3127544773200220267","potions_obtained":[{"floor":2,"key":"SneckoOil"},{"floor":13,"key":"FocusPotion"},{"floor":19,"key":"Dexterity Potion"},{"floor":21,"key":"DistilledChaos"}],"is_trial":false,"path_per_floor":["M","M","?","$","M","R","M","E","T","R","?","?","E","$","R","B",null,"M","M","$","M","M","E"],"character_chosen":"DEFECT","items_purchased":["Self Repair","Aggregate"],"campfire_rested":2,"item_purchase_floors":[4,20],"current_hp_per_floor":[75,75,75,75,75,75,62,13,13,35,35,35,17,17,39,14,75,75,65,65,54,61,0,0],"gold":50,"neow_bonus":"UPGRADE_CARD","is_daily":false,"chose_seed":false,"campfire_upgraded":1,"win_rate":0.0,"timestamp":1614278419,"path_taken":["M","M","?","$","?","R","M","E","T","R","?","?","E","$","R","BOSS","M","M","$","M","M","E"],"items_purchased_type":["Card","Card"],"build_version":"2020-12-22","purchased_purges":2,"victory":false,"max_hp_per_floor":[75,75,75,75,75,75,75,75,75,75,75,75,75,75,75,75,75,75,75,75,75,75,75,75],"card_choices":[{"not_picked":["Steam","Gash"],"picked":"Leap","floor":1},{"not_picked":["Beam Cell","Consume"],"picked":"Genetic Algorithm","floor":2},{"not_picked":["Beam Cell","Blizzard"],"picked":"Ball Lightning","floor":5},{"not_picked":["Barrage","Gash","Rebound"],"picked":"SKIP","floor":7},{"not_picked":["Blizzard","Hello World"],"picked":"Coolheaded","floor":8},{"not_picked":["Conserve Battery","Rebound"],"picked":"BootSequence","floor":13},{"not_picked":["Amplify","All For One"],"picked":"Electrodynamics","floor":16},{"not_picked":["Streamline","Double Energy"],"picked":"Turbo","floor":18},{"not_picked":["Aggregate","Steam"],"picked":"Barrage+1","floor":19},{"not_picked":["Steam+1","Redo","Sunder"],"picked":"SKIP","floor":21},{"not_picked":["Undo","Streamline+1"],"picked":"Leap","floor":22}],"player_experience":138186,"relics_obtained":[{"floor":8,"key":"Darkstone Periapt"},{"floor":9,"key":"Ornamental Fan"},{"floor":13,"key":"Bottled Flame"}],"event_choices":[{"damage_healed":0,"gold_gain":0,"player_choice":"Gave Potion","damage_taken":0,"relics_obtained":["Gremlin Horn"],"max_hp_gain":0,"max_hp_loss":0,"event_name":"WeMeetAgain","floor":3,"gold_loss":0},{"damage_healed":0,"gold_gain":0,"cards_transformed":["Strike_B"],"player_choice":"Change","damage_taken":0,"max_hp_gain":0,"max_hp_loss":0,"event_name":"Living Wall","floor":11,"gold_loss":0,"cards_obtained":["Force Field"]},{"cards_removed":["Strike_B"],"damage_healed":0,"gold_gain":0,"player_choice":"Purged","damage_taken":0,"max_hp_gain":0,"max_hp_loss":0,"event_name":"Purifier","floor":12,"gold_loss":0}],"is_beta":false,"boss_relics":[{"not_picked":["Busted Crown","Philosopher\u0027s Stone"],"picked":"Pandora\u0027s Box"}],"items_purged_floors":[14,20],"is_endless":false,"potions_floor_spawned":[2,13,19,21],"killed_by":"Gremlin Leader","ascension_level":1}}