{"host":"fm9e0lfunjlbhzxv","time":1614216618,"event":{"mods":["2.2 Compatiblity","Alarm Clock","Astrologer","BaseMod","Bestiary","Better Match","Better Skull","Better Third Choice","Colored Map","Colored Powertips","Downfall","Energized Spire","Good Game Mod","Key Reminder","Minty Spire (QoL Compilation)","Permanent Neow","Random Character Button","Rare Cards Sparkle","Relic Stats","Spicy Shops","Spire Arcade","StSLib","The Administrix","The Blue Laboratory","The Bug Knight","The Disciple","The Servant 0.9.4","The Vixen","Trackpad","slay the spire mod where everything is the same but ironclad has a cowboy hat"],"gold_per_floor":[99,119,135,145,145,145,190,222,222,240,253,281,106,106,116,116,116,116],"floor_reached":16,"language":"ENG","playtime":1551,"items_purged":[],"score":109,"play_id":"41c40a67-1f8b-458e-8a6d-c80385412f7a","local_time":"20210224173018","is_ascension_mode":true,"campfire_choices":[{"floor":1,"key":"RECALL"}],"circlet_count":0,"master_deck":["sneckomod:Strike","sneckomod:Strike","sneckomod:Strike","sneckomod:Defend","sneckomod:Defend","sneckomod:Defend","sneckomod:TailWhip","sneckomod:SnekBite","sneckomod:Unknown","sneckomod:Unknown","Slimebound:OozeBath","sneckomod:CheapStock","sneckomod:UnknownClassPURPLE","sneckomod:UnknownVulnerable","Footwork+1","sneckomod:UnknownDraw","sneckomod:UnknownUncommonSkill","sneckomod:MasterEye","sneckomod:UnknownClassSLIMEBOUND","sneckomod:UnknownRareAttack","sneckomod:MasterEye","sneckomod:UnknownClassBLUE"],"relics":["REME:ComplimentaryCards","Fusion Hammer","keyreminder:keyreminder","Ginger","downfall:BrokenWingStatue","Omamori","Pen Nib","Boot","trackpad:Compendium"],"acts_visited":["Exordium"],"potions_floor_usage":[11,16,16],"damage_taken":[{"damage":0,"enemies":"Small Slimes","floor":2,"turns":2},{"damage":0,"enemies":"2 Louse","floor":3,"turns":2},{"damage":0,"enemies":"Cultist","floor":4,"turns":2},{"damage":36,"enemies":"HollowMod:MossKnight","floor":8,"turns":7},{"damage":5,"enemies":"Exordium Thugs","floor":10,"turns":5},{"damage":10,"enemies":"2 Fungi Beasts","floor":11,"turns":3},{"damage":14,"enemies":"Exordium Thugs","floor":12,"turns":4},{"damage":0,"enemies":"downfall:FleeingMerchant","floor":13,"turns":4},{"damage":13,"enemies":"downfall:LooterAlt","floor":15,"turns":4},{"damage":47,"enemies":"IC_STATUS_ARCHETYPE","floor":16,"turns":4}],"seed_played":"-653739594097815218","potions_obtained":[{"floor":4,"key":"bronze:BurnAndBuffPotion"},{"floor":8,"key":"blueLaboratory:HorrorPotion"},{"floor":11,"key":"blueLaboratory:AbyssPotion"},{"floor":12,"key":"Block Potion"},{"floor":14,"key":"CultistPotion"},{"floor":14,"key":"blueLaboratory:BottleOfRum"}],"is_trial":false,"path_per_floor":["R","M","M","M","?","?","T","E","?","M","M","M","$","?","M","B"],"character_chosen":"THE_SNECKO","items_purchased":["sneckomod:MasterEye","trackpad:Compendium"],"campfire_rested":0,"item_purchase_floors":[13,13],"current_hp_per_floor":[90,90,90,90,85,85,85,79,79,78,68,54,54,54,41,0,0,0],"gold":116,"neow_bonus":"BOSS_RELIC","is_daily":false,"chose_seed":false,"campfire_upgraded":0,"win_rate":0.0,"timestamp":1614216618,"path_taken":["R","M","M","M","?","?","T","E","?","M","?","M","$","?","M","BOSS"],"items_purchased_type":["Card","Relic"],"build_version":"2020-12-22","purchased_purges":0,"victory":false,"max_hp_per_floor":[90,90,90,90,90,90,90,90,90,90,90,90,90,90,90,90,90,90],"relic_stats":{"counters":[10,37],"Pen Nib":[4],"Ginger":[10],"Boot":[4],"obtain_stats":[{"keyreminder:keyreminder":1,"REME:ComplimentaryCards":0,"downfall:BrokenWingStatue":6,"Fusion Hammer":0,"Pen Nib":8,"trackpad:Compendium":13,"Omamori":7,"Ginger":5,"sneckomod:SneckoSoul":0,"Boot":9},{"keyreminder:keyreminder":0,"REME:ComplimentaryCards":0,"downfall:BrokenWingStatue":3,"Fusion Hammer":0,"Pen Nib":4,"trackpad:Compendium":8,"Omamori":3,"Ginger":3,"sneckomod:SneckoSoul":0,"Boot":4},{"keyreminder:keyreminder":0,"REME:ComplimentaryCards":0,"downfall:BrokenWingStatue":6,"Fusion Hammer":0,"Pen Nib":13,"trackpad:Compendium":29,"Omamori":6,"Ginger":6,"sneckomod:SneckoSoul":0,"Boot":13}]},"card_choices":[{"not_picked":["sneckomod:UnknownClassBUGKNIGHT_GRAY_COLOR","sneckomod:SoulCleanse"],"picked":"sneckomod:CheapStock","floor":2},{"not_picked":["sneckomod:PureSnecko","sneckomod:CheapStock"],"picked":"sneckomod:UnknownClassPURPLE","floor":3},{"not_picked":["sneckomod:Nope","sneckomod:SoulCleanse"],"picked":"sneckomod:UnknownVulnerable","floor":4},{"not_picked":["sneckomod:GlitteringGambit","sneckomod:UnknownClassRED"],"picked":"sneckomod:UnknownDraw","floor":8},{"not_picked":["sneckomod:SlitherStrike","sneckomod:DefensiveFlair"],"picked":"sneckomod:UnknownUncommonSkill","floor":10},{"not_picked":["sneckomod:UnknownClassGUARDIAN","sneckomod:RainOfDice"],"picked":"sneckomod:MasterEye","floor":11},{"not_picked":["sneckomod:UnknownClassHEXA_GHOST_PURPLE","sneckomod:UnknownCommonAttack"],"picked":"sneckomod:UnknownClassSLIMEBOUND","floor":12},{"not_picked":["sneckomod:Unknown1Cost","sneckomod:UnknownStrike"],"picked":"sneckomod:UnknownRareAttack","floor":13},{"not_picked":["sneckomod:RainOfDice","sneckomod:UnknownClassSILVER"],"picked":"sneckomod:UnknownClassBLUE","floor":15}],"player_experience":909367,"relics_obtained":[{"floor":7,"key":"Omamori"},{"floor":8,"key":"Pen Nib"},{"floor":9,"key":"Boot"}],"event_choices":[{"damage_healed":0,"gold_gain":0,"player_choice":"Relic","damage_taken":0,"max_hp_gain":0,"max_hp_loss":0,"event_name":"Wheel of Change","floor":9,"gold_loss":0},{"damage_healed":0,"gold_gain":0,"player_choice":"Got Potions","damage_taken":0,"max_hp_gain":0,"max_hp_loss":0,"event_name":"Lab","floor":14,"gold_loss":0}],"is_beta":false,"boss_relics":[],"items_purged_floors":[],"is_endless":false,"potions_floor_spawned":[4,8,11,12],"killed_by":"IC_STATUS_ARCHETYPE","ascension_level":1}}