{"host":"1poy056mauca3bbh","time":1614215689,"event":{"mods":["Ascension Unlocker","BaseMod","Bestiary","Block Reminder","Colored Map","Colored Powertips","Curses Come First","Highlight Path","Minty Spire (QoL Compilation)","Permanent Neow","Quick Restart","Rare Cards Sparkle","Relic Stats","Smile Girya","StSLib","UnlockEverythingMod"],"gold_per_floor":[111,111,129,64,82,82,82,82,82],"floor_reached":8,"language":"ENG","playtime":131,"items_purged":[],"score":92,"play_id":"dac65d1b-2358-4d76-945f-70e4b700e44c","local_time":"20210224201449","is_ascension_mode":true,"campfire_choices":[{"data":"Footwork","floor":6,"key":"SMITH"}],"circlet_count":0,"master_deck":["AscendersBane","Strike_G","Strike_G","Strike_G","Strike_G","Strike_G","Defend_G","Defend_G","Defend_G","Defend_G","Defend_G","Survivor","Neutralize","Cloak And Dagger","Footwork+1","Distraction"],"relics":["Ring of the Snake","NeowsBlessing","WarpedTongs","Nunchaku"],"acts_visited":["Exordium"],"potions_floor_usage":[8],"damage_taken":[{"damage":0.0,"enemies":"Jaw Worm","floor":1.0,"turns":1.0},{"damage":0.0,"enemies":"Cultist","floor":3.0,"turns":1.0},{"damage":3,"enemies":"Small Slimes","floor":5,"turns":1},{"damage":50,"enemies":"Gremlin Nob","floor":8,"turns":4}],"seed_played":"-210283837850805280","potions_obtained":[{"floor":5,"key":"SneckoOil"}],"is_trial":false,"path_per_floor":["M","?","M","?","M","R","?","E"],"character_chosen":"THE_SILENT","items_purchased":[],"campfire_rested":0,"item_purchase_floors":[],"current_hp_per_floor":[59,59,59,59,56,56,49,0,0],"gold":82,"neow_bonus":"THREE_ENEMY_KILL","is_daily":false,"chose_seed":false,"campfire_upgraded":1,"win_rate":0.0,"timestamp":1614215689,"path_taken":["M","?","?","?","?","R","?","E"],"items_purchased_type":[],"build_version":"2020-12-22","purchased_purges":0,"victory":false,"max_hp_per_floor":[66,66,66,66,66,66,66,66,66],"relic_stats":{"Nunchaku":[1],"counters":[4,7],"obtain_stats":[{"Nunchaku":4,"NeowsBlessing":0,"Ring of the Snake":0,"WarpedTongs":2},{"Nunchaku":2,"NeowsBlessing":0,"Ring of the Snake":0,"WarpedTongs":1},{"Nunchaku":2,"NeowsBlessing":0,"Ring of the Snake":0,"WarpedTongs":1}],"Ring of the Snake":[8],"WarpedTongs":[6]},"card_choices":[{"not_picked":["Prepared","Finisher"],"picked":"Cloak And Dagger","floor":1.0},{"not_picked":["Backflip","Catalyst"],"picked":"Footwork","floor":3.0},{"not_picked":["Bane","Quick Slash"],"picked":"Distraction","floor":5}],"player_experience":181795,"relics_obtained":[],"event_choices":[{"damage_healed":0.0,"max_hp_gain":0.0,"max_hp_loss":0.0,"gold_gain":0.0,"event_name":"Accursed Blacksmith","player_choice":"Rummage","floor":2.0,"gold_loss":0.0,"damage_taken":0.0,"relics_obtained":["WarpedTongs"],"cards_obtained":["Pain"]},{"damage_healed":0,"gold_gain":0,"player_choice":"Paid Gold","damage_taken":0,"relics_obtained":["Nunchaku"],"max_hp_gain":0,"max_hp_loss":0,"event_name":"WeMeetAgain","floor":4,"gold_loss":65},{"cards_removed":["Pain"],"damage_healed":0,"gold_gain":0,"player_choice":"Card Removal","damage_taken":7,"max_hp_gain":0,"max_hp_loss":0,"event_name":"Golden Wing","floor":7,"gold_loss":0}],"is_beta":false,"boss_relics":[],"items_purged_floors":[],"is_endless":false,"potions_floor_spawned":[5],"killed_by":"Gremlin Nob","ascension_level":20}}