{"host":"2se5dq1do2gp0x9k","time":1614221886,"event":{"mods":["AchievementEnabler","BaseMod","Block Reminder","Colored Map","Colored Powertips","Minty Spire (QoL Compilation)","Relic Stats","StSLib","SuperFastMode"],"gold_per_floor":[115,34,34,34,34,34,65,80,80,94,94,37,68,92,92,183,183,207,207,207,207,219,246,296,328,328,328,360,372,287,302,302,381,381,393,393,413,423,441,468,43,43,43,0,26,26,58,75,75,75,75],"floor_reached":50,"language":"ENG","playtime":3009,"items_purged":["Strike_G+1"],"score":1317,"play_id":"c2c53d4a-1ea4-4001-a57c-3f649c9414c4","local_time":"20210224185806","is_ascension_mode":true,"campfire_choices":[{"data":"Neutralize","floor":6.0,"key":"SMITH"},{"data":"Cloak And Dagger","floor":15,"key":"SMITH"},{"data":"After Image","floor":32,"key":"SMITH"},{"floor":42,"key":"REST"},{"data":"Catalyst","floor":46,"key":"SMITH"},{"floor":49,"key":"REST"}],"circlet_count":0,"master_deck":["AscendersBane","Strike_G+1","Strike_G+1","Strike_G+1","Strike_G+1","Defend_G+1","Defend_G+1","Defend_G+1","Defend_G+1","Defend_G+1","Survivor","Neutralize+1","Dagger Throw","Deadly Poison+1","Poisoned Stab","Deadly Poison","Heel Hook","Adrenaline","Blade Dance","Cloak And Dagger+1","Blade Dance","After Image+1","Crippling Poison+1","PiercingWail","Blade Dance","Cloak And Dagger+1","Footwork+1","Acrobatics+1","Deflect","Malaise","Acrobatics","Backflip","Acrobatics","Prepared+1","After Image","Panache","Catalyst+1","Prepared"],"relics":["Ring of the Snake","NeowsBlessing","Shuriken","Strawberry","Omamori","Bloody Idol","Question Card","Philosopher\u0027s Stone","Bronze Scales","White Beast Statue","Gremlin Horn","Paper Crane","InkBottle","Art of War","SacredBark","PreservedInsect","Oddly Smooth Stone","Sundial","Red Mask","Ornamental Fan","Letter Opener"],"acts_visited":["Exordium","TheCity","TheBeyond"],"potions_floor_usage":[13,18,23,25,31,35,37,38,40,45,50,50,50,50],"damage_taken":[{"damage":0.0,"enemies":"Cultist","floor":1.0,"turns":1.0},{"damage":0.0,"enemies":"Gremlin Nob","floor":7.0,"turns":1.0},{"damage":0.0,"enemies":"Jaw Worm","floor":8.0,"turns":1.0},{"damage":12,"enemies":"Small Slimes","floor":10,"turns":2},{"damage":17,"enemies":"3 Sentries","floor":13,"turns":7},{"damage":0,"enemies":"Blue Slaver","floor":14,"turns":2},{"damage":16,"enemies":"Hexaghost","floor":16,"turns":7},{"damage":3,"enemies":"Shell Parasite","floor":18,"turns":4},{"damage":6,"enemies":"2 Thieves","floor":22,"turns":3},{"damage":22,"enemies":"Slavers","floor":23,"turns":4},{"damage":0,"enemies":"Gremlin Leader","floor":25,"turns":6},{"damage":1,"enemies":"Book of Stabbing","floor":28,"turns":4},{"damage":12,"enemies":"Cultist and Chosen","floor":29,"turns":6},{"damage":0,"enemies":"Centurion and Healer","floor":31,"turns":4},{"damage":12,"enemies":"Automaton","floor":33,"turns":8},{"damage":0,"enemies":"3 Darklings","floor":35,"turns":3},{"damage":3,"enemies":"Orb Walker","floor":37,"turns":3},{"damage":6,"enemies":"Jaw Worm Horde","floor":38,"turns":5},{"damage":17,"enemies":"Writhing Mass","floor":39,"turns":7},{"damage":46,"enemies":"Giant Head","floor":40,"turns":7},{"damage":2,"enemies":"Reptomancer","floor":45,"turns":5},{"damage":16,"enemies":"Giant Head","floor":47,"turns":5},{"damage":0,"enemies":"Maw","floor":48,"turns":7},{"damage":82,"enemies":"Time Eater","floor":50,"turns":10}],"seed_played":"-4926003204234216112","potions_obtained":[{"floor":8.0,"key":"Fire Potion"},{"floor":10,"key":"Fire Potion"},{"floor":13,"key":"SkillPotion"},{"floor":18,"key":"FearPotion"},{"floor":23,"key":"Ancient Potion"},{"floor":25,"key":"FearPotion"},{"floor":31,"key":"Fruit Juice"},{"floor":33,"key":"CunningPotion"},{"floor":35,"key":"Fruit Juice"},{"floor":37,"key":"Weak Potion"},{"floor":38,"key":"Poison Potion"},{"floor":40,"key":"SkillPotion"},{"floor":45,"key":"EntropicBrew"}],"is_trial":false,"path_per_floor":["M","$","?","T","$","R","E","M","T","M","?","$","E","M","R","B",null,"M","?","?","T","M","E","?","E","T","?","E","M","?","M","R","B",null,"M","?","M","M","M","E","$","R","T","?","E","R","E","M","R","B"],"character_chosen":"THE_SILENT","items_purchased":["Deadly Poison","Poisoned Stab","Blade Dance","Oddly Smooth Stone","Panache"],"campfire_rested":2,"item_purchase_floors":[2,2,12,41,41],"current_hp_per_floor":[59,59,59,59,59,59,66,66,66,54,54,54,37,37,37,21,55,52,52,52,52,56,39,44,49,49,49,53,46,46,56,56,49,66,71,67,77,76,64,23,23,46,46,46,49,49,38,43,66,0,0],"gold":75,"neow_bonus":"THREE_ENEMY_KILL","is_daily":false,"chose_seed":false,"campfire_upgraded":4,"win_rate":0.0,"timestamp":1614221886,"path_taken":["M","$","?","?","$","R","E","M","T","?","?","$","E","M","R","BOSS","M","?","?","?","M","E","?","E","T","?","E","M","?","M","R","BOSS","M","?","M","M","M","E","$","R","T","?","E","R","E","M","R","BOSS"],"items_purchased_type":["Card","Card","Card","Relic","Card"],"build_version":"2020-12-22","purchased_purges":1,"victory":false,"max_hp_per_floor":[66,66,66,66,66,66,73,73,73,73,66,66,66,66,66,66,66,66,66,66,66,66,66,66,66,66,66,66,66,66,71,71,71,71,71,67,77,77,77,77,77,77,77,77,77,77,77,77,77,77,77],"relic_stats":{"Gremlin Horn":[15,15],"counters":[24,112],"PreservedInsect":193,"Letter Opener":[40],"Question Card":18,"Shuriken":[105],"Sundial":[2],"Ornamental Fan":[80],"Bloody Idol":83,"Bronze Scales":[219],"Art of War":[6],"obtain_stats":[{"NeowsBlessing":0,"Gremlin Horn":25,"Golden Idol":11,"SacredBark":34,"Oddly Smooth Stone":41,"PreservedInsect":40,"Omamori":9,"Letter Opener":47,"Paper Crane":26,"Question Card":13,"White Beast Statue":23,"Shuriken":4,"Sundial":43,"Ornamental Fan":45,"Strawberry":7,"Bloody Idol":20,"Bronze Scales":21,"Philosopher\u0027s Stone":17,"Art of War":30,"Red Mask":44,"InkBottle":28,"Ring of the Snake":0},{"NeowsBlessing":0,"Gremlin Horn":11,"Golden Idol":4,"SacredBark":15,"Oddly Smooth Stone":20,"PreservedInsect":20,"Omamori":3,"Letter Opener":22,"Paper Crane":11,"Question Card":5,"White Beast Statue":10,"Shuriken":1,"Sundial":20,"Ornamental Fan":21,"Strawberry":2,"Bloody Idol":8,"Bronze Scales":8,"Philosopher\u0027s Stone":7,"Art of War":13,"Red Mask":20,"InkBottle":12,"Ring of the Snake":0},{"NeowsBlessing":0,"Gremlin Horn":38,"Golden Idol":5,"SacredBark":60,"Oddly Smooth Stone":85,"PreservedInsect":85,"Omamori":3,"Letter Opener":95,"Paper Crane":38,"Question Card":12,"White Beast Statue":32,"Shuriken":1,"Sundial":85,"Ornamental Fan":90,"Strawberry":2,"Bloody Idol":25,"Bronze Scales":25,"Philosopher\u0027s Stone":21,"Art of War":48,"Red Mask":85,"InkBottle":42,"Ring of the Snake":0}],"InkBottle":[52],"Ring of the Snake":[48]},"card_choices":[{"not_picked":["Flying Knee","Deflect"],"picked":"Dagger Throw","floor":1.0},{"not_picked":["Underhanded Strike","PiercingWail"],"picked":"Deadly Poison","floor":7.0},{"not_picked":["Accuracy","Escape Plan"],"picked":"Heel Hook","floor":8.0},{"not_picked":["Backstab","Sucker Punch"],"picked":"Adrenaline","floor":10},{"not_picked":["Backflip","Poisoned Stab"],"picked":"Cloak And Dagger","floor":13},{"not_picked":["Bane","Noxious Fumes","Expertise"],"picked":"Blade Dance","floor":14},{"not_picked":["Unload","Doppelganger","Storm of Steel"],"picked":"After Image","floor":16},{"not_picked":["Bane","Quick Slash","Slice+1"],"picked":"Crippling Poison+1","floor":18},{"not_picked":["Outmaneuver","Quick Slash","Crippling Poison"],"picked":"PiercingWail","floor":22},{"not_picked":["PiercingWail","Underhanded Strike","Storm of Steel"],"picked":"Blade Dance","floor":23},{"not_picked":["Heel Hook","Backstab","Deflect"],"picked":"Cloak And Dagger+1","floor":25},{"not_picked":["Sucker Punch","Poisoned Stab","Riddle With Holes"],"picked":"Footwork+1","floor":28},{"not_picked":["Predator","Sucker Punch","Outmaneuver+1"],"picked":"Acrobatics+1","floor":29},{"not_picked":["Blade Dance","Dodge and Roll","Storm of Steel"],"picked":"Deflect","floor":31},{"not_picked":["Doppelganger","Night Terror","Phantasmal Killer"],"picked":"Malaise","floor":33},{"not_picked":["Underhanded Strike","Deadly Poison","Dagger Spray+1"],"picked":"Acrobatics","floor":35},{"not_picked":["Catalyst","Poisoned Stab","Expertise"],"picked":"Backflip","floor":37},{"not_picked":["Skewer","Underhanded Strike","Endless Agony"],"picked":"Acrobatics","floor":38},{"not_picked":["Flechettes","Glass Knife","Poisoned Stab+1"],"picked":"Prepared+1","floor":39},{"not_picked":["Bane","Dash+1","Quick Slash"],"picked":"After Image","floor":40},{"not_picked":["Bane","Blade Dance","Dagger Throw+1"],"picked":"Catalyst","floor":45},{"not_picked":["Glass Knife","Leg Sweep","Quick Slash+1"],"picked":"Prepared","floor":47},{"not_picked":["Choke","Dagger Spray","Cloak And Dagger+1","Deadly Poison"],"picked":"SKIP","floor":48}],"player_experience":4142858,"relics_obtained":[{"floor":4.0,"key":"Shuriken"},{"floor":7.0,"key":"Strawberry"},{"floor":9.0,"key":"Omamori"},{"floor":13,"key":"Question Card"},{"floor":21,"key":"Bronze Scales"},{"floor":23,"key":"White Beast Statue"},{"floor":25,"key":"Gremlin Horn"},{"floor":26,"key":"Paper Crane"},{"floor":28,"key":"InkBottle"},{"floor":40,"key":"PreservedInsect"},{"floor":43,"key":"Sundial"},{"floor":45,"key":"Ornamental Fan"},{"floor":47,"key":"Letter Opener"}],"event_choices":[{"damage_healed":0.0,"max_hp_gain":0.0,"max_hp_loss":0.0,"gold_gain":0.0,"event_name":"Living Wall","player_choice":"Grow","floor":3.0,"gold_loss":0.0,"damage_taken":0.0,"cards_upgraded":["Deadly Poison"]},{"damage_healed":0,"gold_gain":0,"player_choice":"Lose Max HP","damage_taken":0,"relics_obtained":["Golden Idol"],"max_hp_gain":0,"max_hp_loss":7,"event_name":"Golden Idol","floor":11,"gold_loss":0},{"damage_healed":0,"gold_gain":0,"player_choice":"Simplicity","damage_taken":0,"max_hp_gain":0,"max_hp_loss":0,"event_name":"Back to Basics","floor":19,"gold_loss":0,"cards_upgraded":["Strike_G","Strike_G","Strike_G","Strike_G","Strike_G","Defend_G","Defend_G","Defend_G","Defend_G","Defend_G"]},{"damage_healed":0,"gold_gain":0,"player_choice":"Gave Idol","damage_taken":0,"relics_obtained":["Bloody Idol"],"max_hp_gain":0,"max_hp_loss":0,"event_name":"Forgotten Altar","floor":20,"relics_lost":["Golden Idol"],"gold_loss":0},{"damage_healed":0,"gold_gain":50,"player_choice":"Stole From Cult","damage_taken":0,"max_hp_gain":0,"max_hp_loss":0,"event_name":"Nest","floor":24,"gold_loss":0},{"damage_healed":0,"gold_gain":0,"player_choice":"Ignored","damage_taken":0,"max_hp_gain":0,"max_hp_loss":0,"event_name":"Vampires","floor":27,"gold_loss":0},{"damage_healed":0,"gold_gain":0,"player_choice":"Obtained Relic","damage_taken":0,"relics_obtained":["Art of War"],"max_hp_gain":0,"max_hp_loss":0,"event_name":"Addict","floor":30,"gold_loss":85},{"damage_healed":0,"gold_gain":0,"player_choice":"Max HP","damage_taken":0,"max_hp_gain":0,"max_hp_loss":4,"event_name":"Winding Halls","floor":36,"gold_loss":0},{"damage_healed":0,"gold_gain":0,"player_choice":"Paid","damage_taken":0,"relics_obtained":["Red Mask"],"max_hp_gain":0,"max_hp_loss":0,"event_name":"Tomb of Lord Red Mask","floor":44,"gold_loss":43}],"is_beta":false,"boss_relics":[{"not_picked":["Velvet Choker","Ectoplasm"],"picked":"Philosopher\u0027s Stone"},{"not_picked":["Pandora\u0027s Box","Coffee Dripper"],"picked":"SacredBark"}],"items_purged_floors":[41],"is_endless":false,"potions_floor_spawned":[8,10,13,18,23,25,28,29,31,33,35,37,38,39,40,45,47,48],"killed_by":"Time Eater","ascension_level":20}}