{"host":"6dypmz777xraikqf","time":1614261871,"event":{"mods":["AchievementEnabler","BaseMod","BetterRewards","Colored Map","Colored Powertips","Downfall","Highlight Path","Hubris","Infinite Spire","Minty Spire (QoL Compilation)","Replay The Spire","StSLib"],"gold_per_floor":[114,0,0,0,0,43,68,81,108,108,128,128,148,0,0,123,123,139,139,139,139,162,198,218,242,242,242,317,317,317,340,340,485,485,538,597,49,68,68,112,112,133,133,133,183,183,216,256,256,256],"floor_reached":51,"language":"ENG","playtime":3732,"items_purged":["Defend_G","Strike_G","hubris:Despair"],"score":1668,"play_id":"20532463-c857-4b37-8f3f-d43925356b6a","local_time":"20210225140431","is_ascension_mode":true,"campfire_choices":[{"data":"Neutralize","floor":10,"key":"SMITH"},{"data":"Calculated Gamble","floor":12,"key":"SMITH"},{"data":"Footwork","floor":15,"key":"SMITH"},{"floor":27,"key":"REST"},{"data":"ReplayTheSpireMod:Haul","floor":32,"key":"SMITH"},{"data":"Pot Of Greed","floor":41,"key":"SMITH"},{"data":"Pot Of Greed","floor":44,"key":"SMITH"},{"floor":49,"key":"DIG"}],"circlet_count":0,"master_deck":["AscendersBane","Strike_G+1","Strike_G+1","Defend_G+1","Defend_G+1","Defend_G+1","Defend_G+1","Survivor","Neutralize+1","Cloak And Dagger+1","Calculated Gamble+1","Dash","Storm of Steel","hexamod:NightmareStrike","Noxious Fumes","Footwork+1","Carnage","Glass Knife","Blade Dance+1","Replay:Fractal Strike","ReplayTheSpireMod:Haul+1","Sucker Punch","Footwork","Backflip","Quick Slash","Pot Of Greed+1","Pot Of Greed+1","Pot Of Greed","Poisoned Stab","Tools of the Trade","Outmaneuver+1","Escape Plan","Terror","Tactician","Acrobatics+1","Deflect","Wraith Form v2","Acrobatics","Delirium","Escape Plan","Tactician","hubris:Greed","Accuracy","Enlightenment","PiercingWail","Prepared+1"],"relics":["NeowsBlessing","infinitespire:Cubic Diamond","Golden Idol","hubris:ToyBattleship","Replay:Rubber Ducky","HoveringKite","Empty Cage","Eternal Feather","Nloth\u0027s Gift","Art of War","Unceasing Top","Snack Pack","Grinning Jar","infinitespire:EvilPickle","Cursed Key","Anchor","Oddly Smooth Stone","Orrery","Ring of Peace","ReplayTheSpireMod:Ring of Challenge","Boot","ReplayTheSpireMod:Ninjato","Bottled Flame","infinitespire:Joker Card"],"acts_visited":["Exordium","TheCity","TheBeyond"],"potions_floor_usage":[23,24,33,50],"damage_taken":[{"damage":0,"enemies":"Jaw Worm","floor":1,"turns":1},{"damage":0,"enemies":"3 Sentries","floor":6,"turns":2},{"damage":0,"enemies":"Small Slimes","floor":7,"turns":1},{"damage":0,"enemies":"2 Louse","floor":8,"turns":2},{"damage":0,"enemies":"2 Fungi Beasts","floor":11,"turns":3},{"damage":0,"enemies":"Exordium Thugs","floor":13,"turns":5},{"damage":7,"enemies":"Hexaghost","floor":16,"turns":13},{"damage":16,"enemies":"3 Byrds","floor":18,"turns":6},{"damage":5,"enemies":"Shell Parasite","floor":22,"turns":5},{"damage":24,"enemies":"Book of Stabbing","floor":23,"turns":7},{"damage":3,"enemies":"Snake Plant","floor":24,"turns":5},{"damage":0,"enemies":"Snecko","floor":25,"turns":4},{"damage":0,"enemies":"3 Cultists","floor":31,"turns":5},{"damage":51,"enemies":"Pondfish","floor":33,"turns":8},{"damage":0,"enemies":"3 Darklings","floor":35,"turns":5},{"damage":11,"enemies":"Orb Walker","floor":36,"turns":3},{"damage":19,"enemies":"Spire Growth","floor":38,"turns":6},{"damage":0,"enemies":"R_Hoarder","floor":40,"turns":8},{"damage":0,"enemies":"Writhing Mass","floor":42,"turns":5},{"damage":0,"enemies":"Giant Head","floor":45,"turns":3},{"damage":0,"enemies":"3 Darklings","floor":47,"turns":6},{"damage":0,"enemies":"Transient","floor":48,"turns":5},{"damage":0,"enemies":"hubris:GrandSnecko","floor":50,"turns":8}],"seed_played":"4096527370938670517","potions_obtained":[{"floor":1,"key":"Cursed Concoction"},{"floor":13,"key":"Block Potion"},{"floor":16,"key":"CultistPotion"},{"floor":23,"key":"infinitespire:BlackPotion"},{"floor":24,"key":"Guardian:BlockOnCardUsePotion"},{"floor":35,"key":"Energy Potion"},{"floor":38,"key":"CultistPotion"}],"is_trial":false,"path_per_floor":["M","$","?","?","?","E","M","M","T","R","M","R","M","$","R","B",null,"M","?","AVR","?","M","E","M","M","T","R","T","?","?","M","R","B",null,"M","M","$","M","?","E","R","M","T","R","E","?","M","M","R_BF","B",null],"character_chosen":"THE_SILENT","items_purchased":["Calculated Gamble","Footwork","Carnage","Anchor","Oddly Smooth Stone","Orrery"],"campfire_rested":1,"item_purchase_floors":[2,14,14,37,37,37],"current_hp_per_floor":[63,63,49,49,49,49,49,49,49,49,49,49,49,49,49,42,59,43,43,43,43,38,14,11,11,11,45,45,45,45,61,65,35,58,65,58,58,51,51,65,65,65,65,65,65,65,65,65,65,65],"gold":256,"neow_bonus":"THREE_ENEMY_KILL","is_daily":false,"chose_seed":false,"campfire_upgraded":6,"win_rate":0.0,"timestamp":1614261871,"path_taken":["M","$","?","?","?","E","M","M","T","R","M","R","M","?","R","BOSS","M","?","AVR","?","M","E","M","?","T","R","?","?","?","M","R","BOSS","M","M","$","M","?","E","R","M","T","R","E","?","?","M","R_BF","BOSS"],"items_purchased_type":["Card","Card","Card","Relic","Relic","Relic"],"build_version":"2020-12-22","purchased_purges":3,"victory":true,"max_hp_per_floor":[70,70,70,70,65,65,65,65,65,65,65,65,65,65,65,65,65,65,65,65,65,65,65,65,65,65,65,65,65,65,65,65,65,65,65,65,65,65,65,65,65,65,65,65,65,65,65,65,65,65],"card_choices":[{"not_picked":["Sucker Punch","Bane"],"picked":"Cloak And Dagger","floor":1},{"not_picked":["Well Laid Plans","Endless Agony"],"picked":"Dash","floor":6},{"not_picked":["Warcry","Abandon","Sentinel"],"picked":"SKIP","floor":7},{"not_picked":["Flechettes","hexamod:Haunt"],"picked":"Storm of Steel","floor":8},{"not_picked":["Sucker Punch","Feel No Pain"],"picked":"hexamod:NightmareStrike","floor":11},{"not_picked":["Sucker Punch","Bane"],"picked":"Noxious Fumes","floor":13},{"not_picked":["Malaise","hexamod:ParanormalForm"],"picked":"Glass Knife","floor":16},{"not_picked":["Fluid Movement","Dagger Spray"],"picked":"Blade Dance+1","floor":18},{"not_picked":["Catalyst","Finisher"],"picked":"Sucker Punch","floor":22},{"not_picked":["Outmaneuver","Blade Dance"],"picked":"Footwork","floor":23},{"not_picked":["Draining Mist","Deadly Poison"],"picked":"Backflip","floor":24},{"not_picked":["Backstab","All Out Attack"],"picked":"Quick Slash","floor":25},{"not_picked":["Distraction","hubris:Counter"],"picked":"Poisoned Stab","floor":31},{"not_picked":["Venomology","infinitespire:Neurotoxin"],"picked":"Tools of the Trade","floor":33},{"not_picked":["ReplayTheSpireMod:Speed Training","Blade Dance"],"picked":"Outmaneuver+1","floor":35},{"not_picked":["Reflex","ReplayTheSpireMod:The Works+1"],"picked":"Escape Plan","floor":36},{"not_picked":["Tactician","Distraction"],"picked":"Terror","floor":37},{"not_picked":["All Out Attack","Poisoned Stab"],"picked":"Tactician","floor":37},{"not_picked":["Accuracy","Prepared"],"picked":"Acrobatics+1","floor":37},{"not_picked":["Blade Dance","Finisher"],"picked":"Deflect","floor":37},{"not_picked":["Poisoned Stab","Deadly Poison+1"],"picked":"Wraith Form v2","floor":37},{"not_picked":["Blade Dance","Predator"],"picked":"Acrobatics","floor":38},{"not_picked":["Well Laid Plans","Sneak Up"],"picked":"Escape Plan","floor":40},{"not_picked":["Toxin Wave","Crippling Poison"],"picked":"Tactician","floor":42},{"not_picked":["Outmaneuver","Backstab"],"picked":"Accuracy","floor":45},{"not_picked":["Footwork","Riddle With Holes"],"picked":"PiercingWail","floor":47},{"not_picked":["Bane","Poisoned Stab"],"picked":"Prepared+1","floor":48}],"player_experience":284964,"relics_obtained":[{"floor":6,"key":"hubris:ToyBattleship"},{"floor":9,"key":"Replay:Rubber Ducky"},{"floor":23,"key":"Art of War"},{"floor":26,"key":"Unceasing Top"},{"floor":28,"key":"Snack Pack"},{"floor":39,"key":"Ring of Peace"},{"floor":39,"key":"ReplayTheSpireMod:Ring of Challenge"},{"floor":40,"key":"Boot"},{"floor":43,"key":"ReplayTheSpireMod:Ninjato"},{"floor":45,"key":"Bottled Flame"},{"floor":49,"key":"infinitespire:Joker Card"}],"event_choices":[{"damage_healed":0,"gold_gain":0,"player_choice":"Entered Light","damage_taken":14,"max_hp_gain":0,"max_hp_loss":0,"event_name":"Shining Light","floor":3,"gold_loss":0,"cards_upgraded":["Cloak And Dagger","Strike_G"]},{"damage_healed":0,"gold_gain":0,"player_choice":"Lose Max HP","damage_taken":0,"relics_obtained":["Golden Idol"],"max_hp_gain":0,"max_hp_loss":5,"event_name":"Golden Idol","floor":5,"gold_loss":0},{"damage_healed":0,"gold_gain":0,"player_choice":"Ignored","damage_taken":0,"max_hp_gain":0,"max_hp_loss":0,"event_name":"Ghosts","floor":19,"gold_loss":0},{"damage_healed":0,"gold_gain":0,"player_choice":"Traded Relic","damage_taken":0,"relics_obtained":["Nloth\u0027s Gift"],"max_hp_gain":0,"max_hp_loss":0,"event_name":"N\u0027loth","floor":21,"relics_lost":["m_DevilBlood"],"gold_loss":0},{"damage_healed":0,"gold_gain":0,"player_choice":"Simplicity","damage_taken":0,"max_hp_gain":0,"max_hp_loss":0,"event_name":"Back to Basics","floor":29,"gold_loss":0,"cards_upgraded":["Strike_G","Defend_G","Defend_G","Defend_G","Defend_G"]},{"damage_healed":0,"gold_gain":0,"cards_transformed":["Pot Of Greed"],"player_choice":"Transformed","damage_taken":0,"max_hp_gain":0,"max_hp_loss":0,"event_name":"Transmorgrifier","floor":46,"gold_loss":0,"cards_obtained":["Enlightenment"]}],"is_beta":false,"boss_relics":[{"not_picked":["Replay:Drink Me","Tiny House"],"picked":"HoveringKite"},{"not_picked":["hubris:Backtick","Fusion Hammer"],"picked":"Cursed Key"}],"items_purged_floors":[2,20,37],"is_endless":false,"potions_floor_spawned":[1,13,16,23,24,25,35,38,47,48],"ascension_level":12}}