{"host":"yassvrowvc2yfwp2","time":1614227411,"event":{"mods":["2.2 Compatiblity","Act Like it!","BaseMod","Better Note","Curses Come First","Dota2Spire","Downfall","HololiveMod","Jorbs\u0027s Wanderer Trilogy","Minty Spire (QoL Compilation)","Prisma Mod","Rare Cards Sparkle","Reimu£®≤©¿ˆ¡È√Œ£©","Replay The Spire","Say the Spire","Spicy Shops","StSLib","The Bug Knight","The Cursed","The Servant 0.9.4"],"gold_per_floor":[99,114,289,304,304,304,304,342,342,389,58,58,67,114,142,276,276,276,304,316,394,422,469,469,431,431,478,678,678,725,180,208,208,208],"floor_reached":33,"language":"ZHS","playtime":1977,"items_purged":["Doubt"],"score":492,"play_id":"a6859670-20bb-4dd2-bedc-73e9eb643a97","local_time":"20210225123011","daily_mods":["Specialized","Flight","downfall:WorldOfGoo"],"is_ascension_mode":false,"campfire_choices":[{"data":"PrismaMod:MiyuCheapChannelDefend","floor":1,"key":"SMITH"},{"floor":6,"key":"REST"},{"data":"PrismaMod:MiyuCarnivalDefend","floor":12,"key":"SMITH"},{"data":"PrismaMod:MiyuCheapDefend2","floor":26,"key":"SMITH"}],"circlet_count":0,"master_deck":["PrismaMod:MiyuCommonDefend","PrismaMod:MiyuCommonDefend","PrismaMod:MiyuCommonDefend","PrismaMod:MiyuCommonDefend","PrismaMod:MiyuCommonDefend","PrismaMod:MiyuCommonAttack","PrismaMod:MiyuCommonAttack","PrismaMod:MiyuCommonAttack","PrismaMod:MiyuCommonAttack","PrismaMod:MiyuCommonAttack","PrismaMod:MiyuCheapChannelAttack","PrismaMod:MiyuCheapChannelDefend+1","PrismaMod:MiyuEvokeCheapAttack","PrismaMod:MiyuEvokeCheapAttack","PrismaMod:MiyuEvokeCheapAttack","PrismaMod:MiyuEvokeCheapAttack","PrismaMod:MiyuEvokeCheapAttack+1","PrismaMod:MiyuEvokeCheapAttack","PrismaMod:MiyuCheapDexBuff+1","PrismaMod:MiyuAttackChannelVul","PrismaMod:MiyuCarnivalDefend+1","PrismaMod:MiyuUberAOEAttack","Delirium","PrismaMod:MiyuCheapChannelRandom","PrismaMod:MiyuCheapChannelVul","PrismaMod:MiyuCheapDefend2","PrismaMod:MiyuCheapChannelWeak+1","PrismaMod:MiyuCheapDefend2+1","PrismaMod:MiyuUncommonAttack+1","PrismaMod:MiyuCheapChannelHeal","PrismaMod:MiyuMaid","PrismaMod:MiyuDefenseExplosion+1","PrismaMod:MiyuCheapDexBuff","stsjorbsmod:PollutedStrike","PrismaMod:MiyuUncommonDexBuff","PrismaMod:MiyuUncommonStrBuff+1","PrismaMod:MiyuUncommonPlate+1","PrismaMod:MiyuUncommonDexBuff+1","PrismaMod:MiyuDefendChannelDefend","PrismaMod:MiyuCarnivalDefend"],"relics":["PrismaMod:PrismaSapphire","Golden Idol","Meat on the Bone","Dota2Spire:OctarineCore","CeramicFish","Eternal Feather","Ring of Fury","Ring of Searing","Omamori","Dota2Spire:Bloodstone","Red Mask","Tea:ReiMu","Juzu Bracelet","Singing Bowl","TheAbacus","ReplayTheSpireMod:CursedCoin","Mango","Replay:Ringing Soul","Bronze Scales","Kunai","Replay:Mystery Machine"],"acts_visited":["Exordium","TheCity"],"potions_floor_usage":[30],"damage_taken":[{"damage":0,"enemies":"2 Louse","floor":2,"turns":3},{"damage":6,"enemies":"Small Slimes","floor":4,"turns":3},{"damage":26,"enemies":"3 Sentries","floor":8,"turns":9},{"damage":5,"enemies":"Lagavulin","floor":10,"turns":8},{"damage":0,"enemies":"downfall:FleeingMerchant","floor":11,"turns":4},{"damage":1,"enemies":"3 Sentries","floor":14,"turns":5},{"damage":1,"enemies":"Jaw Worm","floor":15,"turns":2},{"damage":0,"enemies":"WA_ARCHETYPE_RETAIN","floor":16,"turns":4},{"damage":10,"enemies":"Chosen","floor":19,"turns":3},{"damage":26,"enemies":"Masked Bandits","floor":20,"turns":5},{"damage":0,"enemies":"downfall:LooterAlt2","floor":22,"turns":3},{"damage":28,"enemies":"Gremlin Leader","floor":23,"turns":7},{"damage":2,"enemies":"downfall:FleeingMerchant","floor":25,"turns":4},{"damage":26,"enemies":"Slavers","floor":27,"turns":6},{"damage":28,"enemies":"Gremlin Leader","floor":30,"turns":8},{"damage":9,"enemies":"downfall:FleeingMerchant","floor":31,"turns":4},{"damage":4,"enemies":"Sentry and Sphere","floor":32,"turns":4},{"damage":10,"enemies":"SI_MIRROR_ARCHETYPE","floor":33,"turns":11}],"seed_played":"3523290589944034342","potions_obtained":[{"floor":4,"key":"Guardian:BlockOnCardUsePotion"},{"floor":14,"key":"Regen Potion"},{"floor":16,"key":"BlessingOfTheForge"},{"floor":30,"key":"Regen Potion"}],"is_trial":false,"path_per_floor":["R","M","?","M","?","R","T","E","?","E","$","R","?","E","M","B",null,"R","M","?","?","M","E","T","$","R","E","?","?","E","$","M","B"],"character_chosen":"MIYU","items_purchased":["Eternal Feather","TheAbacus","ReplayTheSpireMod:CursedCoin","Mango","PrismaMod:MiyuUncommonDexBuff","Kunai","Replay:Mystery Machine","PrismaMod:MiyuDefendChannelDefend"],"campfire_rested":1,"item_purchase_floors":[11,25,25,25,25,31,31,31],"current_hp_per_floor":[75,75,75,69,51,73,73,47,32,39,39,51,51,50,49,49,75,75,65,39,39,39,28,28,55,76,53,53,35,42,48,64,59,59],"gold":208,"neow_bonus":"","is_daily":true,"chose_seed":false,"campfire_upgraded":3,"win_rate":0.0,"timestamp":1614227411,"path_taken":["R","M","?","M","?","R","T","E","?","E","?","R","?","E","M","BOSS","R","M","?","?","?","E","T","$","R","E","?","?","E","$","M","BOSS"],"items_purchased_type":["Relic","Relic","Relic","Relic","Card","Relic","Relic","Card"],"build_version":"2020-12-22","purchased_purges":1,"victory":false,"max_hp_per_floor":[75,75,75,75,75,75,75,75,75,75,75,75,75,75,75,75,75,75,75,75,75,75,75,75,89,89,92,92,97,100,103,106,106,106],"card_choices":[{"not_picked":["PrismaMod:MiyuUberAttack","PrismaMod:MiyuEvokeBuffDex"],"picked":"PrismaMod:MiyuEvokeCheapAttack","floor":2},{"not_picked":["PrismaMod:MiyuCheapChannelHeal","PrismaMod:MiyuUncommonAttack"],"picked":"PrismaMod:MiyuCheapDexBuff","floor":4},{"not_picked":["PrismaMod:MiyuEvokeCheapDefend","PrismaMod:MiyuCheapChannelWeak"],"picked":"PrismaMod:MiyuAttackChannelVul","floor":8},{"not_picked":["PrismaMod:MiyuDefenseRemoval","PrismaMod:MiyuUberAttack"],"picked":"PrismaMod:MiyuCarnivalDefend","floor":10},{"not_picked":["PrismaMod:MiyuMaid","PrismaMod:MiyuCheapStrBuff"],"picked":"PrismaMod:MiyuUberAOEAttack","floor":11},{"not_picked":["PrismaMod:MiyuBride","PrismaMod:MiyuCarnivalAttack"],"picked":"PrismaMod:MiyuCheapChannelRandom","floor":14},{"not_picked":["PrismaMod:MiyuEvokeCheapAttack","PrismaMod:MiyuDefenseExplosion"],"picked":"PrismaMod:MiyuCheapChannelVul","floor":15},{"not_picked":["PrismaMod:MiyuBride","PrismaMod:MiyuDefenseAbsorbMinor"],"picked":"PrismaMod:MiyuCheapDefend2","floor":16},{"not_picked":["PrismaMod:MiyuDefenseExplosion","PrismaMod:MiyuCheapAttack1"],"picked":"PrismaMod:MiyuCheapChannelWeak+1","floor":19},{"not_picked":["PrismaMod:MiyuChristmas","PrismaMod:MiyuCheapEvoke"],"picked":"PrismaMod:MiyuCheapDefend2","floor":20},{"not_picked":["PrismaMod:MiyuUberAOEAttack","PrismaMod:MiyuDefenseExplosion"],"picked":"PrismaMod:MiyuUncommonAttack+1","floor":21},{"not_picked":["PrismaMod:MiyuCheapChannelWeak","PrismaMod:MiyuCarnivalAttack"],"picked":"PrismaMod:MiyuCheapChannelHeal","floor":21},{"not_picked":["PrismaMod:MiyuCommonAOEAttack","PrismaMod:MiyuChristmas"],"picked":"PrismaMod:MiyuMaid","floor":22},{"not_picked":["PrismaMod:MiyuChristmas","PrismaMod:MiyuCheapChannelHeal"],"picked":"PrismaMod:MiyuDefenseExplosion+1","floor":23},{"not_picked":["PrismaMod:MiyuUberAttack","PrismaMod:MiyuDefenseExplosion"],"picked":"PrismaMod:MiyuCheapDexBuff","floor":25},{"not_picked":["PrismaMod:MiyuCommonAOEAttack","PrismaMod:MiyuCheapChannelAttack+1"],"picked":"PrismaMod:MiyuUncommonStrBuff+1","floor":27},{"not_picked":["PrismaMod:MiyuEvokeAll+1","PrismaMod:MiyuUberAOEAttack"],"picked":"PrismaMod:MiyuUncommonPlate+1","floor":30},{"not_picked":["PrismaMod:MiyuUncommonStrBuff","PrismaMod:MiyuEvokeBuffStr"],"picked":"PrismaMod:MiyuUncommonDexBuff+1","floor":31},{"not_picked":["PrismaMod:MiyuAttackChannelAttack","PrismaMod:MiyuCheapChannelAttack+1"],"picked":"PrismaMod:MiyuCarnivalDefend","floor":32}],"player_experience":2207371,"relics_obtained":[{"floor":7,"key":"Meat on the Bone"},{"floor":8,"key":"Dota2Spire:OctarineCore"},{"floor":10,"key":"CeramicFish"},{"floor":13,"key":"Ring of Fury"},{"floor":13,"key":"Ring of Searing"},{"floor":14,"key":"Omamori"},{"floor":20,"key":"Red Mask"},{"floor":21,"key":"Tea:ReiMu"},{"floor":23,"key":"Juzu Bracelet"},{"floor":24,"key":"Singing Bowl"},{"floor":27,"key":"Replay:Ringing Soul"},{"floor":30,"key":"Bronze Scales"}],"event_choices":[{"damage_healed":0,"gold_gain":175,"player_choice":"AGREE","damage_taken":0,"max_hp_gain":0,"max_hp_loss":0,"event_name":"Liars Game","floor":3,"gold_loss":0,"cards_obtained":["Doubt"]},{"damage_healed":0,"gold_gain":0,"player_choice":"Take Damage","damage_taken":18,"relics_obtained":["Golden Idol"],"max_hp_gain":0,"max_hp_loss":0,"event_name":"Golden Idol","floor":5,"gold_loss":0},{"damage_healed":0,"gold_gain":0,"player_choice":"Entered Light","damage_taken":15,"max_hp_gain":0,"max_hp_loss":0,"event_name":"Shining Light","floor":9,"gold_loss":0,"cards_upgraded":["PrismaMod:MiyuCheapDexBuff","PrismaMod:MiyuEvokeCheapAttack"]},{"damage_healed":0,"gold_gain":0,"player_choice":"Ignored","damage_taken":0,"max_hp_gain":0,"max_hp_loss":0,"event_name":"Vampires","floor":18,"gold_loss":0},{"damage_healed":0,"gold_gain":0,"player_choice":"Fought Bandits","damage_taken":0,"max_hp_gain":0,"max_hp_loss":0,"event_name":"Masked Bandits","floor":20,"gold_loss":0}],"is_beta":false,"boss_relics":[{"not_picked":["ChewingGum","PrismaMod:PrismaSapphireUpgrade"],"picked":"Dota2Spire:Bloodstone"}],"items_purged_floors":[11],"is_endless":false,"potions_floor_spawned":[4,14,16,19,20,30],"killed_by":"SI_MIRROR_ARCHETYPE","ascension_level":0}}