{"host":"en4narc5947t7k9n","time":1614244464,"event":{"mods":["AchievementEnabler","BaseMod","Colored Map","Minty Spire (QoL Compilation)","SuperFastMode"],"gold_per_floor":[114,114,114,134,94,135,158,10,59,82,82,115,133,157,157,283,283,299,317,170,184,184,184,10,29,29,29,154,154,175,175,175],"floor_reached":31,"language":"KOR","playtime":1602,"items_purged":["Strike_R","Defend_R"],"score":297,"play_id":"b8b6e80b-f881-46e6-8354-e93bd73b09e5","local_time":"20210225181424","is_ascension_mode":false,"campfire_choices":[{"data":"Brutality","floor":11,"key":"SMITH"},{"data":"Flame Barrier","floor":15,"key":"SMITH"},{"data":"Barricade","floor":23,"key":"SMITH"},{"floor":27,"key":"REST"},{"floor":29,"key":"REST"}],"circlet_count":0,"master_deck":["Strike_R+1","Defend_R","Defend_R","Bash+1","Armaments","Rampage","Feel No Pain","Flame Barrier+1","Brutality+1","Warcry","Battle Trance","Hemokinesis","Impervious","Feel No Pain+1","Anger+1","Reckless Charge+1","Uppercut","Barricade+1","Seeing Red","Infernal Blade","Cleave","Thunderclap","Bloodletting"],"relics":["Burning Blood","NeowsBlessing","Golden Idol","Whetstone","Happy Flower","Regal Pillow","Astrolabe","Art of War","Pocketwatch","HornCleat"],"acts_visited":["Exordium","TheCity"],"potions_floor_usage":[12,12,12,16,21,21,28,28,28,30],"damage_taken":[{"damage":0,"enemies":"Jaw Worm","floor":1,"turns":1},{"damage":0,"enemies":"Small Slimes","floor":4,"turns":1},{"damage":0,"enemies":"Gremlin Nob","floor":6,"turns":1},{"damage":5,"enemies":"Cultist","floor":7,"turns":4},{"damage":16,"enemies":"Exordium Wildlife","floor":10,"turns":5},{"damage":2,"enemies":"Lagavulin","floor":12,"turns":3},{"damage":8,"enemies":"Looter","floor":13,"turns":4},{"damage":3,"enemies":"Large Slime","floor":14,"turns":4},{"damage":48,"enemies":"The Guardian","floor":16,"turns":12},{"damage":6,"enemies":"Spheric Guardian","floor":18,"turns":5},{"damage":13,"enemies":"Chosen","floor":19,"turns":5},{"damage":17,"enemies":"Snecko","floor":21,"turns":6},{"damage":53,"enemies":"3 Cultists","floor":25,"turns":7},{"damage":20,"enemies":"Colosseum Slavers","floor":28,"turns":6},{"damage":38,"enemies":"Colosseum Nobs","floor":28,"turns":5},{"damage":46,"enemies":"Cultist and Chosen","floor":30,"turns":9},{"damage":7,"enemies":"Book of Stabbing","floor":31,"turns":5}],"seed_played":"7983648513289535455","potions_obtained":[{"floor":5,"key":"SteroidPotion"},{"floor":5,"key":"Energy Potion"},{"floor":5,"key":"Strength Potion"},{"floor":7,"key":"AttackPotion"},{"floor":13,"key":"GamblersBrew"},{"floor":16,"key":"EntropicBrew"},{"floor":21,"key":"Weak Potion"},{"floor":28,"key":"Dexterity Potion"}],"is_trial":false,"path_per_floor":["M","?","$","M","?","E","M","$","T","M","R","E","M","M","R","B",null,"M","M","$","M","?","R","$","M","T","R","?","R","M","E"],"character_chosen":"IRONCLAD","items_purchased":["Happy Flower","Barricade","Infernal Blade"],"campfire_rested":2,"item_purchase_floors":[8,20,24],"current_hp_per_floor":[80,60,60,66,66,72,73,73,73,63,63,67,65,68,68,26,80,80,73,73,62,62,62,62,15,15,54,8,47,7,0,0],"gold":175,"neow_bonus":"THREE_ENEMY_KILL","is_daily":false,"chose_seed":false,"campfire_upgraded":3,"win_rate":0.0,"timestamp":1614244464,"path_taken":["M","?","$","M","?","E","M","$","T","?","R","E","M","M","R","BOSS","M","M","$","M","?","R","$","M","T","R","?","R","M","E"],"items_purchased_type":["Relic","Card","Card"],"build_version":"2020-12-22","purchased_purges":2,"victory":false,"max_hp_per_floor":[80,80,80,80,80,80,80,80,80,80,80,80,80,80,80,80,80,80,80,80,80,80,80,80,80,80,80,80,80,80,80,80],"card_choices":[{"not_picked":["Havoc","Pommel Strike"],"picked":"Armaments","floor":1},{"not_picked":["Sentinel","Dropkick"],"picked":"Rampage","floor":4},{"not_picked":["Headbutt","Havoc"],"picked":"Feel No Pain","floor":6},{"not_picked":["Armaments","Perfected Strike"],"picked":"Flame Barrier","floor":7},{"not_picked":["Clash","Wild Strike"],"picked":"Brutality","floor":10},{"not_picked":["Feel No Pain","Combust"],"picked":"Warcry","floor":12},{"not_picked":["Whirlwind","Body Slam"],"picked":"Battle Trance","floor":13},{"not_picked":["Heavy Blade","Dark Embrace"],"picked":"Hemokinesis","floor":14},{"not_picked":["Berserk","Brutality"],"picked":"Impervious","floor":16},{"not_picked":["Headbutt","True Grit","Sword Boomerang"],"picked":"SKIP","floor":18},{"not_picked":["Dropkick","Havoc"],"picked":"Uppercut","floor":19},{"not_picked":["Cleave","Warcry"],"picked":"Seeing Red","floor":21},{"not_picked":["True Grit","Thunderclap"],"picked":"Cleave","floor":25},{"not_picked":["Warcry","Sentinel"],"picked":"Thunderclap","floor":28},{"not_picked":["Clash","Dual Wield"],"picked":"Bloodletting","floor":30}],"player_experience":216293,"relics_obtained":[{"floor":6,"key":"Whetstone"},{"floor":12,"key":"Regal Pillow"},{"floor":26,"key":"Art of War"},{"floor":28,"key":"Pocketwatch"},{"floor":28,"key":"HornCleat"}],"event_choices":[{"damage_healed":0,"gold_gain":0,"player_choice":"Take Damage","damage_taken":20,"relics_obtained":["Golden Idol"],"max_hp_gain":0,"max_hp_loss":0,"event_name":"Golden Idol","floor":2,"gold_loss":0},{"damage_healed":0,"gold_gain":0,"player_choice":"Bought 3 Potions","damage_taken":0,"max_hp_gain":0,"max_hp_loss":0,"event_name":"The Woman in Blue","floor":5,"gold_loss":0},{"cards_removed":["Defend_R"],"damage_healed":0,"gold_gain":0,"player_choice":"Elegance","damage_taken":0,"max_hp_gain":0,"max_hp_loss":0,"event_name":"Back to Basics","floor":22,"gold_loss":0},{"damage_healed":0,"gold_gain":0,"player_choice":"Fight","damage_taken":0,"max_hp_gain":0,"max_hp_loss":0,"event_name":"Colosseum","floor":28,"gold_loss":0},{"damage_healed":0,"gold_gain":0,"player_choice":"Fought Nobs","damage_taken":0,"max_hp_gain":0,"max_hp_loss":0,"event_name":"Colosseum","floor":28,"gold_loss":0}],"is_beta":false,"boss_relics":[{"not_picked":["Pandora\u0027s Box","Calling Bell"],"picked":"Astrolabe"}],"items_purged_floors":[20,24],"is_endless":false,"potions_floor_spawned":[7,10,13,16,21,28,28],"killed_by":"Book of Stabbing","ascension_level":0}}