{"host":"ygl58xydwgsz1tl0","time":1614258219,"event":{"mods":["BaseMod","Colored Map","Dio Mod","Dota2Spire","GifTheSpireLib","Googly Eyes","Minty Spire (QoL Compilation)","Morshu Shopkeeper","Morshu Shopkeeper - ENHANCED","Small Relic Pack","StSLib","Uncapped"],"gold_per_floor":[115,134,59,74,74,74,21,21,21,21,41,55,90,365,365,468,468,480,492,506,539,553,553,563,563,590,689,705,724,724,724,724,823,823,837,837,847,874,874,874,874],"floor_reached":40,"language":"RUS","playtime":1603,"items_purged":["Doubt"],"score":413,"play_id":"9843d427-02e7-4007-9e8a-db08c5454dde","local_time":"20210225160339","is_ascension_mode":false,"campfire_choices":[{"data":"Envenom","floor":6,"key":"SMITH"},{"data":"Cloak And Dagger","floor":8,"key":"SMITH"},{"data":"Adrenaline","floor":15,"key":"SMITH"},{"floor":23,"key":"REST"},{"floor":30,"key":"REST"},{"floor":32,"key":"REST"}],"circlet_count":0,"master_deck":["Strike_G","Strike_G","Strike_G","Strike_G","Defend_G","Defend_G","Defend_G","Defend_G","Defend_G","Survivor","Neutralize","Blade Dance","Envenom+1","Cloak And Dagger+1","Adrenaline+1","Envenom","relicPack:StarPlatinum","Cloak And Dagger","Blade Dance+1","Outmaneuver+1","Blade Dance","Glass Knife","Heel Hook+1","Doubt","Shame","Writhe"],"relics":["Ring of the Snake","WarpedTongs","Du-Vu Doll","Dota2Spire:MantaStyle","relicPack:StarArrow","Red Mask","Nunchaku","Pen Nib","Astrolabe","Dota2Spire:LotusOrb"],"acts_visited":["Exordium","TheCity","TheBeyond"],"potions_floor_usage":[11,28,29,35],"damage_taken":[{"damage":1,"enemies":"Cultist","floor":1,"turns":5},{"damage":0,"enemies":"2 Louse","floor":2,"turns":3},{"damage":0,"enemies":"Small Slimes","floor":4,"turns":3},{"damage":10,"enemies":"Gremlin Gang","floor":11,"turns":3},{"damage":7,"enemies":"Blue Slaver","floor":12,"turns":3},{"damage":12,"enemies":"Gremlin Nob","floor":13,"turns":4},{"damage":13,"enemies":"Hexaghost","floor":16,"turns":7},{"damage":18,"enemies":"Spheric Guardian","floor":18,"turns":4},{"damage":11,"enemies":"2 Thieves","floor":19,"turns":3},{"damage":12,"enemies":"Centurion and Healer","floor":20,"turns":4},{"damage":9,"enemies":"Masked Bandits","floor":21,"turns":3},{"damage":29,"enemies":"Shelled Parasite and Fungi","floor":22,"turns":3},{"damage":2,"enemies":"Cultist and Chosen","floor":24,"turns":3},{"damage":7,"enemies":"3 Cultists","floor":28,"turns":3},{"damage":7,"enemies":"Shelled Parasite and Fungi","floor":29,"turns":3},{"damage":49,"enemies":"Automaton","floor":33,"turns":5},{"damage":27,"enemies":"3 Darklings","floor":35,"turns":6},{"damage":16,"enemies":"3 Shapes","floor":37,"turns":2},{"damage":79,"enemies":"Nemesis","floor":40,"turns":5}],"seed_played":"6437390454373666704","potions_obtained":[{"floor":1,"key":"Strength Potion"},{"floor":4,"key":"EssenceOfSteel"},{"floor":16,"key":"Ancient Potion"},{"floor":20,"key":"SmokeBomb"},{"floor":21,"key":"Ancient Potion"},{"floor":28,"key":"CunningPotion"},{"floor":33,"key":"Dota2Spire:HealingSalve"}],"is_trial":false,"path_per_floor":["M","M","$","M","?","R","$","R","T","?","M","M","E","?","R","B",null,"M","M","M","?","M","R","M","?","T","?","M","M","R","?","R","B",null,"M","?","M","T","?","E"],"character_chosen":"THE_SILENT","items_purchased":["Cloak And Dagger"],"campfire_rested":3,"item_purchase_floors":[7],"current_hp_per_floor":[83,83,83,83,83,83,83,83,83,83,73,66,54,54,54,41,84,66,55,43,34,5,30,28,28,28,28,21,14,39,39,64,15,84,66,66,50,50,71,0,0],"gold":874,"neow_bonus":"TWENTY_PERCENT_HP_BONUS","is_daily":false,"chose_seed":false,"campfire_upgraded":3,"win_rate":0.0,"timestamp":1614258219,"path_taken":["M","M","$","M","?","R","?","R","T","?","M","?","E","?","R","BOSS","M","?","M","?","M","R","M","?","T","?","?","M","R","?","R","BOSS","M","?","?","?","?","E"],"items_purchased_type":["Card"],"build_version":"2020-12-22","purchased_purges":1,"victory":false,"max_hp_per_floor":[84,84,84,84,84,84,84,84,84,84,84,84,84,84,84,84,84,84,84,84,84,84,84,84,84,84,84,84,84,84,84,84,84,84,84,84,84,84,84,84,84],"card_choices":[{"not_picked":["Deadly Poison","Outmaneuver"],"picked":"Blade Dance","floor":1},{"not_picked":["Terror","Dodge and Roll","Escape Plan"],"picked":"SKIP","floor":2},{"not_picked":["Underhanded Strike","Bouncing Flask"],"picked":"Envenom","floor":4},{"not_picked":["Deflect","Dagger Throw","Dagger Spray"],"picked":"SKIP","floor":11},{"not_picked":["PiercingWail","Underhanded Strike","Reflex"],"picked":"SKIP","floor":12},{"not_picked":["Bane","Dagger Throw"],"picked":"Adrenaline","floor":13},{"not_picked":["Doppelganger","Wraith Form v2"],"picked":"Envenom","floor":16},{"not_picked":["Dagger Spray","Deadly Poison","Dodge and Roll"],"picked":"SKIP","floor":18},{"not_picked":["Sucker Punch","Underhanded Strike"],"picked":"Cloak And Dagger","floor":19},{"not_picked":["Leg Sweep","Tactician+1"],"picked":"Blade Dance+1","floor":20},{"not_picked":["Sucker Punch","Dash","Dagger Spray+1"],"picked":"SKIP","floor":22},{"not_picked":["Bane","PiercingWail+1"],"picked":"Outmaneuver+1","floor":24},{"not_picked":["Catalyst","Concentrate+1"],"picked":"Blade Dance","floor":28},{"not_picked":["Deadly Poison","Bane","Flechettes+1"],"picked":"SKIP","floor":29},{"not_picked":["PiercingWail","Outmaneuver","Bane"],"picked":"SKIP","floor":35},{"not_picked":["Outmaneuver","Endless Agony","Underhanded Strike"],"picked":"SKIP","floor":37}],"player_experience":203197,"relics_obtained":[{"floor":9,"key":"Du-Vu Doll"},{"floor":13,"key":"Dota2Spire:MantaStyle"},{"floor":21,"key":"Red Mask"},{"floor":26,"key":"Pen Nib"},{"floor":38,"key":"Dota2Spire:LotusOrb"}],"event_choices":[{"damage_healed":0,"gold_gain":0,"player_choice":"Rummage","damage_taken":0,"relics_obtained":["WarpedTongs"],"max_hp_gain":0,"max_hp_loss":0,"event_name":"Accursed Blacksmith","floor":5,"gold_loss":0,"cards_obtained":["Pain"]},{"cards_removed":["Strike_G"],"damage_healed":0,"gold_gain":0,"player_choice":"Offered Basic","damage_taken":0,"max_hp_gain":0,"max_hp_loss":0,"event_name":"Bonfire Elementals","floor":10,"gold_loss":0},{"damage_healed":0,"gold_gain":275,"player_choice":"Desecrate","damage_taken":0,"max_hp_gain":0,"max_hp_loss":0,"event_name":"Golden Shrine","floor":14,"gold_loss":0,"cards_obtained":["Regret"]},{"damage_healed":0,"gold_gain":0,"player_choice":"Fought Bandits","damage_taken":0,"max_hp_gain":0,"max_hp_loss":0,"event_name":"Masked Bandits","floor":21,"gold_loss":0},{"damage_healed":0,"gold_gain":0,"player_choice":"Opened","damage_taken":0,"relics_obtained":["Nunchaku"],"max_hp_gain":0,"max_hp_loss":0,"event_name":"The Mausoleum","floor":25,"gold_loss":0},{"damage_healed":0,"gold_gain":99,"player_choice":"Stole From Cult","damage_taken":0,"max_hp_gain":0,"max_hp_loss":0,"event_name":"Nest","floor":27,"gold_loss":0},{"damage_healed":0,"gold_gain":0,"player_choice":"2 cards matched","damage_taken":0,"max_hp_gain":0,"max_hp_loss":0,"event_name":"Match and Keep!","floor":31,"gold_loss":0,"cards_obtained":["Glass Knife","Poisoned Stab"]},{"damage_healed":0,"gold_gain":0,"player_choice":"Bought 0 Potions","damage_taken":0,"max_hp_gain":0,"max_hp_loss":0,"event_name":"The Woman in Blue","floor":36,"gold_loss":0},{"damage_healed":21,"gold_gain":0,"player_choice":"Writhe","damage_taken":0,"max_hp_gain":0,"max_hp_loss":0,"event_name":"Winding Halls","floor":39,"gold_loss":0,"cards_obtained":["Writhe"]}],"is_beta":false,"boss_relics":[{"not_picked":["HoveringKite","relicPack:KazumaCape"],"picked":"relicPack:StarArrow"},{"not_picked":["Tiny House","Runic Pyramid"],"picked":"Astrolabe"}],"items_purged_floors":[3],"is_endless":false,"potions_floor_spawned":[1,4,16,20,21,28,33],"killed_by":"Nemesis","ascension_level":0}}