{"host":"vrsxkkch9ccrec7k","time":1614258402,"event":{"mods":["Act Like it!","BaseMod","Bestiary","Better Altar","Better Match","Better Note","Better Sensory Stone","Better Skull","Better Third Choice","Better Vampires","Downfall","Minty Spire (QoL Compilation)","Permanent Neow","Relic Stats","Spicy Shops","StSLib"],"gold_per_floor":[99,109,119,129,184,216,269,269,296,196,208,208,208,208,220,295,295,295,310,325,339,339,339,365,384,396,426,444,7,7,40,58,131,131,131,148,167,42,59,93,93,93,78,97,115,115,36,36,47,47,47],"floor_reached":50,"language":"ENG","playtime":5499,"items_purged":["bronze:Strike","bronze:Defend"],"score":1296,"play_id":"04e550dc-ed68-45ab-b535-a6cbaf5e8ece","local_time":"20210225080642","is_ascension_mode":true,"campfire_choices":[{"data":"bronze:HyperBeam","floor":1,"key":"SMITH"},{"floor":8,"key":"REST"},{"data":"bronze:Goto","floor":10,"key":"SMITH"},{"data":"bronze:Shell","floor":12,"key":"SMITH"},{"data":"bronze:SpaghettiCode","floor":18,"key":"SMITH"},{"data":"bronze:Fortify","floor":30,"key":"SMITH"},{"floor":35,"key":"RECALL"},{"data":"bronze:Shell","floor":46,"key":"SMITH"}],"circlet_count":0,"master_deck":["AscendersBane","bronze:Defend+1","bronze:Defend","bronze:Defend+1","bronze:Replicate+1","bronze:Goto+1","bronze:Branch+1","bronze:Repair+1","bronze:Turbo","bronze:Constructor","bronze:Frontload+1","bronze:Shell+1","bronze:SpaghettiCode+1","bronze:InfiniteLoop+1","bronze:Fortify+1","bronze:Fortify+1","bronze:Shell+1","bronze:Deprecate","bronze:FineTuning","bronze:Frontload+1","bronze:DelayedGuard","bronze:Format","bronze:Format+1","bronze:ClassDefault+1","bronze:HyperBeam+1","bronze:Shell+1","bronze:Constructor+1","bronze:BronzeArmor+1","bronze:Return+1","bronze:Optimize","bronze:ChildClass+1","bronze:Optimize","Dark Shackles"],"relics":["bronze:BronzeCore","sneckomod:BlankCard","PreservedInsect","Lantern","Pantograph","downfall:HeartBlessingGreen","downfall:ShatteredFragment","SlaversCollar","War Paint","Oddly Smooth Stone","champ:Barbells","Nunchaku","TungstenRod","Astrolabe","Juzu Bracelet","Whetstone","Lee\u0027s Waffle"],"acts_visited":["Exordium","TheCity","TheBeyond"],"potions_floor_usage":[5,6,21,26,27,29,31,40,40,49,50,50],"damage_taken":[{"damage":1,"enemies":"Cultist","floor":2,"turns":3},{"damage":5,"enemies":"Small Slimes","floor":3,"turns":4},{"damage":1,"enemies":"Jaw Worm","floor":4,"turns":5},{"damage":30,"enemies":"Lagavulin Event","floor":5,"turns":4},{"damage":0,"enemies":"Gremlin Nob","floor":6,"turns":3},{"damage":0,"enemies":"3 Sentries","floor":9,"turns":3},{"damage":0,"enemies":"2 Fungi Beasts","floor":11,"turns":4},{"damage":2,"enemies":"Exordium Wildlife","floor":15,"turns":3},{"damage":0,"enemies":"DF_ARCHETYPE_STREAMLINE","floor":16,"turns":14},{"damage":0,"enemies":"Spheric Guardian","floor":19,"turns":4},{"damage":0,"enemies":"3 Byrds","floor":20,"turns":3},{"damage":0,"enemies":"3 Cultists","floor":21,"turns":3},{"damage":9,"enemies":"Centurion and Healer","floor":25,"turns":7},{"damage":0,"enemies":"Shelled Parasite and Fungi","floor":26,"turns":7},{"damage":0,"enemies":"Gremlin Leader","floor":27,"turns":8},{"damage":0,"enemies":"Snake Plant","floor":28,"turns":6},{"damage":0,"enemies":"downfall:FleeingMerchant","floor":29,"turns":4},{"damage":10,"enemies":"Slavers","floor":31,"turns":6},{"damage":0,"enemies":"Sentry and Sphere","floor":32,"turns":8},{"damage":0,"enemies":"WA_ARCHETYPE_CALM","floor":33,"turns":16},{"damage":0,"enemies":"Orb Walker","floor":36,"turns":4},{"damage":0,"enemies":"3 Shapes","floor":37,"turns":6},{"damage":7,"enemies":"Sphere and 2 Shapes","floor":39,"turns":8},{"damage":0,"enemies":"Reptomancer","floor":40,"turns":9},{"damage":0,"enemies":"downfall:FleeingMerchant","floor":43,"turns":4},{"damage":8,"enemies":"Writhing Mass","floor":44,"turns":17},{"damage":3,"enemies":"Jaw Worm Horde","floor":45,"turns":4},{"damage":0,"enemies":"downfall:FleeingMerchant","floor":47,"turns":4},{"damage":7,"enemies":"Sphere and 2 Shapes","floor":49,"turns":11},{"damage":190,"enemies":"IC_BLOCK_ARCHETYPE","floor":50,"turns":13}],"seed_played":"-2666212990873869342","potions_obtained":[{"floor":2,"key":"AttackPotion"},{"floor":4,"key":"AttackPotion"},{"floor":9,"key":"Swift Potion"},{"floor":16,"key":"AttackPotion"},{"floor":20,"key":"SteroidPotion"},{"floor":22,"key":"CultistPotion"},{"floor":25,"key":"Slimebound:ThreeZeroPotion"},{"floor":26,"key":"sneckomod:MuddlingPotion"},{"floor":27,"key":"PowerPotion"},{"floor":32,"key":"bronze:CleanCodePotion"},{"floor":33,"key":"PowerPotion"},{"floor":37,"key":"EntropicBrew"},{"floor":40,"key":"Block Potion"},{"floor":49,"key":"hexamod:SoulburnPotion"}],"is_trial":false,"path_per_floor":["R","M","M","M","?","E","T","R","E","R","M","R","?","?","M","B",null,"R","M","M","M","?","?","T","M","M","E","M","$","R","E","M","B",null,"R","M","M","?","M","E","T","?","$","M","M","R","$","?","M","B"],"character_chosen":"THE_AUTOMATON","items_purchased":["champ:Barbells","Nunchaku","Energy Potion","Whetstone","Lee\u0027s Waffle"],"campfire_rested":1,"item_purchase_floors":[29,29,29,47,47],"current_hp_per_floor":[57,56,51,50,27,34,34,51,57,57,57,57,36,36,44,57,57,57,57,57,57,57,57,57,57,57,57,57,57,57,57,57,57,57,57,57,57,57,55,57,57,57,57,49,56,56,64,64,57,0,0],"gold":47,"neow_bonus":"THREE_RARE_CARDS","is_daily":false,"chose_seed":false,"campfire_upgraded":6,"win_rate":0.0,"timestamp":1614258402,"path_taken":["R","M","M","M","?","E","T","R","E","R","M","R","?","?","M","BOSS","R","M","M","M","?","?","T","M","?","E","M","$","R","E","M","BOSS","R","M","M","?","M","E","T","?","$","M","M","R","$","?","M","BOSS"],"items_purchased_type":["Relic","Relic","Potion","Relic","Relic"],"build_version":"2020-12-22","purchased_purges":2,"victory":false,"max_hp_per_floor":[57,57,57,57,57,57,57,57,57,57,57,57,57,57,57,57,57,57,57,57,57,57,57,57,57,57,57,57,57,57,57,57,57,57,57,57,57,57,57,57,57,57,57,57,57,57,64,64,64,64,64],"relic_stats":{"Nunchaku":[29],"Lee\u0027s Waffle":7,"counters":[30,195],"Pantograph":20,"Astrolabe":["bronze:Format","bronze:ClassDefault","bronze:HyperBeam"],"PreservedInsect":294,"Juzu Bracelet":0,"Whetstone":["bronze:Branch","bronze:Fortify"],"War Paint":["bronze:Defend","bronze:Defend"],"obtain_stats":[{"champ:Barbells":29,"Lantern":7,"Lee\u0027s Waffle":47,"bronze:BronzeCore":0,"downfall:ShatteredFragment":13,"sneckomod:BlankCard":5,"Astrolabe":34,"Oddly Smooth Stone":27,"downfall:HeartBlessingGreen":10,"PreservedInsect":6,"Juzu Bracelet":40,"Whetstone":47,"War Paint":24,"SlaversCollar":17,"Nunchaku":29,"Pantograph":9,"TungstenRod":31},{"champ:Barbells":17,"Lantern":5,"Lee\u0027s Waffle":28,"bronze:BronzeCore":0,"downfall:ShatteredFragment":7,"sneckomod:BlankCard":4,"Astrolabe":20,"Oddly Smooth Stone":15,"downfall:HeartBlessingGreen":6,"PreservedInsect":5,"Juzu Bracelet":24,"Whetstone":28,"War Paint":12,"SlaversCollar":9,"Nunchaku":17,"Pantograph":6,"TungstenRod":18},{"champ:Barbells":85,"Lantern":19,"Lee\u0027s Waffle":171,"bronze:BronzeCore":0,"downfall:ShatteredFragment":26,"sneckomod:BlankCard":16,"Astrolabe":115,"Oddly Smooth Stone":75,"downfall:HeartBlessingGreen":22,"PreservedInsect":19,"Juzu Bracelet":142,"Whetstone":171,"War Paint":53,"SlaversCollar":43,"Nunchaku":85,"Pantograph":22,"TungstenRod":91}],"TungstenRod":12},"card_choices":[{"not_picked":["bronze:CleanCode","bronze:AlphaBuild"],"picked":"bronze:HyperBeam","floor":0},{"not_picked":["bronze:FollowUp","bronze:DelayedGuard"],"picked":"bronze:Branch","floor":2},{"not_picked":["bronze:CutThrough","bronze:Turbo"],"picked":"bronze:Repair","floor":3},{"not_picked":["bronze:CutThrough","bronze:Fortify"],"picked":"bronze:Turbo","floor":4},{"not_picked":["bronze:OilSpill","bronze:BitShift"],"picked":"bronze:Constructor","floor":5},{"not_picked":["bronze:ForceShield","bronze:DigitalCarnage","bronze:Refactor"],"picked":"SKIP","floor":6},{"not_picked":["bronze:Deprecate","bronze:DelayedSlice"],"picked":"bronze:Frontload","floor":9},{"not_picked":["bronze:Frontload","bronze:Philosophize"],"picked":"bronze:Shell","floor":11},{"not_picked":["bronze:Repair","bronze:CutThrough"],"picked":"bronze:SpaghettiCode","floor":15},{"not_picked":["bronze:ThunderWave","bronze:ShipIt"],"picked":"bronze:InfiniteLoop","floor":16},{"not_picked":["bronze:FineTuning+1","bronze:Shield"],"picked":"bronze:Fortify","floor":19},{"not_picked":["bronze:DelayedGuard","bronze:Deprecate"],"picked":"bronze:Fortify","floor":20},{"not_picked":["bronze:SpaghettiCode","bronze:WildBeam+1","bronze:BitShift"],"picked":"SKIP","floor":21},{"not_picked":["bronze:Constructor","bronze:DelayedSlice"],"picked":"bronze:Deprecate","floor":25},{"not_picked":["bronze:Shield","bronze:Library"],"picked":"bronze:FineTuning","floor":26},{"not_picked":["bronze:CloningBeam","bronze:ShipIt","bronze:BurnOut"],"picked":"SKIP","floor":27},{"not_picked":["bronze:Constructor","bronze:BronzeArmor","bronze:Separator"],"picked":"SKIP","floor":28},{"not_picked":["bronze:Iterate+1","bronze:Fortify"],"picked":"bronze:Frontload","floor":29},{"not_picked":["bronze:BitShift","bronze:Allocate","bronze:Turbo"],"picked":"SKIP","floor":31},{"not_picked":["bronze:BronzeArmor","bronze:ItsAFeature"],"picked":"bronze:DelayedGuard","floor":32},{"not_picked":["bronze:Library","bronze:Virus"],"picked":"bronze:Format","floor":33},{"not_picked":["bronze:Branch","bronze:Fortify"],"picked":"bronze:Shell","floor":36},{"not_picked":["bronze:Iterate","bronze:CutThrough"],"picked":"bronze:Constructor+1","floor":37},{"not_picked":["bronze:ChosenStrike+1","bronze:Safeguard+1"],"picked":"bronze:BronzeArmor+1","floor":38},{"not_picked":["bronze:Turbo+1","bronze:ForLoop+1"],"picked":"bronze:Return+1","floor":39},{"not_picked":["bronze:Separator+1","bronze:Turbo","bronze:Shield"],"picked":"SKIP","floor":40},{"not_picked":["bronze:Constructor+1","bronze:BuggyMess"],"picked":"bronze:Optimize","floor":43},{"not_picked":["bronze:Turbo","bronze:CloningBeam"],"picked":"bronze:ChildClass","floor":44},{"not_picked":["bronze:Overload","bronze:Refactor"],"picked":"bronze:Optimize","floor":45},{"not_picked":["bronze:Invalidate+1","bronze:FineTuning","bronze:BuggyMess+1"],"picked":"SKIP","floor":47},{"not_picked":["Jack Of All Trades","Swift Strike"],"picked":"Dark Shackles","floor":48},{"not_picked":["bronze:Allocate","bronze:WhirlingStrike","bronze:NullPointer"],"picked":"SKIP","floor":49}],"player_experience":2033028,"relics_obtained":[{"floor":5,"key":"sneckomod:BlankCard"},{"floor":6,"key":"PreservedInsect"},{"floor":7,"key":"Lantern"},{"floor":9,"key":"Pantograph"},{"floor":24,"key":"War Paint"},{"floor":27,"key":"Oddly Smooth Stone"},{"floor":31,"key":"TungstenRod"},{"floor":40,"key":"Juzu Bracelet"}],"event_choices":[{"damage_healed":0,"gold_gain":0,"player_choice":"2","damage_taken":0,"max_hp_gain":0,"max_hp_loss":0,"event_name":"betterMatch:BetterMatch","floor":38,"gold_loss":0,"cards_obtained":["betterMatch:UncommonCard"]},{"cards_removed":["bronze:HyperBeam"],"damage_healed":0,"gold_gain":0,"player_choice":"Removed Attack","damage_taken":0,"max_hp_gain":0,"max_hp_loss":0,"event_name":"Falling","floor":42,"gold_loss":0},{"damage_healed":0,"gold_gain":3,"player_choice":"1","damage_taken":0,"max_hp_gain":0,"max_hp_loss":0,"event_name":"betterStone:BetterStone","floor":48,"gold_loss":0}],"is_beta":false,"boss_relics":[{"not_picked":["Cursed Key","Tiny House"],"picked":"SlaversCollar"},{"not_picked":["Runic Dome","Sozu"],"picked":"Astrolabe"}],"items_purged_floors":[29,47],"is_endless":false,"potions_floor_spawned":[2,4,9,16,20,25,26,27,32,33,37,39,40,44,49],"killed_by":"IC_BLOCK_ARCHETYPE","ascension_level":15}}