{"host":"0fd22hpf43j6tvvm","time":1614278683,"event":{"mods":["AchievementEnabler","BaseMod","Colored Map","Minty Spire (QoL Compilation)","Relic Stats"],"gold_per_floor":[114,114,131,146,165,199,55,86,112,387,387,59,79,112,112,216,216,233,233,48,66,83,119,119,163,163,191,200,200,34,49,49,145,145,170,198,257,287,315,353,353,378,378,0,37,60,60,74,74,74],"floor_reached":51,"language":"ENG","playtime":4009,"items_purged":["Bash","Regret","Strike_R"],"score":1259,"play_id":"879a39b4-57b7-46c2-8e89-0f397d436cab","local_time":"20210225134443","is_ascension_mode":true,"campfire_choices":[{"data":"Feed","floor":11.0,"key":"SMITH"},{"data":"True Grit","floor":15.0,"key":"SMITH"},{"floor":24.0,"key":"REST"},{"data":"Apotheosis","floor":29.0,"key":"SMITH"},{"data":"Corruption","floor":32.0,"key":"SMITH"},{"data":"Parasite","floor":41.0,"key":"PURGE"},{"floor":47.0,"key":"DIG"},{"floor":49.0,"key":"DIG"}],"circlet_count":0,"master_deck":["Strike_R","Strike_R","Strike_R","Strike_R","Defend_R","Defend_R","Defend_R","Defend_R","Bash","Thunderclap","Reaper","Clothesline","Feed+1","Battle Trance","Cleave","True Grit+1","Feel No Pain","Sword Boomerang","Intimidate","Corruption+1","J.A.X.","Apotheosis+1","Twin Strike","Flex","Headbutt","Power Through","Limit Break","True Grit","Metallicize+1","Sentinel","Pommel Strike+1","Disarm+1","Sentinel+1","Disarm+1","Feel No Pain+1","Cleave+1"],"relics":["Burning Blood","Lizard Tail","Blood Vial","Vajra","Anchor","Lee\u0027s Waffle","Art of War","Black Star","MealTicket","CeramicFish","Bird Faced Urn","Sundial","Ornamental Fan","Juzu Bracelet","Pen Nib","Sozu","Peace Pipe","Shovel","Bottled Flame","Red Skull","Magic Flower","Toxic Egg 2","Red Mask","Strawberry","Bottled Lightning","Turnip","Mummified Hand"],"acts_visited":["Exordium","TheCity","TheBeyond"],"potions_floor_usage":[],"damage_taken":[{"damage":12.0,"enemies":"Jaw Worm","floor":1.0,"turns":3.0},{"damage":1.0,"enemies":"Cultist","floor":3.0,"turns":3.0},{"damage":0.0,"enemies":"Small Slimes","floor":4.0,"turns":3.0},{"damage":2.0,"enemies":"Exordium Wildlife","floor":5.0,"turns":3.0},{"damage":18.0,"enemies":"Gremlin Nob","floor":6.0,"turns":4.0},{"damage":61.0,"enemies":"Lagavulin","floor":8.0,"turns":9.0},{"damage":29.0,"enemies":"Large Slime","floor":13.0,"turns":8.0},{"damage":19.0,"enemies":"Gremlin Nob","floor":14.0,"turns":4.0},{"damage":54.0,"enemies":"The Guardian","floor":16.0,"turns":13.0},{"damage":40.0,"enemies":"Shell Parasite","floor":18.0,"turns":11.0},{"damage":5.0,"enemies":"3 Byrds","floor":21.0,"turns":6.0},{"damage":25.0,"enemies":"3 Cultists","floor":22.0,"turns":4.0},{"damage":81.0,"enemies":"Gremlin Leader","floor":23.0,"turns":9.0},{"damage":65.0,"enemies":"Slavers","floor":25.0,"turns":6.0},{"damage":14.0,"enemies":"Gremlin Leader","floor":27.0,"turns":8.0},{"damage":15.0,"enemies":"Snake Plant","floor":31.0,"turns":5.0},{"damage":27.0,"enemies":"Champ","floor":33.0,"turns":9.0},{"damage":18.0,"enemies":"Orb Walker","floor":35.0,"turns":4.0},{"damage":29.0,"enemies":"3 Darklings","floor":36.0,"turns":6.0},{"damage":15.0,"enemies":"Mind Bloom Boss Battle","floor":37.0,"turns":8.0},{"damage":8.0,"enemies":"Writhing Mass","floor":38.0,"turns":8.0},{"damage":99.0,"enemies":"Sphere and 2 Shapes","floor":39.0,"turns":6.0},{"damage":56.0,"enemies":"Nemesis","floor":40.0,"turns":9.0},{"damage":26.0,"enemies":"Giant Head","floor":42.0,"turns":9.0},{"damage":75.0,"enemies":"Reptomancer","floor":45.0,"turns":9.0},{"damage":27.0,"enemies":"Maw","floor":46.0,"turns":9.0},{"damage":17.0,"enemies":"Writhing Mass","floor":48.0,"turns":10.0},{"damage":62,"enemies":"Donu and Deca","floor":50,"turns":12}],"seed_played":"-4423462027859819591","potions_obtained":[{"floor":1.0,"key":"ColorlessPotion"},{"floor":3.0,"key":"Fire Potion"},{"floor":4.0,"key":"PowerPotion"},{"floor":13.0,"key":"SteroidPotion"},{"floor":18.0,"key":"FearPotion"},{"floor":23.0,"key":"PowerPotion"},{"floor":25.0,"key":"DistilledChaos"},{"floor":27.0,"key":"SneckoOil"}],"is_trial":false,"path_per_floor":["M","?","M","M","M","E","$","E","T","?","R","$","M","E","R","B",null,"M","?","$","M","M","E","R","E","T","E","?","R","$","M","R","B",null,"M","M","?","M","M","E","R","E","T","?","E","M","R","M","R","B",null],"character_chosen":"IRONCLAD","items_purchased":["Battle Trance","Lee\u0027s Waffle","True Grit","Feel No Pain","Apotheosis","True Grit"],"campfire_rested":1,"item_purchase_floors":[7,12,12,12,20,30],"current_hp_per_floor":[66,66,71,72,72,60,60,16,16,16,16,82,68,57,57,20,73,52,52,52,68,86,29,59,20,20,22,22,22,37,39,39,35,94,93,97,106,126,71,34,34,29,29,29,113,119,119,132,132,127],"gold":74,"neow_bonus":"ONE_RARE_RELIC","is_daily":false,"chose_seed":false,"campfire_upgraded":4,"win_rate":0.0,"timestamp":1614278683,"path_taken":["M","?","M","M","?","E","?","E","T","?","R","$","M","E","R","BOSS","M","?","$","M","M","E","R","E","T","E","?","R","?","M","R","BOSS","M","M","?","M","M","E","R","E","T","?","E","M","R","M","R","BOSS"],"items_purchased_type":["Card","Relic","Card","Card","Card","Card"],"build_version":"2020-12-22","purchased_purges":3,"victory":true,"max_hp_per_floor":[72,72,72,72,72,72,72,75,75,75,75,82,86,86,86,90,90,94,94,94,98,102,102,102,106,106,110,110,110,110,110,110,114,114,114,118,122,126,130,130,127,127,127,127,138,138,138,138,138,142],"relic_stats":{"Lee\u0027s Waffle":66,"counters":[28,198],"CeramicFish":117,"Magic Flower":[91],"Pen Nib":[17],"Juzu Bracelet":0,"Burning Blood":165,"Blood Vial":46,"Sozu":3,"Peace Pipe":1,"Lizard Tail":95,"Shovel":2,"Sundial":[10],"Ornamental Fan":[80],"Mummified Hand":[4],"Bird Faced Urn":[91],"MealTicket":15,"Turnip":[0],"Art of War":[20],"Black Star":6,"obtain_stats":[{"CeramicFish":23,"Vajra":8,"Magic Flower":42,"Juzu Bracelet":27,"Burning Blood":0,"Blood Vial":6,"Sozu":34,"Lizard Tail":0,"Shovel":40,"Sundial":25,"Mummified Hand":49,"Strawberry":45,"MealTicket":23,"Red Mask":44,"Toxic Egg 2":43,"Red Skull":42,"Lee\u0027s Waffle":12,"Pen Nib":27,"Peace Pipe":37,"Anchor":9,"Bottled Flame":40,"Ornamental Fan":26,"Bird Faced Urn":25,"Turnip":47,"Art of War":14,"Black Star":17,"Bottled Lightning":45},{"CeramicFish":13,"Vajra":6,"Magic Flower":24,"Juzu Bracelet":15,"Burning Blood":0,"Blood Vial":5,"Sozu":17,"Lizard Tail":0,"Shovel":23,"Sundial":14,"Mummified Hand":27,"Strawberry":25,"MealTicket":13,"Red Mask":24,"Toxic Egg 2":24,"Red Skull":24,"Lee\u0027s Waffle":6,"Pen Nib":15,"Peace Pipe":20,"Anchor":6,"Bottled Flame":23,"Ornamental Fan":14,"Bird Faced Urn":14,"Turnip":26,"Art of War":8,"Black Star":9,"Bottled Lightning":25},{"CeramicFish":80,"Vajra":25,"Magic Flower":158,"Juzu Bracelet":94,"Burning Blood":0,"Blood Vial":16,"Sozu":108,"Lizard Tail":0,"Shovel":149,"Sundial":86,"Mummified Hand":186,"Strawberry":167,"MealTicket":80,"Red Mask":158,"Toxic Egg 2":158,"Red Skull":158,"Lee\u0027s Waffle":25,"Pen Nib":94,"Peace Pipe":126,"Anchor":25,"Bottled Flame":149,"Ornamental Fan":86,"Bird Faced Urn":86,"Turnip":176,"Art of War":37,"Black Star":50,"Bottled Lightning":167}]},"card_choices":[{"not_picked":["Body Slam","Warcry"],"picked":"Thunderclap","floor":1.0},{"not_picked":["Searing Blow","Heavy Blade"],"picked":"Clothesline","floor":3.0},{"not_picked":["Reckless Charge","Armaments","Clothesline"],"picked":"SKIP","floor":4.0},{"not_picked":["Dark Embrace","Havoc"],"picked":"Feed","floor":5.0},{"not_picked":["Thunderclap","Bludgeon","Sever Soul"],"picked":"SKIP","floor":6.0},{"not_picked":["Infernal Blade","Twin Strike"],"picked":"Cleave","floor":8.0},{"not_picked":["Pummel","Clash"],"picked":"Sword Boomerang","floor":13.0},{"not_picked":["Heavy Blade","Wild Strike"],"picked":"Intimidate","floor":14.0},{"not_picked":["Offering","Feed"],"picked":"Corruption","floor":16.0},{"not_picked":["Cleave","Havoc+1","Armaments"],"picked":"SKIP","floor":18.0},{"not_picked":["Wild Strike","Fire Breathing"],"picked":"Twin Strike","floor":21.0},{"not_picked":["Dual Wield","Armaments+1"],"picked":"Flex","floor":22.0},{"not_picked":["Armaments","Rupture"],"picked":"Headbutt","floor":23.0},{"not_picked":["Limit Break","Spot Weakness"],"picked":"Power Through","floor":25.0},{"not_picked":["Warcry","Cleave","Perfected Strike"],"picked":"SKIP","floor":27.0},{"not_picked":["Searing Blow","Combust","Anger"],"picked":"SKIP","floor":31.0},{"not_picked":["Sever Soul","Sword Boomerang+1"],"picked":"Metallicize+1","floor":35.0},{"not_picked":["Iron Wave","Dropkick+1"],"picked":"Sentinel","floor":36.0},{"not_picked":["Clash","Warcry+1"],"picked":"Pommel Strike+1","floor":37.0},{"not_picked":["Sentinel+1","Perfected Strike"],"picked":"Disarm+1","floor":38.0},{"not_picked":["Heavy Blade","Twin Strike"],"picked":"Sentinel+1","floor":39.0},{"not_picked":["Evolve+1","Immolate"],"picked":"Disarm+1","floor":40.0},{"not_picked":["Headbutt","Burning Pact+1","Feed"],"picked":"SKIP","floor":42.0},{"not_picked":["Pommel Strike+1","Ghostly Armor+1"],"picked":"Feel No Pain+1","floor":45.0},{"not_picked":["Perfected Strike","Whirlwind+1"],"picked":"Cleave+1","floor":46.0},{"not_picked":["Carnage+1","Pommel Strike","Headbutt+1"],"picked":"SKIP","floor":48.0}],"player_experience":592545,"relics_obtained":[{"floor":6.0,"key":"Blood Vial"},{"floor":8.0,"key":"Vajra"},{"floor":9.0,"key":"Anchor"},{"floor":14.0,"key":"Art of War"},{"floor":23.0,"key":"MealTicket"},{"floor":23.0,"key":"CeramicFish"},{"floor":25.0,"key":"Bird Faced Urn"},{"floor":25.0,"key":"Sundial"},{"floor":26.0,"key":"Ornamental Fan"},{"floor":27.0,"key":"Juzu Bracelet"},{"floor":27.0,"key":"Pen Nib"},{"floor":37.0,"key":"Peace Pipe"},{"floor":40.0,"key":"Shovel"},{"floor":40.0,"key":"Bottled Flame"},{"floor":42.0,"key":"Red Skull"},{"floor":42.0,"key":"Magic Flower"},{"floor":43.0,"key":"Toxic Egg 2"},{"floor":45.0,"key":"Strawberry"},{"floor":45.0,"key":"Bottled Lightning"},{"floor":47.0,"key":"Turnip"},{"floor":49.0,"key":"Mummified Hand"}],"event_choices":[{"damage_healed":0.0,"max_hp_gain":0.0,"max_hp_loss":0.0,"gold_gain":0.0,"event_name":"Match and Keep!","player_choice":"2 cards matched","floor":2.0,"gold_loss":0.0,"damage_taken":0.0,"cards_obtained":["Bash","Reaper"]},{"damage_healed":0.0,"max_hp_gain":0.0,"max_hp_loss":0.0,"gold_gain":275.0,"event_name":"Golden Shrine","player_choice":"Desecrate","floor":10.0,"gold_loss":0.0,"damage_taken":0.0,"cards_obtained":["Regret"]},{"damage_healed":0.0,"max_hp_gain":0.0,"max_hp_loss":0.0,"gold_gain":0.0,"event_name":"Drug Dealer","player_choice":"Obtain J.A.X.","floor":19.0,"gold_loss":0.0,"damage_taken":0.0,"cards_obtained":["J.A.X."]},{"damage_healed":0.0,"max_hp_gain":0.0,"max_hp_loss":0.0,"gold_gain":0.0,"event_name":"The Library","player_choice":"Read","floor":28.0,"gold_loss":0.0,"damage_taken":0.0,"cards_obtained":["Limit Break"]},{"damage_healed":0.0,"max_hp_gain":0.0,"max_hp_loss":0.0,"gold_gain":0.0,"event_name":"MindBloom","player_choice":"Fight","floor":37.0,"gold_loss":0.0,"damage_taken":0.0},{"damage_healed":0.0,"max_hp_gain":0.0,"max_hp_loss":0.0,"gold_gain":0.0,"event_name":"Tomb of Lord Red Mask","player_choice":"Paid","floor":44.0,"gold_loss":378.0,"damage_taken":0.0,"relics_obtained":["Red Mask"]}],"is_beta":false,"boss_relics":[{"not_picked":["Fusion Hammer","SlaversCollar"],"picked":"Black Star"},{"not_picked":["Calling Bell","Busted Crown"],"picked":"Sozu"}],"items_purged_floors":[7,12,30],"is_endless":false,"potions_floor_spawned":[1,3,4,6,13,18,23,25,27,37,39,42],"ascension_level":9}}