{"host":"n6lk97i3f9btdmiv","time":1614218926,"event":{"mods":["BaseMod","Better Note","Better Third Choice","Colored Map","Highlight Path","Minty Spire (QoL Compilation)","StSLib"],"gold_per_floor":[114,114,126,145,130,160,160,180,180,212,212,244,256,27,27,123,123,141,141,161,71,83,111,111,142,212,230,248,248,323,350,350,450,450,362,376,390,290,290,290],"floor_reached":39,"language":"ENG","playtime":2919,"items_purged":["Strike_G","Strike_G"],"score":486,"play_id":"99dc09a4-190f-4a8a-b2d4-7bb40b3400ba","local_time":"20210224210846","is_ascension_mode":true,"campfire_choices":[{"data":"Noxious Fumes","floor":7.0,"key":"SMITH"},{"data":"Riddle With Holes","floor":15.0,"key":"SMITH"},{"floor":24.0,"key":"RECALL"},{"data":"Replay:Bag of Tricks","floor":29.0,"key":"SMITH"},{"data":"Footwork","floor":32.0,"key":"SMITH"}],"circlet_count":5,"master_deck":["Strike_G","Strike_G","Defend_G","Defend_G","Defend_G","Defend_G","Survivor","Neutralize","Neutralize","Noxious Fumes+1","Wraith Form v2+1","Footwork+1","Tools of the Trade","PiercingWail","Riddle With Holes+1","Madness+1","Backflip+1","Madness+1","PiercingWail+1","Adrenaline","Backstab","Escape Plan+1","PiercingWail+1","After Image+1","Clumsy","Injury","Dodge and Roll+1","Madness","Well Laid Plans"],"relics":["Circlet","Akabeko","Anchor","Strawberry","Bottled Tornado","Snake Skull","Velvet Choker","Happy Flower","War Paint"],"acts_visited":["Exordium","TheCity","TheBeyond"],"potions_floor_usage":[],"damage_taken":[{"damage":0.0,"enemies":"2 Louse","floor":1.0,"turns":3.0},{"damage":0.0,"enemies":"Cultist","floor":3.0,"turns":6.0},{"damage":0.0,"enemies":"Small Slimes","floor":4.0,"turns":3.0},{"damage":0.0,"enemies":"Looter","floor":5.0,"turns":5.0},{"damage":6.0,"enemies":"Replay:BlueRogue","floor":6.0,"turns":7.0},{"damage":1.0,"enemies":"Blue Slaver","floor":8.0,"turns":4.0},{"damage":17.0,"enemies":"Gremlin Nob","floor":10.0,"turns":6.0},{"damage":1.0,"enemies":"3 Sentries","floor":12.0,"turns":6.0},{"damage":0.0,"enemies":"Large Slime","floor":13.0,"turns":5.0},{"damage":40.0,"enemies":"Slime Boss","floor":16.0,"turns":9.0},{"damage":2.0,"enemies":"2 Thieves","floor":18.0,"turns":4.0},{"damage":2.0,"enemies":"Spheric Guardian","floor":20.0,"turns":4.0},{"damage":8.0,"enemies":"Chosen and Byrds","floor":22.0,"turns":5.0},{"damage":6.0,"enemies":"Slavers","floor":23.0,"turns":6.0},{"damage":26.0,"enemies":"Gremlin Leader","floor":25.0,"turns":7.0},{"damage":0.0,"enemies":"Snake Plant","floor":27.0,"turns":5.0},{"damage":0.0,"enemies":"Snecko","floor":28.0,"turns":5.0},{"damage":6.0,"enemies":"Slavers","floor":31.0,"turns":5.0},{"damage":19.0,"enemies":"Automaton","floor":33.0,"turns":10.0},{"damage":0.0,"enemies":"Orb Walker","floor":35.0,"turns":4.0},{"damage":0.0,"enemies":"3 Shapes","floor":36.0,"turns":5.0},{"damage":0.0,"enemies":"3 Darklings","floor":37.0,"turns":5.0},{"damage":0,"enemies":"Jaw Worm Horde","floor":39,"turns":1}],"seed_played":"-8240400431136663885","potions_obtained":[{"floor":1.0,"key":"Energy Potion"},{"floor":4.0,"key":"Adrenaline Potion"},{"floor":8.0,"key":"Explosive Potion"},{"floor":12.0,"key":"Venom Potion"},{"floor":16.0,"key":"CultistPotion"},{"floor":22.0,"key":"BlessingOfTheForge"},{"floor":27.0,"key":"Swift Potion"},{"floor":33.0,"key":"Weak Potion"},{"floor":36.0,"key":"Languid Potion"},{"floor":37.0,"key":"DuplicationPotion"}],"is_trial":false,"path_per_floor":["M","?","M","M","M","E","R","M","T","E","?","E","M","$","R","B",null,"M","?","M","?","M","E","R","E","T","M","M","R","?","E","R","B",null,"M","M","M","$","M"],"character_chosen":"THE_SILENT","items_purchased":["Snake Skull"],"campfire_rested":0,"item_purchase_floors":[14],"current_hp_per_floor":[70,70,70,70,70,64,64,63,63,53,53,52,52,52,52,12,77,75,75,73,73,65,59,59,33,33,33,33,33,26,20,20,1,77,77,77,77,77,77,77],"gold":290,"neow_bonus":"BOSS_RELIC","is_daily":false,"chose_seed":false,"campfire_upgraded":4,"win_rate":0.0,"timestamp":1614218926,"path_taken":["M","?","M","M","?","E","R","M","T","E","?","E","M","$","R","BOSS","M","?","M","?","M","E","R","E","T","M","M","R","?","E","R","BOSS","M","M","M","$","M"],"items_purchased_type":["Relic"],"build_version":"2020-12-22","purchased_purges":2,"victory":false,"max_hp_per_floor":[70,70,70,70,70,70,70,70,70,77,77,77,77,77,77,77,77,77,77,77,77,77,77,77,77,77,77,77,77,77,77,77,77,77,77,77,77,77,77,77],"card_choices":[{"not_picked":["Sneak Up","Setup","Bane"],"picked":"SKIP","floor":1.0},{"not_picked":["Slice","Dagger Throw"],"picked":"Noxious Fumes","floor":3.0},{"not_picked":["Cloak And Dagger","Setup"],"picked":"Wraith Form v2","floor":4.0},{"not_picked":["Riddle With Holes","Flying Knee"],"picked":"Footwork","floor":5.0},{"not_picked":["Prepared","Predator"],"picked":"Tools of the Trade","floor":6.0},{"not_picked":["Dagger Spray","Bouncing Flask"],"picked":"PiercingWail","floor":8.0},{"not_picked":["Reflex","Glass Knife"],"picked":"Riddle With Holes","floor":10.0},{"not_picked":["Dodge and Roll","Hidden Blade","Predator"],"picked":"SKIP","floor":12.0},{"not_picked":["Prepared","Sneak Up","Dagger Spray"],"picked":"SKIP","floor":13.0},{"not_picked":["Corpse Explosion","Glass Knife"],"picked":"Replay:Bag of Tricks","floor":16.0},{"not_picked":["Slice","Acrobatics"],"picked":"Backflip+1","floor":18.0},{"not_picked":["Underhanded Strike","Poisoned Stab","Slice"],"picked":"SKIP","floor":20.0},{"not_picked":["Backflip","Deflect"],"picked":"ReplayTheSpireMod:Tripwire","floor":22.0},{"not_picked":["Prepared","Slice"],"picked":"PiercingWail","floor":23.0},{"not_picked":["ReplayTheSpireMod:Shiv Toss","Sucker Punch+1"],"picked":"Adrenaline","floor":25.0},{"not_picked":["Tactician","Prepared"],"picked":"Backstab","floor":27.0},{"not_picked":["Calculated Gamble","Deflect"],"picked":"Escape Plan+1","floor":28.0},{"not_picked":["Venomology","Slice"],"picked":"PiercingWail+1","floor":31.0},{"not_picked":["Storm of Steel","Glass Knife"],"picked":"After Image","floor":33.0},{"not_picked":["Languid","CommonCold"],"picked":"ReplayTheSpireMod:IOU","floor":34.0},{"not_picked":["ReplayTheSpireMod:Doomed","Delirium"],"picked":"Clumsy","floor":34.0},{"not_picked":["Replay:Hysterical Blindness","Decay"],"picked":"Injury","floor":34.0},{"not_picked":["Expertise","Eviscerate+1"],"picked":"Dodge and Roll+1","floor":35.0},{"not_picked":["Dodge and Roll+1","Endless Agony+1"],"picked":"Fluid Movement","floor":36.0},{"not_picked":["Underhanded Strike","Dagger Spray+1"],"picked":"Well Laid Plans","floor":37.0}],"player_experience":445097,"relics_obtained":[{"floor":6.0,"key":"Akabeko"},{"floor":9.0,"key":"Anchor"},{"floor":10.0,"key":"Strawberry"},{"floor":12.0,"key":"Bottled Tornado"},{"floor":23.0,"key":"Happy Flower"},{"floor":25.0,"key":"Replay:Baseball"},{"floor":31.0,"key":"Replay:Mystery Machine"}],"event_choices":[{"damage_healed":0.0,"max_hp_gain":0.0,"max_hp_loss":0.0,"gold_gain":0.0,"event_name":"Match and Keep!","player_choice":"1 cards matched","floor":2.0,"gold_loss":0.0,"damage_taken":0.0,"cards_obtained":["Neutralize"]},{"cards_removed":["Strike_G"],"damage_healed":0.0,"max_hp_gain":0.0,"max_hp_loss":0.0,"gold_gain":0.0,"event_name":"Living Wall","player_choice":"Forget","floor":11.0,"gold_loss":0.0,"damage_taken":0.0},{"damage_healed":0.0,"max_hp_gain":0.0,"max_hp_loss":0.0,"gold_gain":0.0,"event_name":"WeMeetAgain","player_choice":"Gave Potion","floor":19.0,"gold_loss":0.0,"damage_taken":0.0,"relics_obtained":["Garlic"]},{"cards_removed":["Defend_G"],"damage_healed":0.0,"max_hp_gain":0.0,"max_hp_loss":0.0,"gold_gain":0.0,"event_name":"Designer","player_choice":"Upgrade and Remove","floor":21.0,"gold_loss":90.0,"damage_taken":0.0,"cards_upgraded":["Wraith Form v2"]},{"damage_healed":0.0,"max_hp_gain":0.0,"max_hp_loss":0.0,"gold_gain":75.0,"event_name":"FaceTrader","player_choice":"Touch","floor":30.0,"gold_loss":0.0,"damage_taken":7.0}],"is_beta":false,"boss_relics":[{"not_picked":["WristBlade","SlaversCollar"],"picked":"Velvet Choker"},{"not_picked":["SacredBark","Snecko Scales"],"picked":"Replay:Ancient Bell"},{"not_picked":["Gremlin Food","Orichalcum"],"picked":"War Paint"},{"not_picked":["Kunai","Sundial"],"picked":"Replay:Bottled Eggs"},{"not_picked":["Calipers","Old Coin"],"picked":"Byrd Skull"}],"items_purged_floors":[14,38],"is_endless":false,"potions_floor_spawned":[1,4,8,12,16,22,27,31,33,36,37],"killed_by":"Jaw Worm Horde","ascension_level":1}}