{"host":"7w9k7wbji6yxkaex","time":1614295469,"event":{"mods":["100% Spire Juice","Act Like it!","BaseMod","DeckTracker","Downfall","Gremlin Mod","Hubris","Lobotomy","Minty Spire (QoL Compilation)","Potionbrewer","Quick Restart","Slay the Relics Exporter","StSLib","The Hierophant","The Marked","The Showman","The Warrior","TheHero"],"gold_per_floor":[99,112,122,297,397,70,70,84,103,129,29,41,59,92,105,201,201,201,211,211,62,82,82,82,82],"floor_reached":23,"language":"ENG","playtime":2547,"items_purged":["Decay","Pain"],"score":453,"play_id":"0b1d6c4d-ab93-44a9-80fe-dc4006f10259","local_time":"20210225172429","is_ascension_mode":false,"campfire_choices":[{"data":"sneckomod:SnekBite","floor":1,"key":"SMITH"},{"floor":11,"key":"REST"},{"data":"sneckomod:UnknownRareAttack","floor":18,"key":"SMITH"}],"circlet_count":0,"master_deck":["sneckomod:Strike","sneckomod:Strike","sneckomod:Strike","sneckomod:Defend","sneckomod:Defend","sneckomod:Defend","sneckomod:TailWhip","sneckomod:SnekBite+1","sneckomod:Unknown","sneckomod:Unknown","sneckomod:UnendingSupply","sneckomod:UnknownUncommonPower","Doubt","sneckomod:RainOfDice","expansioncontent:QuickStudy","sneckomod:DiceBlock","sneckomod:DiceCrush","sneckomod:IronFang","sneckomod:UnknownCommonAttack","sneckomod:UnknownVulnerable","sneckomod:UnknownRareAttack+1","sneckomod:QuickBite","sneckomod:Unknown0Cost","sneckomod:Mudshield"],"relics":["sneckomod:SneckoSoul","hubris:Zylophone","potionbrewer:Torch","downfall:HeartBlessingBlue","potionbrewer:DrinkingBird","potionbrewer:BhaskarasWheel","Ancient Tea Set"],"acts_visited":["Exordium","TheCity"],"potions_floor_usage":[9,15,16,16,16,16,19,22],"damage_taken":[{"damage":0,"enemies":"2 Louse","floor":2,"turns":2},{"damage":0,"enemies":"Small Slimes","floor":3,"turns":1},{"damage":0,"enemies":"downfall:FleeingMerchant","floor":6,"turns":4},{"damage":0,"enemies":"Cultist","floor":8,"turns":3},{"damage":22,"enemies":"Gremlin Gang","floor":9,"turns":4},{"damage":8,"enemies":"Gremlin Nob","floor":10,"turns":3},{"damage":6,"enemies":"3 Louse","floor":12,"turns":3},{"damage":7,"enemies":"Blue Slaver","floor":13,"turns":2},{"damage":14,"enemies":"3 Sentries","floor":14,"turns":4},{"damage":0,"enemies":"Large Slime","floor":15,"turns":4},{"damage":42,"enemies":"SI_SHIV_ARCHETYPE","floor":16,"turns":11},{"damage":20,"enemies":"downfall:LooterAlt2","floor":19,"turns":3},{"damage":4,"enemies":"downfall:FleeingMerchant","floor":21,"turns":4},{"damage":48,"enemies":"Spheric Guardian","floor":22,"turns":6},{"damage":42,"enemies":"Book of Stabbing","floor":23,"turns":4}],"seed_played":"-4090247848809011951","potions_obtained":[{"floor":2,"key":"potionbrewer:FreezingPotion"},{"floor":9,"key":"BlessingOfTheForge"},{"floor":10,"key":"PowerPotion"},{"floor":14,"key":"potionbrewer:QuicksilverPotion"},{"floor":16,"key":"sneckomod:MuddlingPotion"},{"floor":22,"key":"FearPotion"}],"is_trial":false,"path_per_floor":["R","M","M","?","?","$","T","M","M","E","R","M","M","E","M","B",null,"R","M","?","$","M","E"],"character_chosen":"THE_SNECKO","items_purchased":["expansioncontent:QuickStudy","sneckomod:DiceBlock","sneckomod:Unknown0Cost"],"campfire_rested":1,"item_purchase_floors":[6,6,21],"current_hp_per_floor":[90,90,90,90,90,90,90,90,68,60,100,94,87,73,73,31,100,100,80,80,76,28,20,20,20],"gold":82,"neow_bonus":"ONE_RARE_RELIC","is_daily":false,"chose_seed":false,"campfire_upgraded":2,"win_rate":0.0,"timestamp":1614295469,"path_taken":["R","M","M","?","?","$","T","M","M","E","R","M","M","E","M","BOSS","R","M","?","$","?","E"],"items_purchased_type":["Card","Card","Card"],"build_version":"2020-12-22","purchased_purges":2,"victory":false,"max_hp_per_floor":[90,90,90,90,90,90,90,90,90,90,100,100,100,100,100,100,100,100,100,100,100,100,100,100,100],"card_choices":[{"not_picked":["sneckomod:SoulDraw","sneckomod:QuickMove"],"picked":"sneckomod:UnendingSupply","floor":2},{"not_picked":["sneckomod:DefensiveFlair","sneckomod:QuickMove"],"picked":"sneckomod:UnknownUncommonPower","floor":3},{"not_picked":["sneckomod:ImprovisedAttack","sneckomod:UnknownCommonSkill"],"picked":"sneckomod:RainOfDice","floor":6},{"not_picked":["sneckomod:DiceBlock","sneckomod:UnknownStrike"],"picked":"sneckomod:DiceCrush","floor":8},{"not_picked":["sneckomod:SnekBeam","sneckomod:UnknownStrike"],"picked":"sneckomod:IronFang","floor":9},{"not_picked":["sneckomod:SoulCleanse","sneckomod:UnknownRarePower","sneckomod:TrashToTreasure"],"picked":"SKIP","floor":10},{"not_picked":["sneckomod:UnknownStrike","sneckomod:UnknownUncommonSkill"],"picked":"sneckomod:UnknownCommonAttack","floor":12},{"not_picked":["sneckomod:SoulDraw","sneckomod:SoulRoll","sneckomod:UnknownCommonAttack"],"picked":"SKIP","floor":13},{"not_picked":["sneckomod:SerpentIdol","sneckomod:SlitherStrike"],"picked":"sneckomod:UnknownVulnerable","floor":14},{"not_picked":["sneckomod:QuickBite","sneckomod:SoulRoll","sneckomod:UnendingSupply"],"picked":"SKIP","floor":15},{"not_picked":["sneckomod:DangerNoodle","sneckomod:Restock"],"picked":"sneckomod:UnknownRareAttack","floor":16},{"not_picked":["sneckomod:Unknown1Cost+1","sneckomod:DiceBlock+1"],"picked":"sneckomod:QuickBite","floor":19},{"not_picked":["sneckomod:UnknownStrike","sneckomod:DiceBlock","sneckomod:UnknownBlock"],"picked":"SKIP","floor":21},{"not_picked":["sneckomod:DiceCrush","sneckomod:UnknownCommonSkill"],"picked":"sneckomod:Mudshield","floor":22}],"player_experience":293747,"relics_obtained":[{"floor":10,"key":"potionbrewer:Torch"},{"floor":14,"key":"potionbrewer:DrinkingBird"}],"event_choices":[],"is_beta":false,"boss_relics":[{"not_picked":["Velvet Choker","hubris:BlackHole"],"picked":"potionbrewer:BhaskarasWheel"}],"items_purged_floors":[6,21],"is_endless":false,"potions_floor_spawned":[2,9,10,14,16,22],"killed_by":"Book of Stabbing","ascension_level":0}}