{"host":"f97mkdti7dx29mjq","time":1614223820,"event":{"mods":["BaseMod","Colored Powertips","Minty Spire (QoL Compilation)","Quick Restart","Rare Cards Sparkle","StSLib"],"gold_per_floor":[117,117,137,148,165,200,200,235,307,307,159,173,173,189,189,286,286,304,314,326,326,241,241,261,261,285,285,285,285,214,214,214,310,310,369,134,184,184,203,234,234,274,274,293,293,310,310,310],"floor_reached":47,"language":"ENG","playtime":3667,"items_purged":[],"score":592,"play_id":"d6d40792-8f13-4e6e-8103-a19074679ed6","local_time":"20210224223020","is_ascension_mode":false,"campfire_choices":[{"data":"1","floor":10,"key":"LIFT"},{"floor":13,"key":"REST"},{"data":"2","floor":15,"key":"LIFT"},{"data":"JustLucky","floor":23,"key":"SMITH"},{"floor":25,"key":"REST"},{"floor":27,"key":"REST"},{"data":"Bite","floor":29,"key":"SMITH"},{"data":"3","floor":32,"key":"LIFT"},{"floor":41,"key":"REST"}],"circlet_count":0,"master_deck":["Defend_P","Defend_P","Defend_P","Defend_P","Eruption","Vigilance","Wallop","JustLucky+1","Tantrum","Conclude","BattleHymn","EmptyFist","Judgement+1","ClearTheMind+1","Alpha+1","Protect+1","DevaForm+1","LikeWater+1","Prostrate+1","Scrawl+1","Prostrate+1","Meditate+1","Prostrate+1","Wallop+1","Bite+1","Bite","Bite","Bite","Bite","LessonLearned+1","Wish+1","CurseOfTheBell","Halt+1","Deep Breath+1","PanicButton+1","CarveReality+1","ThirdEye+1","Halt+1","Prostrate+1","JustLucky+1","Parasite","Prostrate+1","WaveOfTheHand+1","Wallop+1","Crescendo+1"],"relics":["PureWater","NeowsBlessing","Toxic Egg 2","Lizard Tail","Girya","Frozen Egg 2","Orrery","Sozu","Smiling Mask","Centennial Puzzle","Calling Bell","MawBank","Sundial","Prayer Wheel","Bottled Lightning","Shovel","CaptainsWheel","Singing Bowl"],"acts_visited":["Exordium","TheCity","TheBeyond"],"potions_floor_usage":[5,8,8,16,16,16],"damage_taken":[{"damage":0,"enemies":"2 Louse","floor":1,"turns":1},{"damage":0,"enemies":"Cultist","floor":3,"turns":1},{"damage":0,"enemies":"Jaw Worm","floor":4,"turns":1},{"damage":9,"enemies":"Gremlin Gang","floor":5,"turns":3},{"damage":36,"enemies":"Lagavulin","floor":6,"turns":6},{"damage":6,"enemies":"3 Sentries","floor":8,"turns":5},{"damage":12,"enemies":"Large Slime","floor":12,"turns":2},{"damage":0,"enemies":"Looter","floor":14,"turns":3},{"damage":18,"enemies":"Hexaghost","floor":16,"turns":7},{"damage":3,"enemies":"3 Byrds","floor":18,"turns":4},{"damage":20,"enemies":"2 Thieves","floor":19,"turns":4},{"damage":38,"enemies":"Shelled Parasite and Fungi","floor":20,"turns":5},{"damage":25,"enemies":"Cultist and Chosen","floor":21,"turns":6},{"damage":28,"enemies":"Snake Plant","floor":24,"turns":5},{"damage":0,"enemies":"Automaton","floor":33,"turns":6},{"damage":6,"enemies":"3 Shapes","floor":35,"turns":5},{"damage":0,"enemies":"Mind Bloom Boss Battle","floor":37,"turns":4},{"damage":12,"enemies":"3 Darklings","floor":39,"turns":7},{"damage":44,"enemies":"Giant Head","floor":40,"turns":8},{"damage":18,"enemies":"Maw","floor":42,"turns":7},{"damage":5,"enemies":"Writhing Mass","floor":44,"turns":7},{"damage":41,"enemies":"3 Darklings","floor":46,"turns":6},{"damage":16,"enemies":"Maw","floor":47,"turns":5}],"seed_played":"7042906807828054386","potions_obtained":[{"floor":4,"key":"BlessingOfTheForge"},{"floor":6,"key":"EntropicBrew"},{"floor":8,"key":"FearPotion"},{"floor":16,"key":"LiquidBronze"}],"is_trial":false,"path_per_floor":["M","?","M","M","M","E","T","E","T","R","$","M","R","M","R","B",null,"M","M","M","M","?","R","M","R","T","R","?","R","$","?","R","B",null,"M","$","?","?","M","E","R","M","T","M","?","M","M"],"character_chosen":"WATCHER","items_purchased":["Orrery","LessonLearned","Bottled Lightning"],"campfire_rested":4,"item_purchase_floors":[11,30,36],"current_hp_per_floor":[72,72,72,72,63,27,27,21,21,21,21,9,30,30,30,12,72,69,49,11,36,36,36,8,29,29,50,50,50,50,50,50,50,50,49,49,50,45,42,9,24,17,17,21,44,9,0,0],"gold":310,"neow_bonus":"THREE_ENEMY_KILL","is_daily":false,"chose_seed":false,"campfire_upgraded":2,"win_rate":0.0,"timestamp":1614223820,"path_taken":["M","?","?","?","M","E","?","E","T","R","$","M","R","M","R","BOSS","M","?","M","?","?","R","M","R","T","R","?","R","$","?","R","BOSS","M","?","?","?","M","E","R","?","T","M","?","M","M"],"items_purchased_type":["Relic","Card","Relic"],"build_version":"2020-12-22","purchased_purges":0,"victory":false,"max_hp_per_floor":[72,72,72,72,72,72,72,72,72,72,72,72,72,72,72,72,72,72,72,72,72,72,72,72,72,72,72,50,50,50,50,50,50,50,50,50,50,50,50,50,50,50,50,50,44,44,44,44],"card_choices":[{"not_picked":["Protect","Fasting2"],"picked":"Wallop","floor":1},{"not_picked":["Fasting2","ClearTheMind"],"picked":"JustLucky","floor":3},{"not_picked":["ClearTheMind","Adaptation"],"picked":"Tantrum","floor":4},{"not_picked":["BowlingBash","Evaluate"],"picked":"Conclude","floor":5},{"not_picked":["ClearTheMind+1","SandsOfTime"],"picked":"BattleHymn","floor":6},{"not_picked":["FollowUp","FlurryOfBlows"],"picked":"EmptyFist","floor":8},{"not_picked":["Adaptation+1","Evaluate+1"],"picked":"Judgement+1","floor":11},{"not_picked":["FlyingSleeves","CrushJoints"],"picked":"ClearTheMind+1","floor":11},{"not_picked":["EmptyBody+1","PathToVictory+1"],"picked":"Alpha+1","floor":11},{"not_picked":["EmptyBody+1","Fasting2+1"],"picked":"Protect+1","floor":11},{"not_picked":["Consecrate","Nirvana+1"],"picked":"DevaForm+1","floor":11},{"not_picked":["FollowUp","Crescendo+1"],"picked":"LikeWater+1","floor":12},{"not_picked":["Fasting2+1","Conclude"],"picked":"Prostrate+1","floor":14},{"not_picked":["MasterReality+1","Blasphemy+1"],"picked":"Scrawl+1","floor":16},{"not_picked":["SashWhip","FlyingSleeves"],"picked":"Prostrate+1","floor":18},{"not_picked":["WheelKick","ClearTheMind+1"],"picked":"Meditate+1","floor":19},{"not_picked":["ClearTheMind+1","Crescendo+1"],"picked":"Prostrate+1","floor":20},{"not_picked":["EmptyMind+1","PathToVictory+1"],"picked":"Halt+1","floor":21},{"not_picked":["WaveOfTheHand+1","JustLucky"],"picked":"Wallop","floor":24},{"not_picked":["Judgement+1","Blasphemy+1"],"picked":"Wish+1","floor":33},{"not_picked":["Devotion+1","EmptyFist"],"picked":"Halt+1","floor":35},{"not_picked":["CutThroughFate","EmptyFist+1","ClearTheMind+1"],"picked":"SKIP","floor":35},{"not_picked":["Apotheosis+1","Master of Strategy+1"],"picked":"Deep Breath+1","floor":38},{"not_picked":["Magnetism+1","Jack Of All Trades+1"],"picked":"PanicButton+1","floor":38},{"not_picked":["FollowUp","PathToVictory+1"],"picked":"CarveReality+1","floor":39},{"not_picked":["Fasting2+1","SashWhip+1"],"picked":"ThirdEye+1","floor":39},{"not_picked":["DevaForm+1","Fasting2+1"],"picked":"Halt+1","floor":40},{"not_picked":["ReachHeaven","Perseverance+1"],"picked":"Prostrate+1","floor":42},{"not_picked":["FlyingSleeves+1","FollowUp+1"],"picked":"JustLucky+1","floor":42},{"not_picked":["Consecrate","Sanctity+1"],"picked":"Prostrate+1","floor":44},{"not_picked":["Swivel+1","EmptyBody+1"],"picked":"WaveOfTheHand+1","floor":44},{"not_picked":["JustLucky","Pray+1"],"picked":"Wallop+1","floor":46},{"not_picked":["ClearTheMind+1","InnerPeace+1"],"picked":"Crescendo+1","floor":46}],"player_experience":212564,"relics_obtained":[{"floor":6,"key":"Toxic Egg 2"},{"floor":7,"key":"Lizard Tail"},{"floor":8,"key":"Girya"},{"floor":9,"key":"Frozen Egg 2"},{"floor":26,"key":"Centennial Puzzle"},{"floor":34,"key":"MawBank"},{"floor":34,"key":"Sundial"},{"floor":34,"key":"Prayer Wheel"},{"floor":37,"key":"Shovel"},{"floor":40,"key":"CaptainsWheel"},{"floor":43,"key":"Singing Bowl"}],"event_choices":[{"cards_removed":["Strike_P"],"damage_healed":0,"gold_gain":0,"player_choice":"Card Removal","damage_taken":0,"max_hp_gain":0,"max_hp_loss":0,"event_name":"Wheel of Change","floor":2,"gold_loss":0},{"damage_healed":0,"gold_gain":0,"player_choice":"Obtained Relic","damage_taken":0,"relics_obtained":["Smiling Mask"],"max_hp_gain":0,"max_hp_loss":0,"event_name":"Addict","floor":22,"gold_loss":85},{"damage_healed":0,"gold_gain":0,"player_choice":"Became a vampire","damage_taken":0,"max_hp_gain":0,"max_hp_loss":22,"event_name":"Vampires","floor":28,"gold_loss":0,"cards_obtained":["Bite","Bite","Bite","Bite","Bite"]},{"cards_removed":["Halt"],"damage_healed":0,"gold_gain":0,"player_choice":"Purged","damage_taken":0,"max_hp_gain":0,"max_hp_loss":0,"event_name":"Purifier","floor":31,"gold_loss":0},{"damage_healed":0,"gold_gain":0,"player_choice":"Fight","damage_taken":0,"max_hp_gain":0,"max_hp_loss":0,"event_name":"MindBloom","floor":37,"gold_loss":0},{"damage_healed":0,"gold_gain":0,"player_choice":"Memory 2","damage_taken":5,"max_hp_gain":0,"max_hp_loss":0,"event_name":"SensoryStone","floor":38,"gold_loss":0},{"damage_healed":44,"gold_gain":0,"player_choice":"Heal","damage_taken":0,"max_hp_gain":0,"max_hp_loss":6,"event_name":"The Moai Head","floor":45,"gold_loss":0}],"is_beta":false,"boss_relics":[{"not_picked":["Fusion Hammer","SacredBark"],"picked":"Sozu"},{"not_picked":["Coffee Dripper","Runic Pyramid"],"picked":"Calling Bell"}],"items_purged_floors":[],"is_endless":false,"potions_floor_spawned":[4,6,8,16,19,24,35,40,46],"killed_by":"Maw","ascension_level":0}}