{"host":"pqs17sqrgflf4eqa","time":1614263893,"event":{"mods":["AchievementEnabler","BaseMod","Bestiary","Better Altar","Better Match","Better Sensory Stone","Better Skull","Better Third Choice","BetterRewards","Block Reminder","Bossed Relics","Colored Map","Colored Powertips","Curses Come First","Dark Map","DeckTracker","Defective Defect","Displayed Cursed Tome","Emptier Cage","Googly Eyes","Highlight Path","Infinite Spire","Minty Spire (QoL Compilation)","Permanent Neow","Poor People Problems","Quick Restart","Replay The Spire","StSLib","SuperFastMode","Thieving Mod","Transform Curses","everything is the same but u backflip on backflip","slay the spire mod where everything is the same but ironclad has a cowboy hat"],"gold_per_floor":[110,110,110,128,78,78,91,91,91,91,104,130,130,147,147,246,246,260,260,260,279,279,279],"floor_reached":22,"language":"ENG","playtime":424,"items_purged":["infinitespire:Pacifist"],"score":324,"play_id":"09c8685d-e5b7-4ce3-9ab4-3c56c9e4ca6e","local_time":"20210225093813","is_ascension_mode":false,"campfire_choices":[{"data":"Battle Trance","floor":6,"key":"SMITH"},{"data":"Bash","floor":8,"key":"SMITH"},{"data":"Pummel","floor":10,"key":"SMITH"},{"data":"PanicButton","floor":13,"key":"SMITH"},{"data":"Cleave","floor":15,"key":"SMITH"}],"circlet_count":0,"master_deck":["Strike_R","Strike_R","Strike_R","Strike_R","Strike_R","Defend_R","Defend_R","Defend_R+1","Defend_R","Bash+1","PanicButton+1","Heavy Blade","Battle Trance+1","Pummel+1","Cleave+1","Limit Break","Armaments+1","Pain"],"relics":["Burning Blood","Divine Protection","Pet Ghost","InkBottle","Odd Mushroom","Juzu Bracelet","ReplayTheSpireMod:DimensionalGlitch","Frozen Egg 2","Boot","Black Star","Bloody Idol","Blood Vial","WarpedTongs"],"acts_visited":["Exordium","TheCity"],"potions_floor_usage":[14,22],"damage_taken":[{"damage":0,"enemies":"Cultist","floor":1,"turns":3},{"damage":0,"enemies":"Small Slimes","floor":4,"turns":3},{"damage":0,"enemies":"Jaw Worm","floor":7,"turns":2},{"damage":0,"enemies":"Exordium Thugs","floor":11,"turns":3},{"damage":10,"enemies":"Looter","floor":14,"turns":1},{"damage":0,"enemies":"Slime Boss","floor":16,"turns":6},{"damage":0,"enemies":"Chosen","floor":18,"turns":3},{"damage":11,"enemies":"Shell Parasite","floor":21,"turns":3},{"damage":30,"enemies":"Cultist and Chosen","floor":22,"turns":4}],"seed_played":"-6107544224591374570","potions_obtained":[{"floor":7,"key":"Death Potion"},{"floor":11,"key":"Swift Potion"}],"is_trial":false,"path_per_floor":["M","?","?","M","?","R","M","R","T","R","M","T","R","M","R","B",null,"M","?","?","M","M"],"character_chosen":"IRONCLAD","items_purchased":["Divine Protection","Pet Ghost"],"campfire_rested":0,"item_purchase_floors":[0,0],"current_hp_per_floor":[27,27,27,30,30,30,33,33,33,33,36,36,36,29,29,32,75,75,17,17,15,0,0],"gold":279,"neow_bonus":"","is_daily":false,"chose_seed":false,"campfire_upgraded":5,"win_rate":0.0,"timestamp":1614263893,"path_taken":["M","?","?","M","?","R","M","R","T","R","M","?","R","M","R","BOSS","M","?","?","M","M"],"items_purchased_type":["Relic","Relic"],"build_version":"2020-12-22","purchased_purges":1,"victory":false,"max_hp_per_floor":[75,75,75,75,75,75,75,75,75,75,75,75,75,75,75,75,75,75,75,75,75,75,75],"card_choices":[{"not_picked":["ReplayTheSpireMod:LeadingStrike","Anger","True Grit"],"picked":"SKIP","floor":1},{"not_picked":["Twin Strike","Armaments"],"picked":"Pummel","floor":4},{"not_picked":["Run Through","Clothesline","Heavy Blade"],"picked":"SKIP","floor":7},{"not_picked":["Body Slam","Sword Boomerang"],"picked":"Cleave","floor":11},{"not_picked":["Massacre","Carnage","Flex"],"picked":"SKIP","floor":14},{"not_picked":["Corruption+1","Hemogenesis"],"picked":"Limit Break","floor":16},{"not_picked":["Infernal Blade","Iron Wave"],"picked":"Armaments+1","floor":18},{"not_picked":["Ghostly Armor","Reckless Charge","Sever Soul"],"picked":"SKIP","floor":21}],"player_experience":173691,"relics_obtained":[{"floor":9,"key":"Frozen Egg 2"},{"floor":12,"key":"Boot"}],"event_choices":[{"damage_healed":0,"gold_gain":0,"cards_transformed":["Dual Wield"],"player_choice":"Change","damage_taken":0,"max_hp_gain":0,"max_hp_loss":0,"event_name":"Living Wall","floor":2,"gold_loss":0,"cards_obtained":["Battle Trance"]},{"cards_removed":["Dual Wield"],"damage_healed":0,"gold_gain":0,"player_choice":"Card Removal","damage_taken":0,"max_hp_gain":0,"max_hp_loss":0,"event_name":"The Cleric","floor":5,"gold_loss":50},{"damage_healed":0,"gold_gain":0,"player_choice":" Idol Vial ","damage_taken":58,"relics_obtained":["Bloody Idol","Blood Vial"],"max_hp_gain":75,"max_hp_loss":17,"event_name":"betterAltar:BetterAltar","floor":19,"potions_obtained":[],"relics_lost":[],"gold_loss":0},{"damage_healed":0,"gold_gain":0,"player_choice":"Rummage","damage_taken":0,"relics_obtained":["WarpedTongs"],"max_hp_gain":0,"max_hp_loss":0,"event_name":"Accursed Blacksmith","floor":20,"gold_loss":0,"cards_obtained":["Pain"]}],"is_beta":false,"boss_relics":[{"not_picked":["Runic Dome","Coffee Dripper"],"picked":"Black Star"}],"items_purged_floors":[0],"is_endless":false,"potions_floor_spawned":[7,11],"killed_by":"Cultist and Chosen","ascension_level":0}}