{"host":"ztzf20fs6w35ztzf","time":1614253509,"event":{"mods":["AchievementEnabler","AlwaysNeverKeys","BaseMod","BetterRewards","Colored Powertips","DeckTracker","Downfall","Grow up Mod","Lobotomy","Minty Spire (QoL Compilation)","Rare Cards Sparkle","Remove Card Discount Mod","Replay The Spire","StSLib","SuperFastMode"],"gold_per_floor":[99,116,133,149,149,149,200,234,284,284,301,317,332,362,372,467,467,467,481,481,76,96,96,120,173,184,184,212,212,229,264,274,375,375,375,391,402,402,402,416,416,416,450,476,495,515,515,528,544,544,544],"floor_reached":52,"language":"ENG","playtime":1726,"items_purged":[],"score":788,"play_id":"8433fe29-8a95-4cf0-957a-48ddb280e03d","local_time":"20210225194509","is_ascension_mode":false,"campfire_choices":[{"data":"champ:Taunt","floor":1,"key":"SMITH"},{"data":"champ:Encircle","floor":10,"key":"SMITH"},{"data":"champ:FaceSlap","floor":18,"key":"SMITH"},{"data":"champ:BerserkersShout","floor":27,"key":"SMITH"},{"data":"champ:Shatter","floor":29,"key":"SMITH"},{"data":"champ:CrookedStrike","floor":35,"key":"SMITH"},{"data":"champ:Encircle","floor":42,"key":"SMITH"},{"data":"champ:StanceDance","floor":47,"key":"SMITH"}],"circlet_count":0,"master_deck":["champ:Strike","champ:Strike","champ:Strike","champ:Strike","champ:Taunt+1","champ:FaceSlap+1","champ:Encircle+1","Combust","champ:PreciseThrust","champ:Shatter+1","Combust","champ:StanceDance+1","Reaper","champ:BerserkersShout+1","champ:Encircle+1","champ:BerserkersShout+1","champ:FaceSlap+1","champ:CrookedStrike+1","champ:FanOfKnives+1","champ:PreciseThrust+1"],"relics":["Ring of Misfortune","Ring of Peace","m_IronCrown","PreservedInsect","ReplayTheSpireMod:Lightbulb","Anchor","Bag of Preparation","Busted Crown","Membership Card","Replay:Bottled Flurry","Omamori","Orichalcum","Toy Ornithopter","Singing Bowl","Ancient Tea Set","Kintsugi","Toxic Egg 2","Replay:Multitool","Juzu Bracelet"],"acts_visited":["Exordium","TheCity","TheBeyond"],"potions_floor_usage":[50,50,50,50,50,50],"damage_taken":[{"damage":26,"enemies":"Cultist","floor":2,"turns":3},{"damage":22,"enemies":"2 Louse","floor":3,"turns":2},{"damage":13,"enemies":"Small Slimes","floor":4,"turns":2},{"damage":15,"enemies":"Lagavulin","floor":8,"turns":5},{"damage":0,"enemies":"Blue Slaver","floor":11,"turns":2},{"damage":25,"enemies":"Exordium Thugs","floor":12,"turns":5},{"damage":10,"enemies":"downfall:LooterAlt","floor":13,"turns":4},{"damage":24,"enemies":"3 Sentries","floor":14,"turns":4},{"damage":0,"enemies":"Blue Slaver","floor":15,"turns":3},{"damage":42,"enemies":"IC_STATUS_ARCHETYPE","floor":16,"turns":5},{"damage":40,"enemies":"Spheric Guardian","floor":19,"turns":4},{"damage":24,"enemies":"downfall:FleeingMerchant","floor":21,"turns":4},{"damage":15,"enemies":"Shell Parasite","floor":22,"turns":3},{"damage":34,"enemies":"Centurion and Healer","floor":26,"turns":5},{"damage":31,"enemies":"Replay:Snechameleon","floor":28,"turns":3},{"damage":28,"enemies":"Shelled Parasite and Fungi","floor":30,"turns":4},{"damage":51,"enemies":"Slavers","floor":31,"turns":4},{"damage":44,"enemies":"3 Cultists","floor":32,"turns":5},{"damage":85,"enemies":"WA_ARCHETYPE_CALM","floor":33,"turns":7},{"damage":4,"enemies":"3 Shapes","floor":36,"turns":2},{"damage":15,"enemies":"Orb Walker","floor":37,"turns":3},{"damage":46,"enemies":"Maw","floor":40,"turns":5},{"damage":44,"enemies":"Giant Head","floor":43,"turns":5},{"damage":65,"enemies":"Sphere and 2 Shapes","floor":45,"turns":4},{"damage":82,"enemies":"Writhing Mass","floor":46,"turns":4},{"damage":28,"enemies":"Maw","floor":48,"turns":5},{"damage":60,"enemies":"Jaw Worm Horde","floor":49,"turns":4},{"damage":393,"enemies":"SI_POISON_ARCHETYPE","floor":50,"turns":8}],"seed_played":"894075671825183916","potions_obtained":[{"floor":2,"key":"Weak Potion"},{"floor":4,"key":"BlessingOfTheForge"},{"floor":11,"key":"EntropicBrew"}],"is_trial":false,"path_per_floor":["R","M","M","M","?","?","T","E","T","R","M","M","M","E","M","B",null,"R","M","?","$","M","?","T","T","M","R","E","R","M","E","M","B",null,"R","M","M","?","?","M","T","R","E","T","M","M","R","M","M","B",null,null],"character_chosen":"THE_CHAMP","items_purchased":["Membership Card","Replay:Bottled Flurry","Omamori","champ:Encircle"],"campfire_rested":0,"item_purchase_floors":[21,21,21,21],"current_hp_per_floor":[119,123,121,128,138,148,158,169,179,189,205,206,212,204,220,199,279,289,276,216,248,264,274,284,294,321,331,341,351,367,360,375,358,458,468,480,492,502,512,519,529,539,553,563,552,531,541,551,534,258,268],"gold":544,"neow_bonus":"TEN_PERCENT_HP_BONUS","is_daily":false,"chose_seed":false,"campfire_upgraded":8,"win_rate":0.0,"timestamp":1614253509,"path_taken":["R","M","M","?","?","?","T","E","?","R","?","M","M","E","M","BOSS","R","M","?","$","M","?","T","?","M","R","E","R","M","E","M","BOSS","R","M","M","?","?","M","T","R","E","?","M","M","R","M","M","BOSS"],"items_purchased_type":["Relic","Relic","Relic","Card"],"build_version":"2020-12-22","purchased_purges":0,"victory":true,"max_hp_per_floor":[119,129,139,149,159,169,179,189,199,209,219,229,239,249,259,269,279,289,299,314,324,334,344,354,364,374,384,394,404,416,426,436,448,458,468,480,492,502,512,524,534,544,556,566,578,588,598,610,622,632,642],"card_choices":[{"not_picked":["champ:GutPunch","champ:CalledShot"],"picked":"champ:FaceSlap","floor":2},{"not_picked":["champ:AdrenalArmor","champ:CrownThrow"],"picked":"champ:Encircle","floor":3},{"not_picked":["champ:RecklessLeap","champ:PerfectedStrike"],"picked":"champ:PreciseThrust","floor":4},{"not_picked":["champ:Backstep","champ:GutPunch"],"picked":"Combust","floor":8},{"not_picked":["champ:LastStand","champ:BerserkersShout","champ:CrookedStrike"],"picked":"SKIP","floor":11},{"not_picked":["champ:SetATrap","champ:BerserkersShout"],"picked":"champ:PreciseThrust","floor":12},{"not_picked":["champ:EnGarde","champ:TornadoPunch"],"picked":"champ:Shatter","floor":13},{"not_picked":["champ:FalseCounter","champ:TornadoPunch"],"picked":"Combust","floor":14},{"not_picked":["champ:DefensiveShout","champ:Backstep"],"picked":"champ:StanceDance","floor":15},{"not_picked":["champ:Devastate","champ:TripleStrike"],"picked":"Reaper","floor":16},{"not_picked":[],"picked":"champ:BerserkersShout+1","floor":19},{"not_picked":["champ:Lariat+1"],"picked":"SKIP","floor":21},{"not_picked":[],"picked":"champ:BerserkersShout","floor":22},{"not_picked":["champ:DeathBlow"],"picked":"SKIP","floor":26},{"not_picked":[],"picked":"champ:FaceSlap+1","floor":28},{"not_picked":["champ:Lariat"],"picked":"Singing Bowl","floor":30},{"not_picked":[],"picked":"champ:CrookedStrike","floor":31},{"not_picked":[],"picked":"champ:FanOfKnives+1","floor":32},{"not_picked":["champ:CheapShot"],"picked":"Singing Bowl","floor":33},{"not_picked":["champ:Circumvent"],"picked":"Singing Bowl","floor":36},{"not_picked":["champ:BringItOn+1"],"picked":"Singing Bowl","floor":37},{"not_picked":["champ:Shatter"],"picked":"Singing Bowl","floor":40},{"not_picked":["champ:FalseCounter+1"],"picked":"Singing Bowl","floor":43},{"not_picked":["champ:FalseCounter+1"],"picked":"Singing Bowl","floor":45},{"not_picked":[],"picked":"champ:PreciseThrust+1","floor":46},{"not_picked":["champ:HoldFirm+1"],"picked":"Singing Bowl","floor":48},{"not_picked":["champ:GutPunch+1"],"picked":"Singing Bowl","floor":49}],"player_experience":164074,"relics_obtained":[{"floor":5,"key":"Ring of Misfortune"},{"floor":5,"key":"Ring of Peace"},{"floor":7,"key":"PreservedInsect"},{"floor":8,"key":"ReplayTheSpireMod:Lightbulb"},{"floor":9,"key":"Anchor"},{"floor":14,"key":"Bag of Preparation"},{"floor":24,"key":"Orichalcum"},{"floor":25,"key":"Toy Ornithopter"},{"floor":28,"key":"Singing Bowl"},{"floor":31,"key":"Ancient Tea Set"},{"floor":41,"key":"Toxic Egg 2"},{"floor":43,"key":"Replay:Multitool"},{"floor":44,"key":"Juzu Bracelet"}],"event_choices":[{"cards_removed":["champ:PreciseThrust"],"damage_healed":0,"gold_gain":0,"player_choice":"Removed Attack","damage_taken":0,"max_hp_gain":0,"max_hp_loss":0,"event_name":"Falling","floor":39,"gold_loss":0}],"is_beta":false,"boss_relics":[{"not_picked":["Tiny House","Empty Cage"],"picked":"Busted Crown"},{"not_picked":["Replay:Wanted Poster","Ring of Chaos"],"picked":"Kintsugi"}],"items_purged_floors":[],"is_endless":false,"potions_floor_spawned":[2,4,11,14,22,26,28,33,37,40,49],"ascension_level":0}}