{"host":"jfbo3eu2ui08ej1u","time":1614238276,"event":{"mods":["2.2 Compatiblity","AchievementEnabler","Act Like it!","Aspiration","BaseMod","Better Altar","Better Match","Better Note","Better Sensory Stone","Better Skull","Better Third Choice","Block Reminder","Colored Map","Colored Powertips","Conspire","DeckTracker","Displayed Cursed Tome","Energized Spire","Fox Events","GifTheSpireLib","Hermit","Hubris","Infinite Spire","Marked Mod","Minty Spire (QoL Compilation)","Monster B Gone","Pale of the Ancients","Poor People Problems","Quick Restart","Relic Filter","Reliquary","Reorder Act Four","Replay The Spire","Shop Mod","Spicy Shops","Spire Arcade","StSLib","Stuff the Spire","The Blue Laboratory","The Disciple","The Forsaken","The Hierophant","The Marked","Uncapped","Unceasing Turn Reminder","Wandering Minibosses"],"gold_per_floor":[116,116,116,128,141,141,82,108,108,127,127,152,112,112,112,112,112],"floor_reached":16,"language":"ENG","playtime":496,"items_purged":[],"score":220,"play_id":"ace75b95-8ac2-4dde-afec-8760ef307491","local_time":"20210225023116","is_ascension_mode":true,"campfire_choices":[{"data":"conspire:DoublingDagger","floor":6.0,"key":"SMITH"},{"floor":11,"key":"REST"},{"floor":15,"key":"REST"}],"circlet_count":0,"master_deck":["AscendersBane","Strike_G","Strike_G","Strike_G","Strike_G","Strike_G","Defend_G","Defend_G","Defend_G","Defend_G","Defend_G","Survivor","Neutralize","Acrobatics","StuffTheSpire:Shiver","conspire:DoublingDagger+1","Underhanded Strike","Dagger Spray","Acrobatics","Acrobatics","Dash","Prepared"],"relics":["Ring of the Snake","Bronze Scales","aspiration:TomeofQuesting","hubris:DisguiseKit","reliquary:WeakTea"],"acts_visited":["Exordium"],"potions_floor_usage":[8,12,14],"damage_taken":[{"damage":2.0,"enemies":"2 Louse","floor":1.0,"turns":4.0},{"damage":2.0,"enemies":"Cultist","floor":4.0,"turns":5.0},{"damage":5.0,"enemies":"Jaw Worm","floor":5.0,"turns":5.0},{"damage":27,"enemies":"Lagavulin","floor":8,"turns":7},{"damage":4,"enemies":"Lots of Slimes","floor":10,"turns":3},{"damage":35,"enemies":"3 Sentries","floor":12,"turns":7},{"damage":2,"enemies":"Looter","floor":13,"turns":4},{"damage":8,"enemies":"Exordium Wildlife","floor":14,"turns":3},{"damage":22,"enemies":"The Guardian","floor":16,"turns":5}],"seed_played":"3639729504815241163","potions_obtained":[{"floor":4.0,"key":"blueLaboratory:CorrosionFlask"},{"floor":8,"key":"AttackPotion"},{"floor":12,"key":"SmokeBomb"}],"is_trial":false,"path_per_floor":["M","?","?","M","M","R","$","E","T","M","R","E","M","M","R","B"],"character_chosen":"THE_SILENT","items_purchased":["Dagger Spray"],"campfire_rested":2,"item_purchase_floors":[7],"current_hp_per_floor":[57,57,66,64,59,59,59,32,32,28,47,12,10,2,21,0,0],"gold":112,"neow_bonus":"RANDOM_COMMON_RELIC","is_daily":false,"chose_seed":false,"campfire_upgraded":1,"win_rate":0.0,"timestamp":1614238276,"path_taken":["M","?","?","M","?","R","$","E","T","M","R","E","M","M","R","BOSS"],"items_purchased_type":["Card"],"build_version":"2020-12-22","purchased_purges":0,"victory":false,"max_hp_per_floor":[66,66,66,66,66,66,66,66,66,66,66,66,66,66,66,66,66],"card_choices":[{"not_picked":["Dodge and Roll","Prepared"],"picked":"Acrobatics","floor":1.0},{"not_picked":["Dagger Spray","Blade Dance"],"picked":"conspire:DoublingDagger","floor":4.0},{"not_picked":["StuffTheSpire:Fury","Poisoned Stab"],"picked":"Underhanded Strike","floor":5.0},{"not_picked":["Slice","Blade Dance"],"picked":"Acrobatics","floor":8},{"not_picked":["Bouncing Flask","hubris:SlightOfHand","FlurryOfBlows"],"picked":"Acrobatics","floor":10},{"not_picked":["conspire:DoublingDagger","Prepared","EmptyBody"],"picked":"Dash","floor":12},{"not_picked":["hubris:SlightOfHand","Deflect","ReachHeaven"],"picked":"Prepared","floor":13}],"player_experience":1380131,"relics_obtained":[{"floor":8,"key":"aspiration:TomeofQuesting"},{"floor":9,"key":"hubris:DisguiseKit"},{"floor":12,"key":"reliquary:WeakTea"}],"event_choices":[{"damage_healed":9.0,"max_hp_gain":0.0,"max_hp_loss":0.0,"gold_gain":0.0,"event_name":"Wheel of Change","player_choice":"Full Heal","floor":3.0,"gold_loss":0.0,"damage_taken":0.0}],"is_beta":false,"boss_relics":[],"items_purged_floors":[],"is_endless":false,"potions_floor_spawned":[4,8,12],"killed_by":"The Guardian","ascension_level":20}}