{"host":"mpmrkodj3c25wi13","time":1614264843,"event":{"mods":["Act Like it!","AlwaysNeverKeys","Aspiration","BaseMod","Beaked The Cultist","Better Altar","Better Match","Better Note","Better Sensory Stone","Better Skull","Better Third Choice","Clockwork Mod","Colored Map","Conspire","Custom Start","Downfall","Energized Spire","Friendly Minions","GifTheSpireLib","Googly Eyes","Halation","Hubris","Infinite Spire","Lobotomy","LobotomyExtend","Minty Spire (QoL Compilation)","Relic Sorter","Reliquary","Replay The Spire","Robot Space Explorer","StSLib","Stuff the Spire","The IronCluck","The Servant 0.9.4","slay the spire mod where everything is the same but ironclad has a cowboy hat"],"gold_per_floor":[109,109,109,121,136,110,92,107,107,107,107,123,123,205,205,205,205],"floor_reached":16,"language":"ENG","playtime":996,"items_purged":[],"score":160,"play_id":"dc928c7b-4144-4050-89df-33634e91b83b","local_time":"20210225095403","is_ascension_mode":false,"campfire_choices":[{"floor":11,"key":"REST"},{"data":"Metallicize","floor":13,"key":"SMITH"},{"data":"Bash","floor":15,"key":"SMITH"}],"circlet_count":0,"master_deck":["Strike_R","Strike_R","Strike_R","Strike_R","Strike_R","Defend_R","Defend_R","Defend_R","Defend_R","Bash+1","infinitespire:OneForAll+1","Flash of Steel","MHz","LaLuna","Metallicize+1","hubris:DuctTapeCard"],"relics":["Burning Blood","CogitoBucket","LetterFromLob","Tiny Chest","hubris:ChampionShield","Replay:Rubber Ducky","hubris:Towel","HellTrain","hubris:DuctTape"],"acts_visited":["Exordium"],"potions_floor_usage":[12],"damage_taken":[{"damage":0,"enemies":"Small Slimes","floor":1,"turns":3},{"damage":6,"enemies":"Jaw Worm","floor":4,"turns":4},{"damage":0,"enemies":"2 Louse","floor":5,"turns":3},{"damage":12,"enemies":"3 Sentries","floor":6,"turns":4},{"damage":18,"enemies":"Large Slime","floor":7,"turns":2},{"damage":30,"enemies":"Lagavulin","floor":8,"turns":6},{"damage":12,"enemies":"Exordium Thugs","floor":12,"turns":4}],"seed_played":"7325552833245161924","potions_obtained":[{"floor":1,"key":"Elixir"},{"floor":4,"key":"PowerPotion"},{"floor":6,"key":"DistilledChaos"},{"floor":8,"key":"Adrenaline Potion"}],"is_trial":false,"path_per_floor":["M","?","?","M","M","E","M","E","T","?","R","M","R","T","R","B"],"character_chosen":"IRONCLAD","items_purchased":[],"campfire_rested":1,"item_purchase_floors":[],"current_hp_per_floor":[80,80,80,80,80,75,64,42,42,42,66,62,62,62,62,0,0],"gold":205,"neow_bonus":"","is_daily":false,"chose_seed":false,"campfire_upgraded":2,"win_rate":0.0,"timestamp":1614264843,"path_taken":["M","?","?","M","M","E","M","E","T","?","R","M","R","?","R","BOSS"],"items_purchased_type":[],"build_version":"2020-12-13","purchased_purges":0,"victory":false,"max_hp_per_floor":[80,80,80,80,80,80,80,80,80,80,80,80,80,80,80,80,80],"card_choices":[{"not_picked":["Sentinel","ReplayTheSpireMod:Limb From Limb"],"picked":"infinitespire:OneForAll","floor":1},{"not_picked":["UniverseFragment","PunishingBird"],"picked":"Funeral","floor":1},{"not_picked":["conspire:Banana","Replay:Parry"],"picked":"Flash of Steel","floor":3},{"not_picked":["VoidDream","Murderer"],"picked":"Freischutz","floor":4},{"not_picked":["Carnage","Sword Boomerang","Reckless Charge"],"picked":"SKIP","floor":4},{"not_picked":["Carnage","Sword Boomerang","Reckless Charge"],"picked":"SKIP","floor":4},{"not_picked":["ReplayTheSpireMod:Strike From Hell","Perfected Strike","Whirlwind"],"picked":"SKIP","floor":5},{"not_picked":["Battle Trance","StuffTheSpire:RockThrow","Body Slam"],"picked":"SKIP","floor":6},{"not_picked":["OSAHOGD","WallGazer"],"picked":"MHz","floor":7},{"not_picked":["StuffTheSpire:Slingshot","Replay:Undeath\u0027s Touch","Twin Strike"],"picked":"SKIP","floor":7},{"not_picked":["StuffTheSpire:Slingshot","Replay:Undeath\u0027s Touch","Twin Strike"],"picked":"SKIP","floor":7},{"not_picked":["Ghostly Armor","Intimidate","Disarm"],"picked":"SKIP","floor":8},{"not_picked":["Ghostly Armor","Intimidate","Disarm"],"picked":"SKIP","floor":8},{"not_picked":["Wellcheers","BeautyBeast"],"picked":"LaLuna","floor":12},{"not_picked":["True Grit","Havoc"],"picked":"Metallicize","floor":12}],"player_experience":44263,"relics_obtained":[{"floor":1,"key":"LetterFromLob"},{"floor":6,"key":"Tiny Chest"},{"floor":8,"key":"hubris:ChampionShield"},{"floor":9,"key":"Replay:Rubber Ducky"},{"floor":14,"key":"hubris:DuctTape"}],"event_choices":[{"damage_healed":0,"gold_gain":1,"player_choice":"1","damage_taken":0,"max_hp_gain":0,"max_hp_loss":0,"event_name":"betterStone:BetterStone","floor":3,"gold_loss":0}],"is_beta":false,"boss_relics":[],"items_purged_floors":[],"is_endless":false,"potions_floor_spawned":[1,4,6,8],"killed_by":"Slime Boss","ascension_level":0}}