{"host":"2hea6pl5vmah38iy","time":1614252873,"event":{"mods":["AchievementEnabler","BaseMod","Colored Map","DeckTracker","Keyboard Shortcuts","Minty Spire (QoL Compilation)","Rare Cards Sparkle","StSLib","SuperFastMode","everything is the same but u backflip on backflip"],"gold_per_floor":[112,112,262,100,100,128,128,157,157,167,179,179,179,196,196,270,320,338,349,367,24,40,40,54,54,54],"floor_reached":25,"language":"KOR","playtime":802,"items_purged":["Doubt","Strike_R"],"score":526,"play_id":"59da5024-55dc-4e28-95d1-03bbd965a729","local_time":"20210225203433","is_ascension_mode":true,"campfire_choices":[{"data":"Carnage","floor":7.0,"key":"SMITH"},{"data":"Barricade","floor":15,"key":"SMITH"},{"floor":23,"key":"REST"}],"circlet_count":0,"master_deck":["AscendersBane","Strike_R","Strike_R","Strike_R+1","Strike_R","Defend_R","Defend_R","Defend_R","Defend_R+1","Bash+1","Shrug It Off","Evolve","Carnage+1","Barricade+1","Twin Strike","Shockwave","Power Through+1","Body Slam","Perfected Strike+1","Perfected Strike+1"],"relics":["Burning Blood","NeowsBlessing","Vajra","StrikeDummy","Dream Catcher","Strawberry","Tiny House","Anchor"],"acts_visited":["Exordium","TheCity"],"potions_floor_usage":[16,20,20,22,25],"damage_taken":[{"damage":0.0,"enemies":"2 Louse","floor":1.0,"turns":1.0},{"damage":0.0,"enemies":"Lagavulin","floor":6.0,"turns":2.0},{"damage":0.0,"enemies":"3 Sentries","floor":8.0,"turns":2.0},{"damage":7.0,"enemies":"Jaw Worm","floor":10.0,"turns":3.0},{"damage":0.0,"enemies":"Cultist","floor":11.0,"turns":2.0},{"damage":14,"enemies":"3 Louse","floor":14,"turns":3},{"damage":63,"enemies":"Hexaghost","floor":16,"turns":9},{"damage":32,"enemies":"2 Thieves","floor":18,"turns":4},{"damage":18,"enemies":"Chosen","floor":19,"turns":5},{"damage":33,"enemies":"Shelled Parasite and Fungi","floor":20,"turns":6},{"damage":20,"enemies":"Snecko","floor":22,"turns":6},{"damage":8,"enemies":"Centurion and Healer","floor":24,"turns":7},{"damage":40,"enemies":"Gremlin Leader","floor":25,"turns":5}],"seed_played":"-6591494512351566049","potions_obtained":[{"floor":8.0,"key":"Fire Potion"},{"floor":13,"key":"Strength Potion"},{"floor":14,"key":"Swift Potion"},{"floor":17,"key":"PowerPotion"},{"floor":22,"key":"LiquidBronze"},{"floor":24,"key":"Energy Potion"}],"is_trial":false,"path_per_floor":["M","?","?","$","?","E","R","E","T","M","M","?","?","M","R","B",null,"M","M","M","$","M","R","M","E"],"character_chosen":"IRONCLAD","items_purchased":["Evolve","Anchor","Regen Potion"],"campfire_rested":1,"item_purchase_floors":[4,21,21],"current_hp_per_floor":[74,51,51,51,51,57,57,63,70,69,75,80,80,72,72,15,74,48,36,9,9,10,37,35,0,0],"gold":54,"neow_bonus":"THREE_ENEMY_KILL","is_daily":false,"chose_seed":false,"campfire_upgraded":2,"win_rate":0.0,"timestamp":1614252873,"path_taken":["M","?","?","$","?","E","R","E","T","M","?","?","?","?","R","BOSS","M","M","M","$","M","R","M","E"],"items_purchased_type":["Card","Relic","Potion"],"build_version":"2020-12-22","purchased_purges":2,"victory":false,"max_hp_per_floor":[75,75,75,75,75,75,75,75,82,82,82,87,87,87,87,87,92,92,92,92,92,92,92,92,92,92],"card_choices":[{"not_picked":["Combust","True Grit"],"picked":"Shrug It Off","floor":1.0},{"not_picked":["Shrug It Off","Anger"],"picked":"Carnage","floor":6.0},{"not_picked":["Sentinel","Iron Wave"],"picked":"Barricade","floor":8.0},{"not_picked":["Headbutt","Intimidate","Searing Blow"],"picked":"SKIP","floor":10.0},{"not_picked":["Uppercut","Iron Wave"],"picked":"Twin Strike","floor":11.0},{"not_picked":["Havoc","Bloodletting","Wild Strike"],"picked":"SKIP","floor":14},{"not_picked":["Sword Boomerang","Clothesline"],"picked":"Shockwave","floor":17},{"not_picked":["Sentinel","Headbutt"],"picked":"Power Through+1","floor":18},{"not_picked":["Wild Strike","Intimidate+1"],"picked":"Body Slam","floor":19},{"not_picked":["Dropkick+1","Heavy Blade","Body Slam"],"picked":"SKIP","floor":20},{"not_picked":["Uppercut","Feel No Pain"],"picked":"Perfected Strike+1","floor":22},{"not_picked":["Double Tap","Clothesline+1"],"picked":"Perfected Strike+1","floor":23},{"not_picked":["Flex","Pummel","True Grit+1"],"picked":"SKIP","floor":24}],"player_experience":614477,"relics_obtained":[{"floor":5.0,"key":"Vajra"},{"floor":6.0,"key":"StrikeDummy"},{"floor":8.0,"key":"Dream Catcher"},{"floor":9.0,"key":"Strawberry"}],"event_choices":[{"damage_healed":0.0,"max_hp_gain":0.0,"max_hp_loss":0.0,"gold_gain":0.0,"event_name":"Shining Light","player_choice":"Entered Light","floor":2.0,"gold_loss":0.0,"damage_taken":23.0,"cards_upgraded":["Defend_R","Strike_R"]},{"damage_healed":0.0,"max_hp_gain":0.0,"max_hp_loss":0.0,"gold_gain":150.0,"event_name":"Liars Game","player_choice":"AGREE","floor":3.0,"gold_loss":0.0,"damage_taken":0.0,"cards_obtained":["Doubt"]},{"damage_healed":0.0,"max_hp_gain":0.0,"max_hp_loss":0.0,"gold_gain":0.0,"event_name":"Wheel of Change","player_choice":"Relic","floor":5.0,"gold_loss":0.0,"damage_taken":0.0},{"damage_healed":0.0,"max_hp_gain":5.0,"max_hp_loss":0.0,"gold_gain":0.0,"event_name":"Big Fish","player_choice":"Donut","floor":12.0,"gold_loss":0.0,"damage_taken":0.0},{"damage_healed":0,"gold_gain":0,"player_choice":"Got Potions","damage_taken":0,"max_hp_gain":0,"max_hp_loss":0,"event_name":"Lab","floor":13,"gold_loss":0}],"is_beta":false,"boss_relics":[{"not_picked":["Snecko Eye","Ectoplasm"],"picked":"Tiny House"}],"items_purged_floors":[4,21],"is_endless":false,"potions_floor_spawned":[8,14,22,24],"killed_by":"Gremlin Leader","ascension_level":20}}