{"host":"ocllwaoi18j60ltd","time":1614265958,"event":{"mods":["BaseMod","DeckTracker","Minty Spire (QoL Compilation)","Permanent Neow","Quick Restart","StSLib","SuperFastMode"],"gold_per_floor":[117,132,12,31,51,51,70,70,70,100,112,130,130,158,158,262,262,281,299,25,35,35,35,35,66,112,44,44,70,80,99,99,99,99],"floor_reached":33,"language":"KOR","playtime":1169,"items_purged":["Strike_B","Strike_B"],"score":314,"play_id":"11dc2cf5-e703-49dd-9cfe-6a4b3536aca2","local_time":"20210226001238","is_ascension_mode":true,"campfire_choices":[{"data":"Genetic Algorithm","floor":6.0,"key":"SMITH"},{"data":"Beam Cell","floor":8.0,"key":"SMITH"},{"floor":13,"key":"REST"},{"data":"Go for the Eyes","floor":15,"key":"SMITH"},{"data":"Blizzard","floor":23,"key":"SMITH"},{"data":"Blizzard","floor":28,"key":"SMITH"},{"data":"Capacitor","floor":32,"key":"SMITH"}],"circlet_count":0,"master_deck":["Strike_B","Strike_B","Defend_B","Defend_B","Defend_B","Defend_B","Zap","Dualcast","Blizzard+1","Turbo","Go for the Eyes+1","Ball Lightning","Genetic Algorithm+1","Beam Cell+1","Glacier","Biased Cognition","Cold Snap+1","Capacitor+1","Coolheaded","Consume","Self Repair","Blizzard+1","Hologram","Chill"],"relics":["Cracked Core","Unceasing Top","Anchor","Potion Belt","Gremlin Horn","SlaversCollar","DataDisk","Thread and Needle","Art of War","Blood Vial"],"acts_visited":["Exordium","TheCity"],"potions_floor_usage":[12,25,29,29,33],"damage_taken":[{"damage":6.0,"enemies":"Cultist","floor":1.0,"turns":4.0},{"damage":11.0,"enemies":"Jaw Worm","floor":2.0,"turns":3.0},{"damage":0.0,"enemies":"Small Slimes","floor":4.0,"turns":3.0},{"damage":0.0,"enemies":"3 Louse","floor":5.0,"turns":3.0},{"damage":5.0,"enemies":"Looter","floor":7.0,"turns":3.0},{"damage":9.0,"enemies":"Lagavulin","floor":10.0,"turns":6.0},{"damage":1.0,"enemies":"Red Slaver","floor":11.0,"turns":3.0},{"damage":0,"enemies":"Lots of Slimes","floor":12,"turns":3},{"damage":18,"enemies":"3 Sentries","floor":14,"turns":15},{"damage":13,"enemies":"Hexaghost","floor":16,"turns":13},{"damage":5,"enemies":"Shell Parasite","floor":18,"turns":10},{"damage":1,"enemies":"2 Thieves","floor":19,"turns":5},{"damage":10,"enemies":"Sentry and Sphere","floor":21,"turns":11},{"damage":1,"enemies":"Book of Stabbing","floor":25,"turns":7},{"damage":26,"enemies":"Gremlin Leader","floor":29,"turns":6},{"damage":2,"enemies":"Snake Plant","floor":30,"turns":6},{"damage":23,"enemies":"3 Cultists","floor":31,"turns":8},{"damage":45,"enemies":"Collector","floor":33,"turns":11}],"seed_played":"2016688135427540362","potions_obtained":[{"floor":1.0,"key":"Weak Potion"},{"floor":2.0,"key":"Swift Potion"},{"floor":7.0,"key":"Dexterity Potion"},{"floor":11.0,"key":"SteroidPotion"},{"floor":12,"key":"SpeedPotion"},{"floor":21,"key":"SkillPotion"},{"floor":29,"key":"FearPotion"},{"floor":31,"key":"Block Potion"}],"is_trial":false,"path_per_floor":["M","M","$","M","M","R","M","R","T","E","M","M","R","E","R","B",null,"M","M","$","M","?","R","?","E","T","$","R","E","M","M","R","B"],"character_chosen":"DEFECT","items_purchased":["Go for the Eyes","DataDisk","Coolheaded","Blizzard"],"campfire_rested":1,"item_purchase_floors":[3,20,20,27],"current_hp_per_floor":[48,37,37,37,37,37,32,32,32,23,22,22,44,26,26,13,75,70,69,69,59,59,59,59,58,58,58,58,39,46,32,32,0,0],"gold":99,"neow_bonus":"ONE_RARE_RELIC","is_daily":false,"chose_seed":false,"campfire_upgraded":6,"win_rate":0.0,"timestamp":1614265958,"path_taken":["M","M","$","M","M","R","M","R","T","E","M","M","R","E","R","BOSS","M","M","$","?","?","R","?","E","T","$","R","E","M","M","R","BOSS"],"items_purchased_type":["Card","Relic","Card","Card"],"build_version":"2020-12-22","purchased_purges":2,"victory":false,"max_hp_per_floor":[75,75,75,75,75,75,75,75,75,75,75,75,75,75,75,75,75,75,75,75,75,75,75,75,75,75,75,75,75,75,75,75,75,75],"card_choices":[{"not_picked":["Reprogram","Hologram"],"picked":"Blizzard","floor":1.0},{"not_picked":["Rebound","Barrage"],"picked":"Turbo","floor":2.0},{"not_picked":["Hello World","FTL"],"picked":"Ball Lightning","floor":4.0},{"not_picked":["Reinforced Body","Aggregate"],"picked":"Genetic Algorithm","floor":5.0},{"not_picked":["Rebound","Barrage"],"picked":"Beam Cell","floor":7.0},{"not_picked":["Rainbow","Beam Cell"],"picked":"Glacier","floor":10.0},{"not_picked":["Beam Cell","Heatsinks","Rebound"],"picked":"SKIP","floor":11.0},{"not_picked":["Steam","Go for the Eyes","Capacitor"],"picked":"SKIP","floor":12},{"not_picked":["Heatsinks","White Noise","BootSequence"],"picked":"SKIP","floor":14},{"not_picked":["Creative AI","Reboot"],"picked":"Biased Cognition","floor":16},{"not_picked":["Tempest+1","Reinforced Body+1"],"picked":"Cold Snap+1","floor":18},{"not_picked":["Rebound","Reinforced Body"],"picked":"Capacitor","floor":19},{"not_picked":["Ball Lightning","Redo+1"],"picked":"Consume","floor":21},{"not_picked":["Steam+1","Turbo+1"],"picked":"Self Repair","floor":25},{"not_picked":["Gash","Leap"],"picked":"Hologram","floor":29},{"not_picked":["Rebound+1","Cold Snap","Sunder"],"picked":"SKIP","floor":30},{"not_picked":["Gash+1","Skim"],"picked":"Chill","floor":31}],"player_experience":592692,"relics_obtained":[{"floor":9.0,"key":"Anchor"},{"floor":10.0,"key":"Potion Belt"},{"floor":14,"key":"Gremlin Horn"},{"floor":25,"key":"Thread and Needle"},{"floor":26,"key":"Art of War"},{"floor":29,"key":"Blood Vial"}],"event_choices":[{"damage_healed":0,"gold_gain":0,"player_choice":"Ignored","damage_taken":0,"max_hp_gain":0,"max_hp_loss":0,"event_name":"Vampires","floor":22,"gold_loss":0}],"is_beta":false,"boss_relics":[{"not_picked":["Snecko Eye","Philosopher\u0027s Stone"],"picked":"SlaversCollar"}],"items_purged_floors":[3,20],"is_endless":false,"potions_floor_spawned":[1,2,7,11,12,21,29,31],"killed_by":"Collector","ascension_level":1}}