{"host":"xsuxkwaivmtd234a","time":1614297369,"event":{"mods":["BaseMod","Bestiary","Colored Map","Minty Spire (QoL Compilation)","Relic Stats","StSLib"],"gold_per_floor":[115,65,165,184,202,237,251,251,251,281,297,297,316,335,335,437,437,453,378,378,392,442,469,469,469,469],"floor_reached":25,"language":"ENG","playtime":1299,"items_purged":["Strike_G"],"score":350,"play_id":"e3bdbf97-9e2d-4da9-a5d8-bd117ae91cc0","local_time":"20210225185609","is_ascension_mode":true,"campfire_choices":[{"floor":8.0,"key":"REST"},{"floor":12.0,"key":"REST"},{"data":"Eviscerate","floor":15.0,"key":"SMITH"},{"data":"Calculated Gamble","floor":24,"key":"SMITH"}],"circlet_count":0,"master_deck":["AscendersBane","Strike_G","Strike_G","Strike_G","Defend_G","Defend_G","Defend_G","Defend_G","Defend_G","Survivor","Neutralize","Eviscerate+1","Terror","Slice","Dash","Dagger Spray","Calculated Gamble+1","Deadly Poison","Acrobatics","Backflip","Tools of the Trade","Blade Dance","PiercingWail+1","A Thousand Cuts"],"relics":["Ring of the Snake","Omamori","Pocketwatch","Ice Cream","Torii","Snecko Eye","Molten Egg 2","StoneCalendar"],"acts_visited":["Exordium","TheCity"],"potions_floor_usage":[23,25],"damage_taken":[{"damage":0.0,"enemies":"2 Louse","floor":1.0,"turns":3.0},{"damage":0.0,"enemies":"Cultist","floor":4.0,"turns":5.0},{"damage":10.0,"enemies":"Small Slimes","floor":5.0,"turns":4.0},{"damage":41.0,"enemies":"3 Sentries","floor":6.0,"turns":14.0},{"damage":2.0,"enemies":"Exordium Wildlife","floor":7.0,"turns":5.0},{"damage":21.0,"enemies":"Gremlin Nob","floor":10.0,"turns":4.0},{"damage":0.0,"enemies":"Red Slaver","floor":11.0,"turns":4.0},{"damage":0.0,"enemies":"Blue Slaver","floor":13.0,"turns":2.0},{"damage":0.0,"enemies":"Looter","floor":14.0,"turns":3.0},{"damage":4.0,"enemies":"The Guardian","floor":16.0,"turns":9.0},{"damage":4.0,"enemies":"3 Byrds","floor":18.0,"turns":4.0},{"damage":0.0,"enemies":"Chosen","floor":21.0,"turns":3.0},{"damage":2,"enemies":"Book of Stabbing","floor":23,"turns":4},{"damage":63,"enemies":"Slavers","floor":25,"turns":4}],"seed_played":"-6199265411389768085","potions_obtained":[{"floor":5.0,"key":"Swift Potion"},{"floor":7.0,"key":"Fruit Juice"},{"floor":10.0,"key":"SteroidPotion"},{"floor":13.0,"key":"LiquidMemories"}],"is_trial":false,"path_per_floor":["M","?","?","M","M","E","M","R","T","E","M","R","M","M","R","B",null,"M","$","?","M","?","E","R","E"],"character_chosen":"THE_SILENT","items_purchased":[],"campfire_rested":2,"item_purchase_floors":[],"current_hp_per_floor":[63,63,63,63,53,12,10,31,31,10,10,31,31,31,31,27,59,55,55,55,55,55,53,53,0,0],"gold":469,"neow_bonus":"RANDOM_COMMON_RELIC","is_daily":false,"chose_seed":false,"campfire_upgraded":2,"win_rate":0.0,"timestamp":1614297369,"path_taken":["M","?","?","M","M","E","M","R","T","E","M","R","M","?","R","BOSS","M","$","?","M","?","E","R","E"],"items_purchased_type":[],"build_version":"2020-12-22","purchased_purges":1,"victory":false,"max_hp_per_floor":[70,70,70,70,70,70,70,70,70,70,70,70,70,70,70,70,70,70,70,70,70,70,70,70,75,75],"relic_stats":{"Torii":17,"counters":[14,68],"Snecko Eye":[35,45,30,36],"StoneCalendar":[0],"obtain_stats":[{"Ice Cream":9,"Torii":10,"Snecko Eye":17,"Molten Egg 2":20,"StoneCalendar":23,"Omamori":0,"Ring of the Snake":0,"Pocketwatch":6},{"Ice Cream":5,"Torii":6,"Snecko Eye":10,"Molten Egg 2":11,"StoneCalendar":13,"Omamori":0,"Ring of the Snake":0,"Pocketwatch":4},{"Ice Cream":31,"Torii":35,"Snecko Eye":53,"Molten Egg 2":57,"StoneCalendar":64,"Omamori":0,"Ring of the Snake":0,"Pocketwatch":26}],"Ring of the Snake":[28],"Pocketwatch":[51]},"card_choices":[{"not_picked":["Dodge and Roll","Dagger Throw"],"picked":"Eviscerate","floor":1.0},{"not_picked":["PiercingWail","Slice"],"picked":"Terror","floor":4.0},{"not_picked":["Escape Plan","Flying Knee"],"picked":"Slice","floor":5.0},{"not_picked":["Deadly Poison","Glass Knife"],"picked":"Dash","floor":6.0},{"not_picked":["Flying Knee","Slice"],"picked":"Dagger Spray","floor":7.0},{"not_picked":["Dash","Skewer"],"picked":"Calculated Gamble","floor":10.0},{"not_picked":["Slice","Distraction"],"picked":"Deadly Poison","floor":11.0},{"not_picked":["Bane","Outmaneuver","Acrobatics"],"picked":"SKIP","floor":13.0},{"not_picked":["Bane","Outmaneuver"],"picked":"Acrobatics","floor":13.0},{"not_picked":["Prepared","Dodge and Roll"],"picked":"Backflip","floor":14.0},{"not_picked":["Doppelganger","Grand Finale"],"picked":"Tools of the Trade","floor":16.0},{"not_picked":["Prepared","Quick Slash"],"picked":"Blade Dance","floor":18.0},{"not_picked":["Dagger Throw+1","Slice+1"],"picked":"PiercingWail+1","floor":21.0},{"not_picked":["Dodge and Roll","Accuracy"],"picked":"A Thousand Cuts","floor":23}],"player_experience":1384481,"relics_obtained":[{"floor":6.0,"key":"Pocketwatch"},{"floor":9.0,"key":"Ice Cream"},{"floor":10.0,"key":"Torii"},{"floor":23,"key":"StoneCalendar"}],"event_choices":[{"cards_removed":["Strike_G"],"damage_healed":0.0,"max_hp_gain":0.0,"max_hp_loss":0.0,"gold_gain":0.0,"event_name":"The Cleric","player_choice":"Card Removal","floor":2.0,"gold_loss":50.0,"damage_taken":0.0},{"damage_healed":0.0,"max_hp_gain":0.0,"max_hp_loss":0.0,"gold_gain":100.0,"event_name":"Golden Shrine","player_choice":"Pray","floor":3.0,"gold_loss":0.0,"damage_taken":0.0},{"damage_healed":0.0,"max_hp_gain":0.0,"max_hp_loss":0.0,"gold_gain":0.0,"event_name":"Addict","player_choice":"Stole Relic","floor":20.0,"gold_loss":0.0,"damage_taken":0.0,"relics_obtained":["Molten Egg 2"],"cards_obtained":["Shame"]},{"damage_healed":0.0,"max_hp_gain":0.0,"max_hp_loss":0.0,"gold_gain":100.0,"event_name":"The Joust","player_choice":"Bet on Murderer","floor":22.0,"gold_loss":50.0,"damage_taken":0.0}],"is_beta":false,"boss_relics":[{"not_picked":["Ectoplasm","Black Star"],"picked":"Snecko Eye"}],"items_purged_floors":[19],"is_endless":false,"potions_floor_spawned":[5,7,10,13],"killed_by":"Slavers","ascension_level":10}}