{"host":"gzsdmyo07u314vug","time":1614227152,"event":{"mods":["2.2 Compatiblity","Astrologer","BaseMod","Colored Powertips","GifTheSpireLib","Gremlin Mod","Hermit","Jorbs\u0027s Wanderer Trilogy","Minty Spire (QoL Compilation)","Quick Restart","Rare Cards Sparkle","Relic Stats","Replay The Spire","Robot Space Explorer","Shop Mod","StSLib","The Bladedancer","The Bug Knight","The Construct","The Cursed","The Elementalist","The Hierophant","The IronCluck","The Marked","The Necromancer","The Runesmith","The Servant 0.9.4","Unceasing Turn Reminder","everything is the same but u backflip on backflip","slay the spire mod where everything is the same but ironclad has a cowboy hat"],"gold_per_floor":[114,131,27,27,40,40,56,70,94,113,113,128,128,128,128,206,206,225,259,159,159,177,177,193,193,219,235,235,235,261,261,281,298,298,372,372,385,260,276,89,100,100,118,134,134,153,75,86,86,121,121,121,121],"floor_reached":54,"language":"ENG","playtime":3760,"items_purged":["Strike_G","Strike_G","Strike_G","Defend_G"],"score":1770,"play_id":"562629b5-2f7d-432c-80b5-f59e79ce2ef8","local_time":"20210225012552","is_ascension_mode":true,"campfire_choices":[{"data":"Dagger Spray","floor":6.0,"key":"SMITH"},{"data":"Footwork","floor":13.0,"key":"SMITH"},{"data":"Dagger Spray","floor":15.0,"key":"SMITH"},{"floor":23.0,"key":"REST"},{"floor":25.0,"key":"REST"},{"data":"Noxious Fumes","floor":31.0,"key":"SMITH"},{"floor":34.0,"key":"REST"},{"data":"Footwork","floor":42.0,"key":"SMITH"},{"data":"Noxious Fumes","floor":49.0,"key":"SMITH"},{"data":"Burst","floor":51.0,"key":"SMITH"}],"circlet_count":0,"master_deck":["AscendersBane","Defend_G","Defend_G","Defend_G","Survivor","Neutralize","Footwork+1","Dagger Spray+1","Blade Dance","Dagger Spray+1","Backflip","Adrenaline","AbeCurse","Deflect","Noxious Fumes+1","Caltrops+1","Cloak And Dagger+1","Burst+1","Hidden Blade","Footwork+1","Expertise","Tools of the Trade","Noxious Fumes+1"],"relics":["Ring of the Snake","Replay:Baseball","Happy Flower","Abe\u0027s Treasure","Red Mask","Replay:Rubber Ducky","ReplayTheSpireMod:Lightbulb","Coffee Dripper","Snack Pack","Toy Ornithopter"],"acts_visited":["Exordium","TheCity","TheBeyond"],"potions_floor_usage":[],"damage_taken":[{"damage":0.0,"enemies":"2 Louse","floor":1.0,"turns":3.0},{"damage":0.0,"enemies":"Small Slimes","floor":2.0,"turns":6.0},{"damage":4.0,"enemies":"Cultist","floor":5.0,"turns":4.0},{"damage":6.0,"enemies":"Large Slime","floor":7.0,"turns":6.0},{"damage":3.0,"enemies":"Exordium Wildlife","floor":8.0,"turns":3.0},{"damage":1.0,"enemies":"Blue Slaver","floor":10.0,"turns":4.0},{"damage":0.0,"enemies":"2 Fungi Beasts","floor":12.0,"turns":3.0},{"damage":27.0,"enemies":"Slime Boss","floor":16.0,"turns":9.0},{"damage":11.0,"enemies":"2 Thieves","floor":18.0,"turns":4.0},{"damage":1.0,"enemies":"Masked Bandits","floor":19.0,"turns":3.0},{"damage":37.0,"enemies":"Chosen","floor":22.0,"turns":6.0},{"damage":1.0,"enemies":"Snecko","floor":24.0,"turns":8.0},{"damage":0.0,"enemies":"Centurion and Healer","floor":27.0,"turns":9.0},{"damage":10.0,"enemies":"Replay:Snechameleon","floor":30.0,"turns":8.0},{"damage":8.0,"enemies":"Snake Plant","floor":32.0,"turns":4.0},{"damage":5.0,"enemies":"Snecko","floor":33.0,"turns":6.0},{"damage":14.0,"enemies":"Automaton","floor":35.0,"turns":11.0},{"damage":4.0,"enemies":"3 Shapes","floor":37.0,"turns":5.0},{"damage":0.0,"enemies":"3 Darklings","floor":39.0,"turns":5.0},{"damage":0.0,"enemies":"Jaw Worm Horde","floor":41.0,"turns":4.0},{"damage":0.0,"enemies":"Transient","floor":43.0,"turns":6.0},{"damage":0.0,"enemies":"Sphere and 2 Shapes","floor":44.0,"turns":6.0},{"damage":0.0,"enemies":"Jaw Worm Horde","floor":46.0,"turns":4.0},{"damage":0.0,"enemies":"Transient","floor":48.0,"turns":6.0},{"damage":20.0,"enemies":"Nemesis","floor":50.0,"turns":7.0},{"damage":2.0,"enemies":"Donu and Deca","floor":52.0,"turns":10.0},{"damage":44,"enemies":"Time Eater","floor":53,"turns":17}],"seed_played":"-1376517301397356185","potions_obtained":[{"floor":2.0,"key":"Elixir"},{"floor":7.0,"key":"Adrenaline Potion"},{"floor":18.0,"key":"Fire Potion"},{"floor":22.0,"key":"SkillPotion"},{"floor":24.0,"key":"PowerPotion"},{"floor":37.0,"key":"SneckoOil"},{"floor":43.0,"key":"Ancient Potion"},{"floor":46.0,"key":"BlessingOfTheForge"}],"is_trial":false,"path_per_floor":["M","M","$","?","M","R","M","M","T","M","?","M","R","?","R","B",null,"M","?","$","?","M","R","M","R","T","M","PTL","PTL","E","R","M","M","R","B",null,"M","$","M","$","M","R","M","M","T","M","$","M","R","E","R","B","B",null],"character_chosen":"THE_SILENT","items_purchased":["Blade Dance","Footwork","Noxious Fumes"],"campfire_rested":3,"item_purchase_floors":[3,40,47],"current_hp_per_floor":[59,59,59,52,48,48,42,39,39,38,33,33,33,33,33,6,51,40,39,39,39,2,21,20,39,39,39,39,39,29,29,21,16,35,21,55,51,51,51,51,51,51,51,51,51,61,61,66,66,50,50,66,30],"gold":121,"neow_bonus":"REMOVE_CARD","is_daily":false,"chose_seed":false,"campfire_upgraded":7,"win_rate":0.0,"timestamp":1614227152,"path_taken":["M","M","$","?","M","R","M","M","T","M","?","M","R","?","R","BOSS","M","?","$","?","M","R","M","R","T","M","PTL","PTL","E","R","M","M","R","BOSS","M","?","M","$","M","R","M","M","T","M","$","M","R","E","R","BOSS","BOSS"],"items_purchased_type":["Card","Card","Card"],"build_version":"2020-12-22","purchased_purges":4,"victory":true,"max_hp_per_floor":[66,66,66,66,66,66,66,66,66,66,66,66,66,66,66,66,66,66,66,66,66,66,66,66,66,66,66,66,66,66,66,66,66,66,66,66,66,66,66,66,66,66,66,66,66,66,66,66,66,66,66,66,66],"relic_stats":{"Happy Flower":[47],"counters":[27,167],"obtain_stats":[{"Replay:Baseball":9,"Happy Flower":11,"Red Mask":19,"Coffee Dripper":36,"Snack Pack":45,"ReplayTheSpireMod:Lightbulb":30,"Abe\u0027s Treasure":17,"Toy Ornithopter":50,"Ring of the Snake":0,"Replay:Rubber Ducky":26},{"Replay:Baseball":5,"Happy Flower":6,"Red Mask":10,"Coffee Dripper":17,"Snack Pack":22,"ReplayTheSpireMod:Lightbulb":14,"Abe\u0027s Treasure":8,"Toy Ornithopter":25,"Ring of the Snake":0,"Replay:Rubber Ducky":12},{"Replay:Baseball":22,"Happy Flower":26,"Red Mask":45,"Coffee Dripper":97,"Snack Pack":123,"ReplayTheSpireMod:Lightbulb":76,"Abe\u0027s Treasure":38,"Toy Ornithopter":140,"Ring of the Snake":0,"Replay:Rubber Ducky":59}],"Toy Ornithopter":10,"Ring of the Snake":[54]},"card_choices":[{"not_picked":["Cloak And Dagger","Tactician"],"picked":"Footwork","floor":1.0},{"not_picked":["ReplayTheSpireMod:Scrap Shanks","Masterful Stab"],"picked":"Dagger Spray","floor":2.0},{"not_picked":["Underhanded Strike","Poisoned Stab"],"picked":"Dagger Spray","floor":5.0},{"not_picked":["Dodge and Roll","Underhanded Strike","Grand Finale"],"picked":"SKIP","floor":7.0},{"not_picked":["Distraction","Fluid Movement","Quick Slash"],"picked":"SKIP","floor":8.0},{"not_picked":["Prepared","Acrobatics"],"picked":"Backflip","floor":10.0},{"not_picked":["Quick Slash","Backflip","Prepared"],"picked":"SKIP","floor":12.0},{"not_picked":["Corpse Explosion","Unload"],"picked":"Adrenaline","floor":16.0},{"not_picked":["Accuracy","Hidden Blade+1"],"picked":"Deflect","floor":18.0},{"not_picked":["Endless Agony","Reflex"],"picked":"Noxious Fumes","floor":19.0},{"not_picked":["Sucker Punch","Blade Dance","Tactician"],"picked":"SKIP","floor":22.0},{"not_picked":["Catalyst","Tools of the Trade","Riddle With Holes"],"picked":"SKIP","floor":24.0},{"not_picked":["Sucker Punch","Dagger Spray"],"picked":"Caltrops+1","floor":27.0},{"not_picked":["Deflect+1","Slice","Blade Dance"],"picked":"SKIP","floor":30.0},{"not_picked":["Deadly Poison","Poisoned Stab","Dagger Spray"],"picked":"SKIP","floor":32.0},{"not_picked":["Quick Slash","Glass Knife"],"picked":"Cloak And Dagger+1","floor":33.0},{"not_picked":["Grand Finale","Atom Bomb"],"picked":"Burst","floor":35.0},{"not_picked":["Sucker Punch","Backflip","Bane"],"picked":"SKIP","floor":37.0},{"not_picked":["Underhanded Strike+1","Flying Knee"],"picked":"Hidden Blade","floor":39.0},{"not_picked":["Footwork","Catalyst","Sucker Punch"],"picked":"SKIP","floor":41.0},{"not_picked":["Leg Sweep","Calculated Gamble+1"],"picked":"Expertise","floor":43.0},{"not_picked":["Quick Slash","Dagger Spray"],"picked":"Tools of the Trade","floor":44.0},{"not_picked":["Crippling Poison","Hidden Blade","Acrobatics"],"picked":"SKIP","floor":46.0},{"not_picked":["Dagger Throw","Backflip+1","Acrobatics"],"picked":"SKIP","floor":48.0},{"not_picked":["Riddle With Holes","Quick Slash","Underhanded Strike"],"picked":"SKIP","floor":50.0}],"player_experience":961698,"relics_obtained":[{"floor":9.0,"key":"Replay:Baseball"},{"floor":19.0,"key":"Red Mask"},{"floor":26.0,"key":"Replay:Rubber Ducky"},{"floor":30.0,"key":"ReplayTheSpireMod:Lightbulb"},{"floor":45.0,"key":"Snack Pack"},{"floor":50.0,"key":"Toy Ornithopter"}],"event_choices":[{"cards_removed":["Strike_G"],"damage_healed":0.0,"max_hp_gain":0.0,"max_hp_loss":0.0,"gold_gain":0.0,"event_name":"Golden Wing","player_choice":"Card Removal","floor":4.0,"gold_loss":0.0,"damage_taken":7.0},{"damage_healed":0.0,"max_hp_gain":0.0,"max_hp_loss":0.0,"gold_gain":0.0,"event_name":"Scrap Ooze","player_choice":"Success","floor":11.0,"gold_loss":0.0,"damage_taken":5.0,"relics_obtained":["Happy Flower"]},{"cards_removed":["Defend_G"],"damage_healed":0.0,"max_hp_gain":0.0,"max_hp_loss":0.0,"gold_gain":0.0,"event_name":"Living Wall","player_choice":"Forget","floor":14.0,"gold_loss":0.0,"damage_taken":0.0},{"damage_healed":0.0,"max_hp_gain":0.0,"max_hp_loss":0.0,"gold_gain":0.0,"event_name":"Masked Bandits","player_choice":"Fought Bandits","floor":19.0,"gold_loss":0.0,"damage_taken":0.0},{"damage_healed":0.0,"max_hp_gain":0.0,"max_hp_loss":0.0,"gold_gain":0.0,"event_name":"N\u0027loth","player_choice":"Ignored","floor":21.0,"gold_loss":0.0,"damage_taken":0.0}],"is_beta":false,"boss_relics":[{"not_picked":["Pandora\u0027s Box","Cursed Key"],"picked":"Abe\u0027s Treasure"},{"not_picked":["Philosopher\u0027s Stone","Snecko Eye"],"picked":"Coffee Dripper"}],"items_purged_floors":[3,20,38,40],"is_endless":false,"potions_floor_spawned":[2,7,8,12,18,22,24,37,43,44,46],"ascension_level":20}}