{"host":"fm9e0lfunjlbhzxv","time":1614225935,"event":{"mods":["2.2 Compatiblity","Alarm Clock","Astrologer","BaseMod","Bestiary","Better Match","Better Skull","Better Third Choice","Colored Map","Colored Powertips","Downfall","Energized Spire","Good Game Mod","Key Reminder","Minty Spire (QoL Compilation)","Permanent Neow","Random Character Button","Rare Cards Sparkle","Relic Stats","Spicy Shops","Spire Arcade","StSLib","The Administrix","The Blue Laboratory","The Bug Knight","The Disciple","The Servant 0.9.4","The Vixen","Trackpad","slay the spire mod where everything is the same but ironclad has a cowboy hat"],"gold_per_floor":[99,99,116,116,116,116,143,170,170,70,83,102,2,2,14,112,112,112,130,130,144,79,79,79,29,29,29,56,41,41,60,82,186,231,131,160,253,291,320,366,366,402,202,266,310,346,346,185,204,204,204,254,0,0,0,0],"floor_reached":57,"language":"ENG","playtime":9132,"items_purged":["sneckomod:Strike","sneckomod:Defend","sneckomod:Strike","sneckomod:Defend","sneckomod:Strike","sneckomod:Defend"],"score":1413,"play_id":"0f9d2ef8-82bc-4826-b573-6827f285204f","local_time":"20210224200535","is_ascension_mode":true,"campfire_choices":[{"floor":1,"key":"RECALL"},{"data":"hexamod:VolcanoVisage","floor":10,"key":"SMITH"},{"data":"sneckomod:MasterEye","floor":13,"key":"SMITH"},{"data":"sneckomod:UnknownRarePower","floor":18,"key":"SMITH"},{"data":"sneckomod:SnekBite","floor":27,"key":"SMITH"},{"data":"sneckomod:UnlimitedRolls","floor":35,"key":"SMITH"},{"floor":47,"key":"REST"},{"data":"Hightail","floor":54,"key":"SMITH"}],"circlet_count":0,"master_deck":["sneckomod:TailWhip","sneckomod:SnekBite+1","sneckomod:Unknown","sneckomod:Unknown","hexamod:VolcanoVisage+1","sneckomod:UnknownStrength","sneckomod:UnknownClassTHE_VIXEN_ORANGE","sneckomod:QuickBite","sneckomod:UnknownDexterity","sneckomod:UnknownColorless","sneckomod:MasterEye+1","sneckomod:SerpentIdol","sneckomod:UnknownDraw","sneckomod:UnknownRarePower+1","sneckomod:UnendingSupply","sneckomod:WideSting","sneckomod:UnknownClassGREEN","downfall:Haunted","downfall:Haunted","sneckomod:Unknown2Cost","sneckomod:Rotation","Lento","sneckomod:MasterEye","sneckomod:UnlimitedRolls+1","sneckomod:UnknownX","sneckomod:UnknownUncommonSkill+1","sneckomod:SerpentMind","sneckomod:UnknownClassSILVER","sneckomod:UnknownClassSILVER","sneckomod:UnknownClassSILVER","sneckomod:UnknownClassSILVER","sneckomod:UnknownClassSILVER","Read","sneckomod:SnakeSap+1","WasteNot","sneckomod:TrashToTreasure","sneckomod:UnknownUncommonPower+1","Read","sneckomod:UnknownUncommonPower","sneckomod:TrashToTreasure+1","Revamp","sneckomod:UnknownX+1","FlawlessForm","expansioncontent:YouAreMine","sneckomod:Unknown2Cost","Manipulate","TrueSight","Hightail+1","sneckomod:UnknownColorless+1","sneckomod:UnknownClassLichGold+1","PendulumOfEternity","sneckomod:SoulDraw+1","Misdirection"],"relics":["REME:ComplimentaryCards","energizedSpire:EnergizedDie","Smiling Mask","trackpad:BottledShadow","downfall:HeartBlessingRed","downfall:HeartBlessingBlue","Turnip","Cursed Key","Art of War","Ginger","Bag of Preparation","CeramicFish","sneckomod:SneckoBoss","downfall:HeartBlessingGreen","champ:DeflectingBracers","Guardian:GemstoneGun","trackpad:FieryHotPepper","Slimebound:StickyStick","hexamod:BolsterEngine","trackpad:ByrdCharm","Gremlin Horn","Pen Nib"],"acts_visited":["Exordium","TheCity","TheBeyond","TheEnding"],"potions_floor_usage":[16,22,22,28,32,33,39,39,49],"damage_taken":[{"damage":2,"enemies":"Small Slimes","floor":2,"turns":3},{"damage":0,"enemies":"Cultist","floor":3,"turns":3},{"damage":0,"enemies":"2 Louse","floor":5,"turns":4},{"damage":14,"enemies":"Gremlin Nob","floor":6,"turns":4},{"damage":9,"enemies":"3 Sentries","floor":8,"turns":6},{"damage":3,"enemies":"Large Slime","floor":11,"turns":5},{"damage":2,"enemies":"2 Fungi Beasts","floor":12,"turns":3},{"damage":15,"enemies":"3 Louse","floor":15,"turns":4},{"damage":11,"enemies":"SI_SHIV_ARCHETYPE","floor":16,"turns":5},{"damage":6,"enemies":"Chosen","floor":19,"turns":4},{"damage":28,"enemies":"Sentry and Sphere","floor":21,"turns":4},{"damage":10,"enemies":"downfall:FleeingMerchant","floor":22,"turns":4},{"damage":18,"enemies":"3 Cultists","floor":26,"turns":4},{"damage":1,"enemies":"HollowMod:Nosk","floor":28,"turns":6},{"damage":5,"enemies":"downfall:FleeingMerchant","floor":29,"turns":4},{"damage":15,"enemies":"Gremlin Leader","floor":30,"turns":5},{"damage":13,"enemies":"Shelled Parasite and Fungi","floor":31,"turns":4},{"damage":2,"enemies":"Chosen and Byrds","floor":32,"turns":4},{"damage":26,"enemies":"IC_MUSHROOM_ARCHETYPE","floor":33,"turns":10},{"damage":21,"enemies":"Orb Walker","floor":36,"turns":5},{"damage":4,"enemies":"Orb Walker","floor":37,"turns":5},{"damage":14,"enemies":"3 Shapes","floor":38,"turns":4},{"damage":28,"enemies":"Jaw Worm Horde","floor":39,"turns":6},{"damage":0,"enemies":"Giant Head","floor":40,"turns":9},{"damage":5,"enemies":"Transient","floor":42,"turns":5},{"damage":0,"enemies":"downfall:FleeingMerchant","floor":43,"turns":4},{"damage":9,"enemies":"2 Orb Walkers","floor":44,"turns":5},{"damage":17,"enemies":"Nemesis","floor":45,"turns":9},{"damage":0,"enemies":"Spire Growth","floor":46,"turns":4},{"damage":0,"enemies":"downfall:FleeingMerchant","floor":48,"turns":3},{"damage":0,"enemies":"Writhing Mass","floor":49,"turns":4},{"damage":13,"enemies":"WA_ARCHETYPE_DIVINITY","floor":50,"turns":11},{"damage":16,"enemies":"downfall:CharBossMerchant","floor":52,"turns":7},{"damage":0,"enemies":"downfall:NeowBoss","floor":55,"turns":17},{"damage":66,"enemies":"downfall:NeowBossFinal","floor":56,"turns":12}],"seed_played":"-883690868009556000","potions_obtained":[{"floor":3,"key":"Block Potion"},{"floor":5,"key":"Weak Potion"},{"floor":9,"key":"Swift Potion"},{"floor":9,"key":"blueLaboratory:BubblePotion"},{"floor":28,"key":"EntropicBrew"},{"floor":32,"key":"sneckomod:DiceRollPotion"},{"floor":33,"key":"blueLaboratory:AbyssPotion"},{"floor":38,"key":"blueLaboratory:FruitPunch"},{"floor":42,"key":"SkillPotion"}],"is_trial":false,"path_per_floor":["R","M","M","?","M","E","T","E","?","R","M","M","R","?","M","B",null,"R","M","?","M","$","?","T","?","M","R","E","$","E","M","M","B",null,"R","M","?","M","M","E","T","M","$","?","E","M","R","$","M","B",null,"E","$","R","B","B",null],"character_chosen":"THE_SNECKO","items_purchased":["expansioncontent:YouAreMine","hexamod:BolsterEngine","trackpad:ByrdCharm","DistilledChaos","Pen Nib"],"campfire_rested":1,"item_purchase_floors":[43,48,48,48,53],"current_hp_per_floor":[90,88,88,93,93,79,79,70,70,70,67,65,75,75,60,49,105,105,99,99,71,61,61,61,97,79,79,78,73,58,45,43,17,105,105,94,96,82,56,66,66,67,67,58,55,55,87,87,87,74,107,91,91,91,91,31],"gold":0,"neow_bonus":"BOSS_RELIC","is_daily":false,"chose_seed":false,"campfire_upgraded":6,"win_rate":0.0,"timestamp":1614225935,"path_taken":["R","M","M","?","M","E","T","E","?","R","?","M","R","?","M","BOSS","R","M","?","M","$","?","T","?","M","R","E","$","E","?","M","BOSS","R","M","?","M","M","E","T","M","$","?","E","M","R","$","M","BOSS","E","$","R","BOSS","BOSS"],"items_purchased_type":["Card","Relic","Relic","Potion","Relic"],"build_version":"2020-12-22","purchased_purges":6,"victory":true,"max_hp_per_floor":[90,90,90,95,95,95,95,95,95,95,95,95,105,105,105,105,105,105,105,105,105,105,105,105,105,105,105,105,105,105,105,105,105,105,105,105,105,105,107,107,107,107,107,107,107,107,107,107,107,107,107,107,107,107,107,107],"relic_stats":{"Gremlin Horn":[4,4],"counters":[35,196],"CeramicFish":261,"Turnip":[35],"Pen Nib":[5],"Art of War":[23],"Bag of Preparation":[42],"Ginger":[48],"Smiling Mask":525,"Cursed Key":1,"obtain_stats":[{"downfall:HeartBlessingRed":10,"Gremlin Horn":52,"CeramicFish":30,"Guardian:GemstoneGun":40,"energizedSpire:EnergizedDie":0,"downfall:HeartBlessingGreen":35,"champ:DeflectingBracers":37,"Pen Nib":53,"Bag of Preparation":28,"Ginger":24,"sneckomod:SneckoSoul":0,"Smiling Mask":6,"Cursed Key":17,"keyreminder:keyreminder":1,"trackpad:ByrdCharm":48,"REME:ComplimentaryCards":0,"trackpad:FieryHotPepper":44,"downfall:HeartBlessingBlue":13,"Slimebound:StickyStick":45,"trackpad:BottledShadow":8,"Turnip":14,"Art of War":23,"hexamod:BolsterEngine":48,"sneckomod:SneckoBoss":34},{"downfall:HeartBlessingRed":5,"Gremlin Horn":33,"CeramicFish":16,"Guardian:GemstoneGun":24,"energizedSpire:EnergizedDie":0,"downfall:HeartBlessingGreen":19,"champ:DeflectingBracers":21,"Pen Nib":33,"Bag of Preparation":14,"Ginger":12,"sneckomod:SneckoSoul":0,"Smiling Mask":4,"Cursed Key":9,"keyreminder:keyreminder":0,"trackpad:ByrdCharm":30,"REME:ComplimentaryCards":0,"trackpad:FieryHotPepper":27,"downfall:HeartBlessingBlue":7,"Slimebound:StickyStick":28,"trackpad:BottledShadow":5,"Turnip":7,"Art of War":12,"hexamod:BolsterEngine":30,"sneckomod:SneckoBoss":19},{"downfall:HeartBlessingRed":20,"Gremlin Horn":167,"CeramicFish":68,"Guardian:GemstoneGun":115,"energizedSpire:EnergizedDie":0,"downfall:HeartBlessingGreen":86,"champ:DeflectingBracers":96,"Pen Nib":167,"Bag of Preparation":59,"Ginger":49,"sneckomod:SneckoSoul":0,"Smiling Mask":14,"Cursed Key":37,"keyreminder:keyreminder":0,"trackpad:ByrdCharm":145,"REME:ComplimentaryCards":0,"trackpad:FieryHotPepper":129,"downfall:HeartBlessingBlue":28,"Slimebound:StickyStick":138,"trackpad:BottledShadow":20,"Turnip":28,"Art of War":49,"hexamod:BolsterEngine":145,"sneckomod:SneckoBoss":86}]},"card_choices":[{"not_picked":["sneckomod:TrashToTreasure","sneckomod:RainOfDice"],"picked":"sneckomod:UnknownStrength","floor":2},{"not_picked":["sneckomod:UnknownClassHEXA_GHOST_PURPLE","sneckomod:UnknownCommonAttack"],"picked":"sneckomod:UnknownClassTHE_VIXEN_ORANGE","floor":3},{"not_picked":["sneckomod:MixItUp","sneckomod:UnknownClassCHRONO_GOLD"],"picked":"sneckomod:QuickBite","floor":5},{"not_picked":["sneckomod:UnknownBlock","sneckomod:Nope"],"picked":"sneckomod:UnknownDexterity","floor":6},{"not_picked":["sneckomod:SlitherStrike","sneckomod:Unknown1Cost"],"picked":"sneckomod:UnknownColorless","floor":8},{"not_picked":["sneckomod:UnknownClassTHE_CHAMP_GRAY","sneckomod:Unknown1Cost"],"picked":"sneckomod:MasterEye","floor":11},{"not_picked":["sneckomod:UnknownCommonSkill","sneckomod:SoulRoll"],"picked":"sneckomod:SerpentIdol","floor":12},{"not_picked":["sneckomod:UnknownDexterity","sneckomod:Nope"],"picked":"sneckomod:UnknownDraw","floor":15},{"not_picked":["sneckomod:GlitteringGambit","sneckomod:Mudshield"],"picked":"sneckomod:UnknownRarePower","floor":16},{"not_picked":["sneckomod:UnknownClassTHE_CHAMP_GRAY","sneckomod:ImprovisedAttack"],"picked":"sneckomod:UnendingSupply","floor":19},{"not_picked":["sneckomod:SoulRoll","sneckomod:IronFang"],"picked":"sneckomod:WideSting","floor":21},{"not_picked":["sneckomod:DiceCrush","sneckomod:ImprovisedAttack"],"picked":"sneckomod:UnknownClassGREEN","floor":22},{"not_picked":["sneckomod:UnknownClassPURPLE","sneckomod:UnknownClassRED+1"],"picked":"sneckomod:Unknown2Cost","floor":26},{"not_picked":["sneckomod:UnknownBlock+1","sneckomod:RainOfDice"],"picked":"sneckomod:Rotation","floor":28},{"not_picked":["sneckomod:UnknownClassRED+1","sneckomod:UnknownClassCHRONO_GOLD+1"],"picked":"sneckomod:MasterEye","floor":29},{"not_picked":["sneckomod:UnknownClassHEXA_GHOST_PURPLE","sneckomod:SerpentIdol+1"],"picked":"sneckomod:UnlimitedRolls","floor":30},{"not_picked":["sneckomod:UnknownClassSILVER","sneckomod:QuickMove"],"picked":"sneckomod:UnknownX","floor":31},{"not_picked":["sneckomod:UnknownClassTHE_BRONZE_AUTOMATON","sneckomod:UnknownClassLichGold"],"picked":"sneckomod:UnknownUncommonSkill+1","floor":32},{"not_picked":["sneckomod:UnknownRareAttack","sneckomod:Transmogrify"],"picked":"sneckomod:SerpentMind","floor":33},{"not_picked":["SilverMatrix","Unruled"],"picked":"Read","floor":36},{"not_picked":["sneckomod:ImprovisedAttack+1","sneckomod:UnknownDexterity"],"picked":"sneckomod:SnakeSap+1","floor":36},{"not_picked":["TrueSight","Read"],"picked":"WasteNot","floor":37},{"not_picked":["sneckomod:Unknown0Cost+1","sneckomod:DiceBlock"],"picked":"sneckomod:TrashToTreasure","floor":37},{"not_picked":["sneckomod:UnknownClassTHE_BRONZE_AUTOMATON","sneckomod:UnknownClassASTROLOGER+1"],"picked":"sneckomod:UnknownUncommonPower+1","floor":38},{"not_picked":["KidneyShot","Comet"],"picked":"Read","floor":38},{"not_picked":["sneckomod:SerpentIdol+1","sneckomod:UnknownClassBUGKNIGHT_GRAY_COLOR"],"picked":"sneckomod:UnknownUncommonPower","floor":39},{"not_picked":["sneckomod:UnknownX+1","sneckomod:SlitherStrike+1"],"picked":"sneckomod:TrashToTreasure+1","floor":40},{"not_picked":["ShatteredReality","TimeTheft"],"picked":"Revamp","floor":40},{"not_picked":["sneckomod:Unknown0Cost","sneckomod:GlitteringGambit"],"picked":"sneckomod:UnknownX+1","floor":42},{"not_picked":["DualDimension","Unruled"],"picked":"FlawlessForm","floor":42},{"not_picked":["sneckomod:SerpentIdol+1","sneckomod:UnknownCommonSkill+1","sneckomod:UnknownClassHEXA_GHOST_PURPLE+1"],"picked":"SKIP","floor":43},{"not_picked":["sneckomod:UnknownClassHEXA_GHOST_PURPLE+1","sneckomod:ImprovisedGuard"],"picked":"sneckomod:Unknown2Cost","floor":44},{"not_picked":["Shuttle","Foresight"],"picked":"Manipulate","floor":44},{"not_picked":["RealityMarble","Foresight"],"picked":"TrueSight","floor":45},{"not_picked":["sneckomod:UnknownUncommonAttack+1","sneckomod:UnknownClassASTROLOGER","sneckomod:Cheat"],"picked":"SKIP","floor":45},{"not_picked":["DancingSilver","ShiftingGears"],"picked":"Hightail","floor":46},{"not_picked":["sneckomod:UnknownClassCHRONO_GOLD","sneckomod:UnknownCommonAttack"],"picked":"sneckomod:UnknownColorless+1","floor":46},{"not_picked":["sneckomod:UnknownStrike","sneckomod:UnknownClassTHE_VIXEN_ORANGE+1"],"picked":"sneckomod:UnknownClassLichGold+1","floor":48},{"not_picked":["Defend_S","KillingDoll"],"picked":"PendulumOfEternity","floor":49},{"not_picked":["sneckomod:UnknownClassGREEN","sneckomod:CheapStock+1","sneckomod:UnknownClassTHE_VIXEN_ORANGE+1"],"picked":"SKIP","floor":49},{"not_picked":["sneckomod:UnknownClassPURPLE","sneckomod:UnknownClassTHE_CHAMP_GRAY"],"picked":"sneckomod:SoulDraw+1","floor":52},{"not_picked":["Rewind","Replace"],"picked":"Misdirection","floor":52}],"player_experience":910918,"relics_obtained":[{"floor":6,"key":"Smiling Mask"},{"floor":8,"key":"trackpad:BottledShadow"},{"floor":24,"key":"Ginger"},{"floor":28,"key":"Bag of Preparation"},{"floor":30,"key":"CeramicFish"},{"floor":37,"key":"champ:DeflectingBracers"},{"floor":40,"key":"Guardian:GemstoneGun"},{"floor":44,"key":"trackpad:FieryHotPepper"},{"floor":45,"key":"Slimebound:StickyStick"},{"floor":52,"key":"Gremlin Horn"}],"event_choices":[{"damage_healed":0,"gold_gain":0,"player_choice":"Donut","damage_taken":0,"max_hp_gain":5,"max_hp_loss":0,"event_name":"Big Fish","floor":4,"gold_loss":0},{"damage_healed":0,"gold_gain":0,"player_choice":"Got Potions","damage_taken":0,"max_hp_gain":0,"max_hp_loss":0,"event_name":"Lab","floor":9,"gold_loss":0},{"damage_healed":0,"gold_gain":0,"player_choice":"Ignored","damage_taken":0,"max_hp_gain":0,"max_hp_loss":0,"event_name":"Ghosts","floor":20,"gold_loss":0},{"damage_healed":0,"gold_gain":0,"player_choice":"Fight","damage_taken":0,"max_hp_gain":0,"max_hp_loss":0,"event_name":"Mysterious Sphere","floor":44,"gold_loss":0}],"is_beta":false,"boss_relics":[{"not_picked":["Philosopher\u0027s Stone","Runic Pyramid"],"picked":"Cursed Key"},{"not_picked":["trackpad:Trackpad","energizedSpire:SpiderWeb"],"picked":"sneckomod:SneckoBoss"}],"items_purged_floors":[22,43,43,48,53,53],"is_endless":false,"potions_floor_spawned":[3,5,8,12,28,30,32,33,38,40,42,46],"ascension_level":1}}