{"host":"mu5qkq7030l6349q","time":1614288395,"event":{"mods":["AchievementEnabler","BaseMod","Colored Powertips","Downfall","Highlight Path","Minty Spire (QoL Compilation)","Permanent Neow","Rare Cards Sparkle","Relic Sorter","Relic Stats","StSLib","Wide Potions"],"gold_per_floor":[14,14,34,34,34,34,58,58,58,74,74,112,58,82,82,82,82],"floor_reached":16,"language":"ENG","playtime":704,"items_purged":[],"score":165,"play_id":"973d2465-0b37-480e-a675-f5e00b62a0fe","local_time":"20210225222635","is_ascension_mode":true,"campfire_choices":[{"data":"True Grit","floor":6,"key":"SMITH"},{"floor":15,"key":"REST"}],"circlet_count":0,"master_deck":["Strike_R","Strike_R","Strike_R","Strike_R","Strike_R","Defend_R","Defend_R","Defend_R","Defend_R","Bash","True Grit+1","Seeing Red","Regret","Metallicize","True Grit","Pommel Strike","Body Slam","Ghostly Armor"],"relics":["Burning Blood","Golden Idol","Pear","Pantograph","Mummified Hand","HornCleat","FossilizedHelix","Frozen Egg 2"],"acts_visited":["Exordium"],"potions_floor_usage":[],"damage_taken":[{"damage":12,"enemies":"Small Slimes","floor":1,"turns":4},{"damage":7,"enemies":"Jaw Worm","floor":3,"turns":4},{"damage":14,"enemies":"Cultist","floor":7,"turns":4},{"damage":28,"enemies":"Gremlin Gang","floor":10,"turns":10},{"damage":21,"enemies":"Gremlin Nob","floor":12,"turns":7},{"damage":2,"enemies":"Exordium Wildlife","floor":14,"turns":6},{"damage":55,"enemies":"The Guardian","floor":16,"turns":14}],"seed_played":"-4715254347405406953","potions_obtained":[{"floor":1,"key":"BlessingOfTheForge"},{"floor":14,"key":"Guardian:BlockOnCardUsePotion"}],"is_trial":false,"path_per_floor":["M","?","M","?","?","R","M","T","T","M","T","E","$","M","R","B"],"character_chosen":"IRONCLAD","items_purchased":["Body Slam"],"campfire_rested":1,"item_purchase_floors":[13],"current_hp_per_floor":[74,54,53,56,56,56,48,48,48,26,26,11,11,15,42,12,12],"gold":82,"neow_bonus":"THREE_RARE_CARDS","is_daily":false,"chose_seed":false,"campfire_upgraded":1,"win_rate":0.0,"timestamp":1614288395,"path_taken":["M","?","M","?","?","R","?","?","T","?","?","E","$","M","R","BOSS"],"items_purchased_type":["Card"],"build_version":"2020-12-22","purchased_purges":0,"victory":false,"max_hp_per_floor":[80,80,80,90,90,90,90,90,90,90,90,90,90,90,90,90,90],"relic_stats":{"counters":[7,49],"Golden Idol":25,"Mummified Hand":[4],"Pantograph":25,"obtain_stats":[{"Pear":4,"HornCleat":9,"Golden Idol":2,"Mummified Hand":8,"Pantograph":5,"Frozen Egg 2":12,"Burning Blood":0,"FossilizedHelix":11},{"Pear":2,"HornCleat":3,"Golden Idol":1,"Mummified Hand":3,"Pantograph":2,"Frozen Egg 2":5,"Burning Blood":0,"FossilizedHelix":4},{"Pear":8,"HornCleat":12,"Golden Idol":4,"Mummified Hand":12,"Pantograph":8,"Frozen Egg 2":29,"Burning Blood":0,"FossilizedHelix":22}],"Burning Blood":36},"card_choices":[{"not_picked":["Offering","Immolate"],"picked":"Impervious","floor":0.0},{"not_picked":["Dual Wield","Thunderclap"],"picked":"True Grit","floor":1},{"not_picked":["Sword Boomerang","Headbutt"],"picked":"Seeing Red","floor":3},{"not_picked":["Flame Barrier","Heavy Blade"],"picked":"Metallicize","floor":7},{"not_picked":["Warcry","Flame Barrier"],"picked":"True Grit","floor":10},{"not_picked":["Cleave","Clash"],"picked":"Pommel Strike","floor":12},{"not_picked":["Sword Boomerang","Rupture+1"],"picked":"Ghostly Armor","floor":14}],"player_experience":105740,"relics_obtained":[{"floor":8,"key":"Mummified Hand"},{"floor":9,"key":"HornCleat"},{"floor":11,"key":"FossilizedHelix"},{"floor":12,"key":"Frozen Egg 2"}],"event_choices":[{"damage_healed":0,"gold_gain":0,"player_choice":"Take Damage","damage_taken":20,"relics_obtained":["Golden Idol"],"max_hp_gain":0,"max_hp_loss":0,"event_name":"Golden Idol","floor":2,"gold_loss":0},{"damage_healed":0,"gold_gain":0,"player_choice":"Success","damage_taken":7,"relics_obtained":["Pear"],"max_hp_gain":0,"max_hp_loss":0,"event_name":"Scrap Ooze","floor":4,"gold_loss":0},{"damage_healed":0,"gold_gain":0,"player_choice":"Box","damage_taken":0,"relics_obtained":["Pantograph"],"max_hp_gain":0,"max_hp_loss":0,"event_name":"Big Fish","floor":5,"gold_loss":0,"cards_obtained":["Regret"]}],"is_beta":false,"boss_relics":[],"items_purged_floors":[],"is_endless":false,"potions_floor_spawned":[1,14],"killed_by":"The Guardian","ascension_level":2}}