{"host":"x73jdofm2fk9hsud","time":1614282079,"event":{"mods":["BaseMod","Bestiary","Minty Spire (QoL Compilation)","Relic Stats","ojb\u0027s Better Paths Mod","ojb\u0027s Info Mod"],"gold_per_floor":[366,79,79,79,96,96,96,122,175,175,196,196,240,262,262,343,343,370,34,43,43,52,85,85,119,119,69,96,96,113,139,139,225,225,250,277,290,15,30,69,69,0,48,73,101,126,145,175,175,175,175,175,175,11,46,46],"floor_reached":57,"language":"ENG","playtime":1835,"items_purged":["Pain","Strike_R","Strike_R"],"score":3012,"play_id":"c62ff943-147b-42a6-ae74-026eac980882","local_time":"20210225144119","is_ascension_mode":true,"campfire_choices":[{"data":"Inflame","floor":6.0,"key":"SMITH"},{"data":"Shockwave","floor":10.0,"key":"SMITH"},{"data":"True Grit","floor":12.0,"key":"SMITH"},{"data":"Limit Break","floor":15.0,"key":"SMITH"},{"floor":24,"key":"REST"},{"floor":29,"key":"REST"},{"floor":32,"key":"REST"},{"floor":41,"key":"RECALL"},{"data":"Heavy Blade","floor":49,"key":"SMITH"},{"floor":53,"key":"REST"}],"circlet_count":0,"master_deck":["AscendersBane","Strike_R","Strike_R","Defend_R","Defend_R+1","Defend_R","Defend_R","Bash+1","Uppercut+1","Inflame+1","Anger","Shockwave+1","True Grit+1","Spot Weakness+1","Limit Break+1","Immolate","Flame Barrier","Necronomicurse","Pain","Headbutt","Limit Break","Warcry+1","Shrug It Off+1","Battle Trance","Heavy Blade+1"],"relics":["Burning Blood","ClockworkSouvenir","Toy Ornithopter","Singing Bowl","CeramicFish","Du-Vu Doll","Sozu","Membership Card","TungstenRod","Necronomicon","WarpedTongs","PreservedInsect","War Paint","Kunai","Self Forming Clay","Black Star","Paper Frog","Lee\u0027s Waffle","Akabeko","Prayer Wheel","Red Mask","Pantograph","Bronze Scales","StoneCalendar","MealTicket","Ancient Tea Set","Happy Flower","Frozen Eye","Boot","Whetstone"],"acts_visited":["Exordium","TheCity","TheBeyond","TheEnding"],"potions_floor_usage":[23,56],"damage_taken":[{"damage":24.0,"enemies":"Jaw Worm","floor":1.0,"turns":6.0},{"damage":0.0,"enemies":"2 Louse","floor":5.0,"turns":2.0},{"damage":8.0,"enemies":"Gremlin Nob","floor":8.0,"turns":3.0},{"damage":0.0,"enemies":"Cultist","floor":11.0,"turns":3.0},{"damage":19.0,"enemies":"3 Sentries","floor":13.0,"turns":7.0},{"damage":17.0,"enemies":"Exordium Wildlife","floor":14.0,"turns":4.0},{"damage":35.0,"enemies":"Hexaghost","floor":16.0,"turns":9.0},{"damage":18.0,"enemies":"Shell Parasite","floor":18.0,"turns":5.0},{"damage":16,"enemies":"Slavers","floor":23,"turns":3},{"damage":18,"enemies":"Gremlin Leader","floor":25,"turns":3},{"damage":0,"enemies":"Spheric Guardian","floor":28,"turns":3},{"damage":3,"enemies":"3 Cultists","floor":30,"turns":3},{"damage":29,"enemies":"Slavers","floor":31,"turns":4},{"damage":15,"enemies":"Automaton","floor":33,"turns":6},{"damage":28,"enemies":"3 Shapes","floor":35,"turns":4},{"damage":2,"enemies":"Orb Walker","floor":36,"turns":4},{"damage":28,"enemies":"4 Shapes","floor":37,"turns":5},{"damage":0,"enemies":"Maw","floor":39,"turns":4},{"damage":11,"enemies":"Nemesis","floor":40,"turns":5},{"damage":0,"enemies":"Transient","floor":44,"turns":5},{"damage":12,"enemies":"Giant Head","floor":45,"turns":4},{"damage":8,"enemies":"Mind Bloom Boss Battle","floor":46,"turns":3},{"damage":7,"enemies":"3 Darklings","floor":47,"turns":4},{"damage":0,"enemies":"Nemesis","floor":48,"turns":3},{"damage":12,"enemies":"Donu and Deca","floor":50,"turns":5},{"damage":63,"enemies":"Awakened One","floor":51,"turns":7},{"damage":0,"enemies":"Shield and Spear","floor":55,"turns":2},{"damage":81,"enemies":"The Heart","floor":56,"turns":8}],"seed_played":"3330051811978310063","potions_obtained":[{"floor":1.0,"key":"ColorlessPotion"},{"floor":5.0,"key":"AttackPotion"},{"floor":8.0,"key":"PowerPotion"},{"floor":16.0,"key":"Block Potion"}],"is_trial":false,"path_per_floor":["M","$","?","?","M","R","?","E","T","R","M","R","E","M","R","B",null,"M","$","?","?","?","E","R","E","T","$","M","R","M","E","R","B",null,"M","M","M","$","M","E","R","?","T","M","E","?","M","E","R","B","B",null,"R","$","E","B",null],"character_chosen":"IRONCLAD","items_purchased":["Inflame","ClockworkSouvenir","Membership Card","TungstenRod","Paper Frog","Lee\u0027s Waffle","Happy Flower","Frozen Eye"],"campfire_rested":4,"item_purchase_floors":[2,2,19,19,38,38,54,54],"current_hp_per_floor":[50,50,45,45,51,51,51,54,54,54,60,60,52,41,41,12,59,47,47,30,30,30,27,50,40,40,40,46,69,74,53,77,68,79,57,61,41,92,94,89,89,89,89,96,92,98,101,106,106,100,49,92,106,106,108,38],"gold":46,"neow_bonus":"TWO_FIFTY_GOLD","is_daily":false,"chose_seed":false,"campfire_upgraded":5,"win_rate":0.0,"timestamp":1614282079,"path_taken":["M","$","?","?","M","R","?","E","T","R","M","R","E","?","R","BOSS","M","$","?","?","?","E","R","E","T","$","M","R","M","E","R","BOSS","M","M","?","$","M","E","R","?","T","M","E","?","M","E","R","BOSS","BOSS","R","$","E","BOSS"],"items_purchased_type":["Card","Relic","Relic","Relic","Relic","Relic","Relic","Relic"],"build_version":"2020-12-22","purchased_purges":3,"victory":true,"max_hp_per_floor":[75,75,75,75,75,75,75,75,75,75,75,75,75,75,75,75,75,75,75,75,75,75,77,77,79,79,79,79,79,81,83,83,83,83,83,83,85,92,94,94,94,94,94,96,98,100,104,106,106,106,106,106,106,106,108,108],"relic_stats":{"Lee\u0027s Waffle":51,"Singing Bowl":26,"Happy Flower":[3],"counters":[28,124],"Self Forming Clay":[114],"CeramicFish":117,"StoneCalendar":[0],"PreservedInsect":399,"Whetstone":["Bash","Uppercut"],"War Paint":["Defend_R","Spot Weakness"],"Boot":[0],"Burning Blood":152,"WarpedTongs":[82],"Sozu":9,"Pantograph":12,"Bronze Scales":[165],"Prayer Wheel":2,"MealTicket":0,"Necronomicon":[44],"Black Star":4,"Kunai":[15],"obtain_stats":[{"Singing Bowl":8,"CeramicFish":9,"StoneCalendar":46,"Whetstone":55,"Ancient Tea Set":48,"Boot":55,"Burning Blood":0,"ClockworkSouvenir":2,"Sozu":17,"Frozen Eye":54,"Pantograph":45,"Prayer Wheel":40,"MealTicket":48,"Necronomicon":20,"Red Mask":42,"Kunai":26,"Paper Frog":38,"Lee\u0027s Waffle":38,"Happy Flower":54,"Self Forming Clay":31,"PreservedInsect":23,"War Paint":25,"Akabeko":40,"WarpedTongs":22,"Du-Vu Doll":13,"Bronze Scales":45,"Black Star":34,"Membership Card":19,"Toy Ornithopter":3,"TungstenRod":19},{"Singing Bowl":3,"CeramicFish":3,"StoneCalendar":22,"Whetstone":27,"Ancient Tea Set":24,"Boot":27,"Burning Blood":0,"ClockworkSouvenir":1,"Sozu":7,"Frozen Eye":26,"Pantograph":21,"Prayer Wheel":19,"MealTicket":24,"Necronomicon":8,"Red Mask":19,"Kunai":10,"Paper Frog":17,"Lee\u0027s Waffle":17,"Happy Flower":26,"Self Forming Clay":13,"PreservedInsect":9,"War Paint":10,"Akabeko":19,"WarpedTongs":8,"Du-Vu Doll":5,"Bronze Scales":21,"Black Star":14,"Membership Card":8,"Toy Ornithopter":1,"TungstenRod":8},{"Singing Bowl":11,"CeramicFish":11,"StoneCalendar":95,"Whetstone":116,"Ancient Tea Set":102,"Boot":116,"Burning Blood":0,"ClockworkSouvenir":6,"Sozu":34,"Frozen Eye":114,"Pantograph":92,"Prayer Wheel":83,"MealTicket":102,"Necronomicon":39,"Red Mask":83,"Kunai":45,"Paper Frog":74,"Lee\u0027s Waffle":74,"Happy Flower":114,"Self Forming Clay":55,"PreservedInsect":42,"War Paint":45,"Akabeko":83,"WarpedTongs":39,"Du-Vu Doll":21,"Bronze Scales":92,"Black Star":61,"Membership Card":39,"Toy Ornithopter":6,"TungstenRod":39}],"Toy Ornithopter":20,"TungstenRod":126},"card_choices":[{"not_picked":["Headbutt","Shrug It Off"],"picked":"Uppercut","floor":1.0},{"not_picked":["Clothesline","Shrug It Off"],"picked":"Anger","floor":5.0},{"not_picked":["Second Wind","Power Through"],"picked":"Shockwave","floor":8.0},{"not_picked":["Clash","Armaments"],"picked":"True Grit","floor":11.0},{"not_picked":["Thunderclap","Body Slam"],"picked":"Spot Weakness","floor":13.0},{"not_picked":["Burning Pact","Entrench"],"picked":"Limit Break","floor":14.0},{"not_picked":["Juggernaut","Offering"],"picked":"Immolate","floor":16.0},{"not_picked":["Combust","Wild Strike"],"picked":"Flame Barrier","floor":18.0},{"not_picked":["Wild Strike","Flex","Rage"],"picked":"Singing Bowl","floor":23},{"not_picked":["Fire Breathing","Flex","Thunderclap"],"picked":"Singing Bowl","floor":25},{"not_picked":["Dual Wield","Whirlwind"],"picked":"Headbutt","floor":28},{"not_picked":["Combust","Wild Strike","True Grit"],"picked":"Singing Bowl","floor":30},{"not_picked":["Exhume","Sentinel","Spot Weakness"],"picked":"Singing Bowl","floor":31},{"not_picked":["Bludgeon","Double Tap"],"picked":"Limit Break","floor":33},{"not_picked":["Sentinel","True Grit+1"],"picked":"Warcry+1","floor":35},{"not_picked":["Twin Strike","Spot Weakness"],"picked":"Shrug It Off+1","floor":36},{"not_picked":["Clothesline+1","Flex","Anger"],"picked":"Singing Bowl","floor":37},{"not_picked":["Anger","Metallicize","Headbutt+1"],"picked":"Singing Bowl","floor":39},{"not_picked":["Burning Pact","Ghostly Armor"],"picked":"Battle Trance","floor":40},{"not_picked":["Double Tap","Dual Wield"],"picked":"Heavy Blade","floor":44},{"not_picked":["Shrug It Off+1","Seeing Red","Fire Breathing"],"picked":"Singing Bowl","floor":44},{"not_picked":["Heavy Blade+1","Feed","Power Through"],"picked":"Singing Bowl","floor":45},{"not_picked":["Headbutt","Clash","Wild Strike"],"picked":"Singing Bowl","floor":46},{"not_picked":["Bloodletting","Sword Boomerang","Flex+1"],"picked":"Singing Bowl","floor":47},{"not_picked":["Anger","Body Slam","Intimidate"],"picked":"Singing Bowl","floor":47},{"not_picked":["Searing Blow+1","Dropkick","True Grit"],"picked":"Singing Bowl","floor":48},{"not_picked":["Sentinel","Iron Wave+1","Double Tap"],"picked":"Singing Bowl","floor":55}],"player_experience":5433888,"relics_obtained":[{"floor":8.0,"key":"Singing Bowl"},{"floor":9.0,"key":"CeramicFish"},{"floor":13.0,"key":"Du-Vu Doll"},{"floor":20,"key":"Necronomicon"},{"floor":23,"key":"PreservedInsect"},{"floor":25,"key":"War Paint"},{"floor":26,"key":"Kunai"},{"floor":31,"key":"Self Forming Clay"},{"floor":40,"key":"Akabeko"},{"floor":40,"key":"Prayer Wheel"},{"floor":45,"key":"Pantograph"},{"floor":45,"key":"Bronze Scales"},{"floor":46,"key":"StoneCalendar"},{"floor":48,"key":"MealTicket"},{"floor":48,"key":"Ancient Tea Set"},{"floor":55,"key":"Boot"},{"floor":55,"key":"Whetstone"}],"event_choices":[{"damage_healed":0.0,"max_hp_gain":0.0,"max_hp_loss":0.0,"gold_gain":0.0,"event_name":"Scrap Ooze","player_choice":"Success","floor":3.0,"gold_loss":0.0,"damage_taken":5.0,"relics_obtained":["Toy Ornithopter"]},{"damage_healed":0.0,"max_hp_gain":0.0,"max_hp_loss":0.0,"gold_gain":0.0,"event_name":"Liars Game","player_choice":"Ignored","floor":4.0,"gold_loss":0.0,"damage_taken":0.0},{"cards_removed":["Strike_R"],"damage_healed":0.0,"max_hp_gain":0.0,"max_hp_loss":0.0,"gold_gain":0.0,"event_name":"Bonfire Elementals","player_choice":"Offered Basic","floor":7.0,"gold_loss":0.0,"damage_taken":0.0},{"damage_healed":0,"gold_gain":0,"player_choice":"Obtained Book","damage_taken":21,"max_hp_gain":0,"max_hp_loss":0,"event_name":"Cursed Tome","floor":20,"gold_loss":0},{"damage_healed":0,"gold_gain":0,"player_choice":"Ignored","damage_taken":0,"max_hp_gain":0,"max_hp_loss":0,"event_name":"Ghosts","floor":21,"gold_loss":0},{"damage_healed":0,"gold_gain":0,"player_choice":"Rummage","damage_taken":0,"relics_obtained":["WarpedTongs"],"max_hp_gain":0,"max_hp_loss":0,"event_name":"Accursed Blacksmith","floor":22,"gold_loss":0,"cards_obtained":["Pain"]},{"damage_healed":0,"gold_gain":0,"player_choice":"Paid","damage_taken":0,"relics_obtained":["Red Mask"],"max_hp_gain":0,"max_hp_loss":0,"event_name":"Tomb of Lord Red Mask","floor":42,"gold_loss":69},{"damage_healed":0,"gold_gain":0,"player_choice":"Fight","damage_taken":0,"max_hp_gain":0,"max_hp_loss":0,"event_name":"MindBloom","floor":46,"gold_loss":0}],"is_beta":false,"boss_relics":[{"not_picked":["Black Blood","Empty Cage"],"picked":"Sozu"},{"not_picked":["Runic Cube","Busted Crown"],"picked":"Black Star"}],"items_purged_floors":[2,27,38],"is_endless":false,"potions_floor_spawned":[1,5,8,16,28,30,31,33,35,37,39,47,48],"ascension_level":20}}