{"host":"lxu17chzujqn8whl","time":1614280642,"event":{"mods":["BaseMod","Minty Spire (QoL Compilation)","Relic Stats","StSLib"],"gold_per_floor":[116,131,144,195,214,290,290,290,290,290,306,339,339,367,367,464,464,479,23,223,148,164,192,192,192,246,259,184,201,201,219,219,314,314],"floor_reached":33,"language":"ENG","playtime":1340,"items_purged":["Strike_B"],"score":400,"play_id":"d330b0dd-63a1-4f8b-92a2-2dbaba190cad","local_time":"20210225111722","is_ascension_mode":false,"campfire_choices":[{"data":"Ball Lightning","floor":8.0,"key":"SMITH"},{"data":"Zap","floor":10.0,"key":"SMITH"},{"data":"Conserve Battery","floor":13.0,"key":"SMITH"},{"data":"Dualcast","floor":15,"key":"SMITH"},{"data":"Coolheaded","floor":25,"key":"SMITH"},{"floor":30,"key":"REST"},{"floor":32,"key":"REST"}],"circlet_count":0,"master_deck":["Strike_B+1","Strike_B+1","Defend_B","Defend_B","Defend_B","Defend_B","Zap+1","Dualcast+1","Ball Lightning+1","Streamline+1","Conserve Battery+1","Sweeping Beam+1","Sweeping Beam+1","Meteor Strike+1","Coolheaded+1","Cold Snap+1","Chill+1"],"relics":["Cracked Core","Molten Egg 2","Lizard Tail","Strawberry","Omamori","Velvet Choker","ClockworkSouvenir","Turnip","Ornamental Fan","Whetstone"],"acts_visited":["Exordium","TheCity"],"potions_floor_usage":[16,18,23,27],"damage_taken":[{"damage":1.0,"enemies":"Jaw Worm","floor":1.0,"turns":3.0},{"damage":1.0,"enemies":"2 Louse","floor":2.0,"turns":2.0},{"damage":1.0,"enemies":"Cultist","floor":3.0,"turns":3.0},{"damage":1.0,"enemies":"3 Louse","floor":5.0,"turns":3.0},{"damage":5.0,"enemies":"Looter","floor":11.0,"turns":3.0},{"damage":22.0,"enemies":"3 Sentries","floor":12.0,"turns":6.0},{"damage":14,"enemies":"Gremlin Nob","floor":14,"turns":3},{"damage":14,"enemies":"Slime Boss","floor":16,"turns":5},{"damage":8,"enemies":"2 Thieves","floor":18,"turns":3},{"damage":5,"enemies":"Spheric Guardian","floor":22,"turns":3},{"damage":8,"enemies":"Gremlin Leader","floor":23,"turns":6},{"damage":15,"enemies":"Snake Plant","floor":27,"turns":4},{"damage":21,"enemies":"Sentry and Sphere","floor":29,"turns":5},{"damage":8,"enemies":"3 Cultists","floor":31,"turns":4},{"damage":110,"enemies":"Champ","floor":33,"turns":12}],"seed_played":"997967025756875161","potions_obtained":[{"floor":2.0,"key":"Strength Potion"},{"floor":3.0,"key":"Energy Potion"},{"floor":12.0,"key":"ColorlessPotion"},{"floor":16,"key":"Block Potion"},{"floor":18,"key":"Regen Potion"},{"floor":22,"key":"SteroidPotion"},{"floor":29,"key":"Dexterity Potion"}],"is_trial":false,"path_per_floor":["M","M","M","?","M","T","?","R","T","R","M","E","R","E","R","B",null,"M","$","?","$","M","E","?","R","T","M","?","M","R","M","R","B"],"character_chosen":"DEFECT","items_purchased":["ClockworkSouvenir","Turnip"],"campfire_rested":2,"item_purchase_floors":[19,19],"current_hp_per_floor":[81,80,79,79,78,78,78,78,78,78,73,58,58,44,44,30,89,81,81,81,81,76,68,51,51,51,48,48,27,55,47,75,14,14],"gold":314,"neow_bonus":"TEN_PERCENT_HP_BONUS","is_daily":false,"chose_seed":false,"campfire_upgraded":5,"win_rate":0.0,"timestamp":1614280642,"path_taken":["M","M","M","?","M","?","?","R","T","R","M","E","R","E","R","BOSS","M","$","?","?","M","E","?","R","T","M","?","M","R","M","R","BOSS"],"items_purchased_type":["Relic","Relic"],"build_version":"2020-12-22","purchased_purges":1,"victory":false,"max_hp_per_floor":[82,82,82,82,82,82,82,82,82,82,82,89,89,89,89,89,89,89,89,89,89,89,89,94,94,94,94,94,94,94,94,94,94,94],"relic_stats":{"Lizard Tail":47,"counters":[15,65],"Ornamental Fan":[36],"Turnip":[16],"Whetstone":["Strike_B","Strike_B"],"obtain_stats":[{"Lizard Tail":9,"Ornamental Fan":23,"Strawberry":12,"Velvet Choker":17,"Molten Egg 2":6,"Turnip":19,"Omamori":14,"Whetstone":26,"Cracked Core":0,"ClockworkSouvenir":19},{"Lizard Tail":4,"Ornamental Fan":11,"Strawberry":6,"Velvet Choker":8,"Molten Egg 2":4,"Turnip":9,"Omamori":7,"Whetstone":11,"Cracked Core":0,"ClockworkSouvenir":9},{"Lizard Tail":11,"Ornamental Fan":40,"Strawberry":20,"Velvet Choker":28,"Molten Egg 2":11,"Turnip":31,"Omamori":23,"Whetstone":40,"Cracked Core":0,"ClockworkSouvenir":31}]},"card_choices":[{"not_picked":["Steam","Turbo"],"picked":"Ball Lightning","floor":1.0},{"not_picked":["Coolheaded","Ball Lightning"],"picked":"Streamline","floor":2.0},{"not_picked":["Loop","Stack","Darkness"],"picked":"SKIP","floor":3.0},{"not_picked":["Storm","Go for the Eyes","Static Discharge"],"picked":"SKIP","floor":5.0},{"not_picked":["Rip and Tear+1","Barrage+1"],"picked":"Conserve Battery","floor":11.0},{"not_picked":["Heatsinks","Storm"],"picked":"Sweeping Beam+1","floor":12.0},{"not_picked":["Genetic Algorithm","Reinforced Body"],"picked":"Sweeping Beam+1","floor":14},{"not_picked":["Rainbow","Fission"],"picked":"Meteor Strike+1","floor":16},{"not_picked":["Gash+1","Go for the Eyes+1","Rebound+1"],"picked":"SKIP","floor":18},{"not_picked":["Tempest","Gash+1"],"picked":"Coolheaded","floor":22},{"not_picked":["FTL+1","Rebound+1"],"picked":"Cold Snap+1","floor":23},{"not_picked":["Ball Lightning+1","Steam","Conserve Battery"],"picked":"SKIP","floor":27},{"not_picked":["Leap","Rebound+1","FTL+1"],"picked":"SKIP","floor":29},{"not_picked":["Loop","Tempest"],"picked":"Chill+1","floor":31}],"player_experience":739242,"relics_obtained":[{"floor":6.0,"key":"Molten Egg 2"},{"floor":9.0,"key":"Lizard Tail"},{"floor":12.0,"key":"Strawberry"},{"floor":14,"key":"Omamori"},{"floor":23,"key":"Ornamental Fan"},{"floor":26,"key":"Whetstone"}],"event_choices":[{"damage_healed":0.0,"max_hp_gain":0.0,"max_hp_loss":0.0,"gold_gain":51.0,"event_name":"Golden Wing","player_choice":"Gained Gold","floor":4.0,"gold_loss":0.0,"damage_taken":0.0},{"damage_healed":0.0,"max_hp_gain":0.0,"max_hp_loss":0.0,"gold_gain":0.0,"event_name":"Living Wall","player_choice":"Grow","floor":7.0,"gold_loss":0.0,"damage_taken":0.0,"cards_upgraded":["Streamline"]},{"damage_healed":0,"gold_gain":200,"player_choice":"Gold","damage_taken":0,"max_hp_gain":0,"max_hp_loss":0,"event_name":"Wheel of Change","floor":20,"gold_loss":0},{"damage_healed":0,"gold_gain":0,"player_choice":"Shed Blood","damage_taken":22,"max_hp_gain":5,"max_hp_loss":0,"event_name":"Forgotten Altar","floor":24,"gold_loss":0},{"cards_removed":["Strike_B"],"damage_healed":0,"gold_gain":0,"player_choice":"Gave Gold","damage_taken":0,"max_hp_gain":0,"max_hp_loss":0,"event_name":"Beggar","floor":28,"gold_loss":75}],"is_beta":false,"boss_relics":[{"not_picked":["Tiny House","Inserter"],"picked":"Velvet Choker"}],"items_purged_floors":[21],"is_endless":false,"potions_floor_spawned":[2,3,12,16,18,22,29],"killed_by":"Champ","ascension_level":0}}