{"host":"d52brwsy6af8zvaq","time":1614286065,"event":{"mods":["AchievementEnabler","BaseMod","Bestiary","Highlight Path","Minty Spire (QoL Compilation)","Quick Restart","Relic Stats","ojb\u0027s Better Paths Mod"],"gold_per_floor":[110,126,136,136,186,186,211,211,293,67,87,122,139,167,167,240,240,260,273,287,487,166,191,191,191,191],"floor_reached":25,"language":"ENG","playtime":818,"items_purged":["Strike_B","Strike_B"],"score":487,"play_id":"3fda2fe8-042c-44e1-8f93-7a096db13632","local_time":"20210225134745","is_ascension_mode":true,"campfire_choices":[{"data":"Doom and Gloom","floor":6.0,"key":"SMITH"},{"data":"Compile Driver","floor":8.0,"key":"SMITH"},{"data":"Defragment","floor":15.0,"key":"SMITH"},{"floor":24,"key":"REST"}],"circlet_count":0,"master_deck":["AscendersBane","Strike_B","Strike_B","Defend_B","Defend_B","Defend_B","Defend_B","Zap","Dualcast","Doom and Gloom+1","Coolheaded","BootSequence","Compile Driver+1","Static Discharge","FTL","Ball Lightning","Electrodynamics","Defragment+1","Go for the Eyes","Multi-Cast","Conserve Battery+1","Cold Snap","Coolheaded","Bandage Up","Steam","Capacitor"],"relics":["Cracked Core","Juzu Bracelet","Art of War","Odd Mushroom","SlaversCollar","Strawberry"],"acts_visited":["Exordium","TheCity"],"potions_floor_usage":[23,23],"damage_taken":[{"damage":1.0,"enemies":"Cultist","floor":1.0,"turns":3.0},{"damage":3.0,"enemies":"Small Slimes","floor":2.0,"turns":3.0},{"damage":0.0,"enemies":"2 Louse","floor":3.0,"turns":3.0},{"damage":32.0,"enemies":"3 Sentries","floor":7.0,"turns":9.0},{"damage":4.0,"enemies":"Lots of Slimes","floor":11.0,"turns":3.0},{"damage":8.0,"enemies":"Gremlin Nob","floor":12.0,"turns":3.0},{"damage":9.0,"enemies":"Red Slaver","floor":13.0,"turns":2.0},{"damage":0.0,"enemies":"The Mushroom Lair","floor":14.0,"turns":2.0},{"damage":31.0,"enemies":"The Guardian","floor":16.0,"turns":11.0},{"damage":19,"enemies":"2 Thieves","floor":18,"turns":3},{"damage":8,"enemies":"Spheric Guardian","floor":19,"turns":4},{"damage":19,"enemies":"Shelled Parasite and Fungi","floor":20,"turns":5},{"damage":20,"enemies":"Slavers","floor":23,"turns":3},{"damage":55,"enemies":"Book of Stabbing","floor":25,"turns":5}],"seed_played":"7338339406489139102","potions_obtained":[{"floor":1.0,"key":"FocusPotion"},{"floor":7.0,"key":"Weak Potion"},{"floor":13.0,"key":"PotionOfCapacity"},{"floor":14.0,"key":"Regen Potion"},{"floor":20,"key":"Swift Potion"},{"floor":23,"key":"Strength Potion"}],"is_trial":false,"path_per_floor":["M","M","M","?","?","R","E","R","T","$","M","E","M","?","R","B",null,"M","M","M","?","$","E","R","E"],"character_chosen":"DEFECT","items_purchased":["Static Discharge","FTL","Coolheaded","Bandage Up","Steam"],"campfire_rested":1,"item_purchase_floors":[10,10,22,22,22],"current_hp_per_floor":[70,67,67,72,72,72,40,40,40,40,36,28,19,19,19,3,63,44,36,17,17,17,8,35,0,0],"gold":191,"neow_bonus":"TEN_PERCENT_HP_BONUS","is_daily":false,"chose_seed":false,"campfire_upgraded":3,"win_rate":0.0,"timestamp":1614286065,"path_taken":["M","M","M","?","?","R","E","R","T","$","M","E","M","?","R","BOSS","M","M","M","?","$","E","R","E"],"items_purchased_type":["Card","Card","Card","Card","Card"],"build_version":"2020-12-22","purchased_purges":2,"victory":false,"max_hp_per_floor":[78,78,78,83,83,83,83,83,83,83,83,83,83,83,83,83,83,83,83,83,83,83,90,90,90,90],"relic_stats":{"counters":[14,59],"Juzu Bracelet":1,"Art of War":[5],"obtain_stats":[{"SlaversCollar":17,"Strawberry":23,"Juzu Bracelet":7,"Art of War":12,"Odd Mushroom":14,"Cracked Core":0},{"SlaversCollar":9,"Strawberry":13,"Juzu Bracelet":4,"Art of War":6,"Odd Mushroom":8,"Cracked Core":0},{"SlaversCollar":39,"Strawberry":54,"Juzu Bracelet":18,"Art of War":24,"Odd Mushroom":28,"Cracked Core":0}]},"card_choices":[{"not_picked":["Hologram","Stack"],"picked":"Doom and Gloom","floor":1.0},{"not_picked":["Blizzard","Streamline"],"picked":"Coolheaded","floor":2.0},{"not_picked":["Sweeping Beam","Compile Driver"],"picked":"BootSequence","floor":3.0},{"not_picked":["Streamline","Conserve Battery"],"picked":"Compile Driver","floor":7.0},{"not_picked":["Turbo","Double Energy"],"picked":"Ball Lightning","floor":11.0},{"not_picked":["Ball Lightning","Auto Shields"],"picked":"Electrodynamics","floor":12.0},{"not_picked":["Cold Snap","Conserve Battery"],"picked":"Defragment","floor":13.0},{"not_picked":["Redo","Blizzard"],"picked":"Go for the Eyes","floor":14.0},{"not_picked":["Hyperbeam","Reboot"],"picked":"Multi-Cast","floor":16.0},{"not_picked":["Steam","Turbo"],"picked":"Conserve Battery+1","floor":18},{"not_picked":["Hello World","Defragment"],"picked":"Cold Snap","floor":19},{"not_picked":["Gash+1","Consume","Sweeping Beam"],"picked":"SKIP","floor":20},{"not_picked":["Turbo","Melter"],"picked":"Capacitor","floor":23}],"player_experience":2371228,"relics_obtained":[{"floor":7.0,"key":"Juzu Bracelet"},{"floor":12.0,"key":"Art of War"},{"floor":14.0,"key":"Odd Mushroom"},{"floor":23,"key":"Strawberry"}],"event_choices":[{"damage_healed":0.0,"max_hp_gain":5.0,"max_hp_loss":0.0,"gold_gain":0.0,"event_name":"Big Fish","player_choice":"Donut","floor":4.0,"gold_loss":0.0,"damage_taken":0.0},{"damage_healed":0.0,"max_hp_gain":0.0,"max_hp_loss":0.0,"gold_gain":50.0,"event_name":"Golden Shrine","player_choice":"Pray","floor":5.0,"gold_loss":0.0,"damage_taken":0.0},{"damage_healed":0.0,"max_hp_gain":0.0,"max_hp_loss":0.0,"gold_gain":0.0,"event_name":"Mushrooms","player_choice":"Fought Mushrooms","floor":14.0,"gold_loss":0.0,"damage_taken":0.0},{"damage_healed":0,"gold_gain":250,"player_choice":"Bet on Owner","damage_taken":0,"max_hp_gain":0,"max_hp_loss":0,"event_name":"The Joust","floor":21,"gold_loss":50}],"is_beta":false,"boss_relics":[{"not_picked":["Busted Crown","Fusion Hammer"],"picked":"SlaversCollar"}],"items_purged_floors":[10,22],"is_endless":false,"potions_floor_spawned":[1,7,13,14,20,23],"killed_by":"Book of Stabbing","ascension_level":20}}