{"host":"coel31jtabpraq8l","time":1614219787,"event":{"mods":["BaseMod","Highlight Path","Minty Spire (QoL Compilation)","SuperFastMode"],"gold_per_floor":[115,115,115,290,290,290,310,310,310,83,83,108,142,102,102,228,228,243,243,258,276,96,96,140,140,192,219,249,276,288,318,330,342,342],"floor_reached":33,"language":"ENG","playtime":1931,"items_purged":["Doubt","Injury"],"score":305,"play_id":"5a23c571-3a38-4476-adcb-8dbbda28240c","local_time":"20210224212307","is_ascension_mode":true,"campfire_choices":[{"floor":6,"key":"REST"},{"data":"FollowUp","floor":8,"key":"SMITH"},{"data":"Judgement","floor":11,"key":"SMITH"},{"data":"Crescendo","floor":15,"key":"SMITH"},{"floor":23,"key":"REST"},{"floor":30,"key":"REST"},{"floor":32,"key":"REST"}],"circlet_count":0,"master_deck":["Strike_P","Strike_P","Strike_P","Defend_P","Defend_P","Defend_P","Defend_P","Eruption+1","Vigilance+1","CutThroughFate","FollowUp+1","Judgement+1","Crescendo+1","CurseOfTheBell","Adaptation","ThirdEye+1","MentalFortress","Devotion","Nirvana","Brilliance"],"relics":["PureWater","NeowsBlessing","Golden Idol","Bronze Scales","Gambling Chip","Thread and Needle","Calling Bell","Blood Vial","White Beast Statue","Turnip","Bag of Marbles","PreservedInsect","MawBank"],"acts_visited":["Exordium","TheCity"],"potions_floor_usage":[13,16,21,24,24,24,27,28,31,31,33],"damage_taken":[{"damage":0,"enemies":"2 Louse","floor":1,"turns":2},{"damage":0,"enemies":"Cultist","floor":7,"turns":1},{"damage":0,"enemies":"Jaw Worm","floor":12,"turns":1},{"damage":0,"enemies":"Gremlin Nob","floor":13,"turns":1},{"damage":30,"enemies":"Hexaghost","floor":16,"turns":7},{"damage":0,"enemies":"Spheric Guardian","floor":18,"turns":2},{"damage":0,"enemies":"3 Byrds","floor":20,"turns":3},{"damage":17,"enemies":"Snake Plant","floor":21,"turns":3},{"damage":25,"enemies":"Gremlin Leader","floor":24,"turns":4},{"damage":4,"enemies":"Centurion and Healer","floor":27,"turns":6},{"damage":14,"enemies":"3 Cultists","floor":28,"turns":6},{"damage":0,"enemies":"Sentry and Sphere","floor":29,"turns":4},{"damage":13,"enemies":"Snecko","floor":31,"turns":7},{"damage":113,"enemies":"Champ","floor":33,"turns":13}],"seed_played":"-1097340663901122130","potions_obtained":[{"floor":7,"key":"SkillPotion"},{"floor":14,"key":"PowerPotion"},{"floor":14,"key":"CultistPotion"},{"floor":14,"key":"Dexterity Potion"},{"floor":18,"key":"SteroidPotion"},{"floor":20,"key":"Regen Potion"},{"floor":21,"key":"DistilledChaos"},{"floor":24,"key":"FearPotion"},{"floor":27,"key":"PowerPotion"},{"floor":28,"key":"DistilledChaos"},{"floor":29,"key":"BlessingOfTheForge"},{"floor":31,"key":"Fire Potion"}],"is_trial":false,"path_per_floor":["M","?","?","?","T","R","M","R","T","$","R","M","E","?","R","B",null,"M","T","M","M","$","R","E","?","T","M","M","M","R","M","R","B"],"character_chosen":"WATCHER","items_purchased":["Judgement","MentalFortress"],"campfire_rested":4,"item_purchase_floors":[10,22],"current_hp_per_floor":[72,72,58,58,58,72,72,72,72,72,72,72,72,72,72,42,72,72,72,72,59,59,72,47,47,47,45,33,35,56,45,66,0,0],"gold":342,"neow_bonus":"THREE_ENEMY_KILL","is_daily":false,"chose_seed":false,"campfire_upgraded":3,"win_rate":0.0,"timestamp":1614219787,"path_taken":["M","?","?","?","?","R","M","R","T","?","R","?","E","?","R","BOSS","M","?","?","M","?","R","E","?","T","M","?","M","R","M","R","BOSS"],"items_purchased_type":["Card","Card"],"build_version":"2020-12-22","purchased_purges":2,"victory":false,"max_hp_per_floor":[72,72,72,72,72,72,72,72,72,72,72,72,72,72,72,72,72,72,72,72,72,72,72,72,72,72,72,72,72,72,72,72,72,72],"card_choices":[{"not_picked":["JustLucky","Crescendo"],"picked":"CutThroughFate","floor":1},{"not_picked":["EmptyFist","Prostrate"],"picked":"FollowUp","floor":7},{"not_picked":["EmptyBody","Prostrate","Collect"],"picked":"SKIP","floor":12},{"not_picked":["Wireheading","Protect"],"picked":"Crescendo","floor":13},{"not_picked":["PathToVictory","Meditate","Protect"],"picked":"SKIP","floor":18},{"not_picked":["Crescendo+1","Evaluate"],"picked":"Adaptation","floor":20},{"not_picked":["Protect+1","Crescendo+1"],"picked":"ThirdEye+1","floor":21},{"not_picked":["Establishment","Adaptation+1","SashWhip"],"picked":"SKIP","floor":24},{"not_picked":["Adaptation+1","Swivel+1"],"picked":"Nirvana","floor":27},{"not_picked":["JustLucky+1","Study+1","Evaluate+1"],"picked":"SKIP","floor":28},{"not_picked":["FlyingSleeves+1","BowlingBash+1","Wallop"],"picked":"SKIP","floor":29},{"not_picked":["Protect","Prostrate"],"picked":"Brilliance","floor":31}],"player_experience":639392,"relics_obtained":[{"floor":5,"key":"Bronze Scales"},{"floor":9,"key":"Gambling Chip"},{"floor":13,"key":"Thread and Needle"},{"floor":17,"key":"Blood Vial"},{"floor":17,"key":"White Beast Statue"},{"floor":17,"key":"Turnip"},{"floor":19,"key":"Bag of Marbles"},{"floor":24,"key":"PreservedInsect"},{"floor":26,"key":"MawBank"}],"event_choices":[{"damage_healed":0,"gold_gain":0,"player_choice":"Take Wound","damage_taken":0,"relics_obtained":["Golden Idol"],"max_hp_gain":0,"max_hp_loss":0,"event_name":"Golden Idol","floor":2,"gold_loss":0,"cards_obtained":["Injury"]},{"damage_healed":0,"gold_gain":0,"player_choice":"Entered Light","damage_taken":14,"max_hp_gain":0,"max_hp_loss":0,"event_name":"Shining Light","floor":3,"gold_loss":0,"cards_upgraded":["Vigilance","Eruption"]},{"damage_healed":0,"gold_gain":175,"player_choice":"AGREE","damage_taken":0,"max_hp_gain":0,"max_hp_loss":0,"event_name":"Liars Game","floor":4,"gold_loss":0,"cards_obtained":["Doubt"]},{"damage_healed":0,"gold_gain":0,"player_choice":"Bought 3 Potions","damage_taken":0,"max_hp_gain":0,"max_hp_loss":0,"event_name":"The Woman in Blue","floor":14,"gold_loss":0},{"damage_healed":0,"gold_gain":0,"cards_transformed":["Strike_P"],"player_choice":"Transformed","damage_taken":0,"max_hp_gain":0,"max_hp_loss":0,"event_name":"Transmorgrifier","floor":25,"gold_loss":0,"cards_obtained":["Devotion"]}],"is_beta":false,"boss_relics":[{"not_picked":["Astrolabe","VioletLotus"],"picked":"Calling Bell"}],"items_purged_floors":[10,22],"is_endless":false,"potions_floor_spawned":[7,18,20,21,24,27,28,29,31],"killed_by":"Champ","ascension_level":1}}