{"host":"ilhhjx796p2x2wmd","time":1614268798,"event":{"mods":["AchievementEnabler","BaseMod","BetterRewards","Colored Map","Colored Powertips","DeckTracker","Highlight Path","Minty Spire (QoL Compilation)","Permanent Neow","Rare Cards Sparkle","Shop Mod"],"gold_per_floor":[12,12,87,101,23,56,129,142,142,153,163,174,204,219,219,219,219],"floor_reached":16,"language":"KOR","playtime":385,"items_purged":[],"score":195,"play_id":"ee5cbdf8-d337-49c2-b122-4d1756f1b960","local_time":"20210226005958","is_ascension_mode":true,"campfire_choices":[{"floor":15,"key":"REST"}],"circlet_count":0,"master_deck":["Strike_G","Strike_G","Strike_G","Strike_G","Defend_G","Defend_G","Defend_G","Defend_G","Defend_G","Survivor","Neutralize","Die Die Die","Quick Slash","Backstab","Underhanded Strike","Footwork","Backflip","Sucker Punch+1","Calculated Gamble","Cloak And Dagger","Deadly Poison"],"relics":["Ring of the Snake","Matryoshka","Molten Egg 2","Bag of Marbles","Blood Vial"],"acts_visited":["Exordium"],"potions_floor_usage":[13],"damage_taken":[{"damage":0,"enemies":"Jaw Worm","floor":1,"turns":4},{"damage":0,"enemies":"2 Louse","floor":4,"turns":1},{"damage":47,"enemies":"Lagavulin","floor":6,"turns":9},{"damage":0,"enemies":"Small Slimes","floor":8,"turns":3},{"damage":0,"enemies":"3 Louse","floor":10,"turns":1},{"damage":3,"enemies":"Exordium Thugs","floor":11,"turns":5},{"damage":13,"enemies":"Large Slime","floor":12,"turns":4},{"damage":0,"enemies":"Gremlin Nob","floor":13,"turns":2},{"damage":0,"enemies":"Lots of Slimes","floor":14,"turns":1},{"damage":38,"enemies":"Slime Boss","floor":16,"turns":7}],"seed_played":"-5442925861888183200","potions_obtained":[{"floor":1,"key":"FairyPotion"},{"floor":8,"key":"FearPotion"},{"floor":12,"key":"Fire Potion"},{"floor":14,"key":"Dexterity Potion"}],"is_trial":false,"path_per_floor":["M","?","?","M","$","E","?","M","T","M","M","M","E","M","R","B"],"character_chosen":"THE_SILENT","items_purchased":["Footwork"],"campfire_rested":1,"item_purchase_floors":[5],"current_hp_per_floor":[63,63,52,52,52,5,5,5,5,5,2,11,11,13,34,0,0],"gold":219,"neow_bonus":"THREE_RARE_CARDS","is_daily":false,"chose_seed":false,"campfire_upgraded":0,"win_rate":0.0,"timestamp":1614268798,"path_taken":["M","?","?","M","$","E","?","M","T","M","?","M","E","M","R","BOSS"],"items_purchased_type":["Card"],"build_version":"2020-12-22","purchased_purges":0,"victory":false,"max_hp_per_floor":[70,70,70,70,70,70,70,70,70,70,70,70,70,70,70,70,70],"card_choices":[{"not_picked":["Bullet Time","Malaise"],"picked":"Die Die Die","floor":0},{"not_picked":["Prepared","Bane"],"picked":"Quick Slash","floor":1},{"not_picked":["Acrobatics","Dodge and Roll"],"picked":"Underhanded Strike","floor":4},{"not_picked":["Infinite Blades","Dodge and Roll"],"picked":"Backflip","floor":6},{"not_picked":["Skewer","Dodge and Roll","Slice"],"picked":"SKIP","floor":8},{"not_picked":["Prepared","Eviscerate+1"],"picked":"Sucker Punch+1","floor":10},{"not_picked":["Underhanded Strike+1","Blade Dance"],"picked":"Calculated Gamble","floor":11},{"not_picked":["Outmaneuver","Tools of the Trade","Blade Dance"],"picked":"SKIP","floor":12},{"not_picked":["Choke+1","Bullet Time"],"picked":"Cloak And Dagger","floor":13},{"not_picked":["Dagger Throw+1","Sucker Punch+1"],"picked":"Deadly Poison","floor":14}],"player_experience":365463,"relics_obtained":[{"floor":6,"key":"Matryoshka"},{"floor":9,"key":"Molten Egg 2"},{"floor":9,"key":"Bag of Marbles"},{"floor":13,"key":"Blood Vial"}],"event_choices":[{"damage_healed":0,"gold_gain":0,"cards_transformed":["Strike_G"],"player_choice":"Change","damage_taken":0,"max_hp_gain":0,"max_hp_loss":0,"event_name":"Living Wall","floor":2,"gold_loss":0,"cards_obtained":["Backstab"]},{"damage_healed":0,"gold_gain":75,"player_choice":"Gather Gold","damage_taken":11,"max_hp_gain":0,"max_hp_loss":0,"event_name":"World of Goop","floor":3,"gold_loss":0},{"damage_healed":0,"gold_gain":73,"player_choice":"Gained Gold","damage_taken":0,"max_hp_gain":0,"max_hp_loss":0,"event_name":"Golden Wing","floor":7,"gold_loss":0}],"is_beta":false,"boss_relics":[],"items_purged_floors":[],"is_endless":false,"potions_floor_spawned":[1,8,12,14],"killed_by":"Slime Boss","ascension_level":8}}