{"host":"1vqon1dbpr5c1qll","time":1614220718,"event":{"mods":["2.2 Compatiblity","AchievementEnabler","BaseMod","BetterRewards","Colored Map","Hermit","Highlight Path","Lobotomy","Minty Spire (QoL Compilation)","Permanent Neow","Quick Restart","Random Character Button","Replay The Spire","StSLib","SuperFastMode","The Cursed","The Servant 0.9.4","everything is the same but u backflip on backflip"],"gold_per_floor":[110,127,77,286,300,300,325,32,55,81,81,112,128,163,163,264,264,276,292,37,37,54,54,81,81,81,110,123,143,53,87,87,191,191,207,78,95,35,48,82,101,144,153,153,153,172,213,272,272,272],"floor_reached":51,"language":"KOR","playtime":2618,"items_purged":["Pain"],"score":1213,"play_id":"772041da-d4fc-4a68-99b4-6ea290f46599","local_time":"20210225113838","is_ascension_mode":true,"campfire_choices":[{"data":"TheCursedMod:FuryStrike","floor":6.0,"key":"SMITH"},{"data":"TheCursedMod:LuckyCharm","floor":15.0,"key":"SMITH"},{"data":"TheCursedMod:StunningStrike","floor":23.0,"key":"SMITH"},{"data":"TheCursedMod:CursedBlade","floor":25.0,"key":"SMITH"},{"data":"TheCursedMod:CursedRelics","floor":32.0,"key":"SMITH"},{"data":"TheCursedMod:CursedRelics","floor":44.0,"key":"SMITH"},{"data":"TheCursedMod:OutForBlood","floor":49,"key":"SMITH"}],"circlet_count":0,"master_deck":["TheCursedMod:Strike_TheCursed","TheCursedMod:Strike_TheCursed","TheCursedMod:Defend_TheCursed","TheCursedMod:Defend_TheCursed+1","TheCursedMod:Defend_TheCursed","TheCursedMod:CursedWand","TheCursedMod:CleanUpWorkshop","TheCursedMod:Dregs","TheCursedMod:FuryStrike+1","TheCursedMod:WearCloak","ReplayTheSpireMod:Splinters","TheCursedMod:CursedAmulet+1","TheCursedMod:Stigma","Pot Of Greed","Pot Of Greed","TheCursedMod:LuckyCharm+1","TheCursedMod:CursedBlade","TheCursedMod:StunningStrike","TheCursedMod:CircleOfFlame","TheCursedMod:StunningStrike","TheCursedMod:WearCloak","TheCursedMod:StunningStrike+1","TheCursedMod:CursedArmor","Pot Of Greed","TheCursedMod:CursedBlade+1","TheCursedMod:LuckyCharm+1","Sickly","TheCursedMod:CursedRelics+1","TheCursedMod:AbyssShockwave","TheCursedMod:CursedBlade+1","TheCursedMod:OutForBlood+1","TheCursedMod:CursedArmor+1","TheCursedMod:CursedBlade","TheCursedMod:SpitefulStrike","TheCursedMod:FleshFromBone","TheCursedMod:CursedShiv","Pot Of Greed","TheCursedMod:Hemoplague+1","TheCursedMod:CursedRelics+1","TheCursedMod:CursedMace+1","TheCursedMod:SoulCrush","Spreading Infection","TheCursedMod:CursedShiv+1","TheCursedMod:StunningStrike","TheCursedMod:CursedMace+1"],"relics":["TheCursedMod:BlackMagic101","Anchor","Grinning Jar","Snack Pack","War Paint","Torii","Toy Ornithopter","White Beast Statue","ReplayTheSpireMod:Ninjato","Cursed Key","OrangePellets","WarpedTongs","Replay:Bottled Steam","HornCleat","Pantograph","Du-Vu Doll","Akabeko","Black Star","Calipers","Meat on the Bone","CeramicFish","Bottled Lightning","Onion Ring","TheCursedMod:CrystalBall","Replay:Towering Pillar of Hats","TheCursedMod:MagicCandle"],"acts_visited":["Exordium","TheCity","TheBeyond"],"potions_floor_usage":[50,50,50],"damage_taken":[{"damage":0.0,"enemies":"2 Louse","floor":1.0,"turns":3.0},{"damage":0.0,"enemies":"Jaw Worm","floor":2.0,"turns":2.0},{"damage":1.0,"enemies":"Cultist","floor":5.0,"turns":3.0},{"damage":15.0,"enemies":"Replay:BlueRogue","floor":7.0,"turns":5.0},{"damage":0.0,"enemies":"Lagavulin","floor":10.0,"turns":6.0},{"damage":13.0,"enemies":"Gremlin Nob","floor":12.0,"turns":4.0},{"damage":0.0,"enemies":"Exordium Wildlife","floor":13.0,"turns":3.0},{"damage":0.0,"enemies":"Lagavulin","floor":14.0,"turns":5.0},{"damage":0.0,"enemies":"Hexaghost","floor":16.0,"turns":10.0},{"damage":0.0,"enemies":"2 Thieves","floor":18.0,"turns":4.0},{"damage":0.0,"enemies":"3 Byrds","floor":19.0,"turns":4.0},{"damage":2.0,"enemies":"3 Cultists","floor":22.0,"turns":5.0},{"damage":7.0,"enemies":"Replay:Snechameleon","floor":24.0,"turns":5.0},{"damage":4.0,"enemies":"Gremlin Leader","floor":27.0,"turns":4.0},{"damage":0.0,"enemies":"Shelled Parasite and Fungi","floor":28.0,"turns":2.0},{"damage":2.0,"enemies":"Snecko","floor":29.0,"turns":3.0},{"damage":6.0,"enemies":"Book of Stabbing","floor":31.0,"turns":2.0},{"damage":31.0,"enemies":"Automaton","floor":33.0,"turns":7.0},{"damage":0.0,"enemies":"Orb Walker","floor":35.0,"turns":1.0},{"damage":0.0,"enemies":"3 Darklings","floor":37.0,"turns":2.0},{"damage":0.0,"enemies":"Sphere and 2 Shapes","floor":39.0,"turns":2.0},{"damage":0.0,"enemies":"R_Hoarder","floor":40.0,"turns":5.0},{"damage":1.0,"enemies":"Jaw Worm Horde","floor":41.0,"turns":2.0},{"damage":0.0,"enemies":"Reptomancer","floor":42.0,"turns":3.0},{"damage":1.0,"enemies":"Maw","floor":46.0,"turns":5.0},{"damage":0.0,"enemies":"Nemesis","floor":47.0,"turns":3.0},{"damage":0.0,"enemies":"Mind Bloom Boss Battle","floor":48.0,"turns":4.0},{"damage":63,"enemies":"Replay:Hell Engine","floor":50,"turns":8}],"seed_played":"-2259926153744051678","potions_obtained":[{"floor":1.0,"key":"Fire Potion"},{"floor":13.0,"key":"LifebloodPotion"},{"floor":14.0,"key":"Strength Potion"},{"floor":16.0,"key":"Block Potion"},{"floor":18.0,"key":"Reflective Coating"},{"floor":19.0,"key":"Weak Potion"},{"floor":22.0,"key":"SpeedPotion"},{"floor":27.0,"key":"AttackPotion"},{"floor":28.0,"key":"FearPotion"},{"floor":29.0,"key":"Strength Potion"},{"floor":31.0,"key":"Venom Potion"},{"floor":33.0,"key":"Block Potion"},{"floor":35.0,"key":"Adrenaline Potion"},{"floor":39.0,"key":"SteroidPotion"},{"floor":40.0,"key":"Adrenaline Potion"},{"floor":42.0,"key":"PowerPotion"},{"floor":46.0,"key":"AttackPotion"},{"floor":47.0,"key":"SpeedPotion"}],"is_trial":false,"path_per_floor":["M","M","?","?","M","R","E","$","T","E","?","E","M","E","R","B",null,"M","M","$","?","M","R","E","R","T","E","M","M","?","E","R","B",null,"M","$","M","?","M","E","M","E","T","R","?","M","E","?","R","B",null],"character_chosen":"THE_CURSED","items_purchased":["Snack Pack","TheCursedMod:CursedBlade","OrangePellets","Fruit Juice","TheCursedMod:CursedBlade"],"campfire_rested":0,"item_purchase_floors":[8,8,20,20,36],"current_hp_per_floor":[75,75,75,75,74,74,59,59,59,63,63,57,57,61,61,75,75,75,75,80,80,80,80,77,77,77,80,80,78,78,80,80,51,80,80,80,80,80,80,80,80,80,80,80,80,79,80,80,80,33],"gold":272,"neow_bonus":"RANDOM_COMMON_RELIC","is_daily":false,"chose_seed":false,"campfire_upgraded":7,"win_rate":0.0,"timestamp":1614220718,"path_taken":["M","M","?","?","M","R","E","$","T","E","?","E","M","E","R","BOSS","M","M","?","?","M","R","E","R","T","E","?","M","?","E","R","BOSS","M","$","?","?","?","E","M","E","T","R","?","M","E","?","R","BOSS"],"items_purchased_type":["Relic","Card","Relic","Potion","Card"],"build_version":"2020-12-22","purchased_purges":1,"victory":true,"max_hp_per_floor":[75,75,75,75,75,75,75,75,75,75,75,75,75,75,75,75,75,75,75,80,80,80,80,80,80,80,80,80,80,80,80,80,80,80,80,80,80,80,80,80,80,80,80,80,80,80,80,80,80,80],"card_choices":[{"not_picked":["TheCursedMod:Torture","TheCursedMod:SpreadPlague"],"picked":"TheCursedMod:FuryStrike","floor":1.0},{"not_picked":["TheCursedMod:FleshFromBone","TheCursedMod:CursedBoomerang"],"picked":"TheCursedMod:WearCloak","floor":2.0},{"not_picked":["TheCursedMod:AshesToAshes","TheCursedMod:Obscuration"],"picked":"TheCursedMod:CursedAmulet","floor":4.0},{"not_picked":["TheCursedMod:FleshFromBone","TheCursedMod:SaltUponWound"],"picked":"TheCursedMod:Stigma","floor":5.0},{"not_picked":["TheCursedMod:ReleasedKnowledge","TheCursedMod:FleshFromBone"],"picked":"TheCursedMod:LuckyCharm","floor":7.0},{"not_picked":["TheCursedMod:Grudge","TheCursedMod:Wield"],"picked":"TheCursedMod:StunningStrike","floor":10.0},{"not_picked":["TheCursedMod:CursedMace","TheCursedMod:TacticalStrike"],"picked":"TheCursedMod:CircleOfFlame","floor":12.0},{"not_picked":["TheCursedMod:RavingStaff","TheCursedMod:CircleOfFlame"],"picked":"TheCursedMod:StunningStrike","floor":13.0},{"not_picked":["TheCursedMod:PrepareRite","TheCursedMod:TacticalStrike"],"picked":"TheCursedMod:WearCloak","floor":14.0},{"not_picked":["TheCursedMod:ManaCirculation","TheCursedMod:DemonicPact"],"picked":"TheCursedMod:StunningStrike","floor":16.0},{"not_picked":["TheCursedMod:FleshFromBone","TheCursedMod:CircleOfAmplification","TheCursedMod:PrepareRite"],"picked":"SKIP","floor":18.0},{"not_picked":["TheCursedMod:BloodBarrier","TheCursedMod:RavingStaff"],"picked":"TheCursedMod:CursedArmor","floor":19.0},{"not_picked":["TheCursedMod:CircleOfCorruption","TheCursedMod:Wield"],"picked":"TheCursedMod:CursedBlade","floor":22.0},{"not_picked":["TheCursedMod:CursedBlade","TheCursedMod:CircleOfFlame"],"picked":"TheCursedMod:LuckyCharm+1","floor":24.0},{"not_picked":["TheCursedMod:CursedBoomerang","TheCursedMod:Stigma"],"picked":"TheCursedMod:CursedRelics","floor":27.0},{"not_picked":["TheCursedMod:VitalStrike","TheCursedMod:Grudge+1"],"picked":"TheCursedMod:FuryStrike","floor":28.0},{"not_picked":["TheCursedMod:FleshFromBone","TheCursedMod:Stretching"],"picked":"TheCursedMod:AbyssShockwave","floor":29.0},{"not_picked":["TheCursedMod:SmokeScreen","TheCursedMod:HellfireBreathing"],"picked":"TheCursedMod:CursedBlade+1","floor":31.0},{"not_picked":["TheCursedMod:StunningStrike","TheCursedMod:NeowsMight"],"picked":"TheCursedMod:OutForBlood","floor":33.0},{"not_picked":["TheCursedMod:RapidMovement","TheCursedMod:RavingStaff"],"picked":"TheCursedMod:CursedArmor+1","floor":35.0},{"not_picked":["TheCursedMod:TacticalStrike+1","TheCursedMod:CursedShiv"],"picked":"TheCursedMod:SpitefulStrike","floor":37.0},{"not_picked":["TheCursedMod:TacticalStrike+1","TheCursedMod:Grudge+1"],"picked":"TheCursedMod:Hemoplague+1","floor":39.0},{"not_picked":["TheCursedMod:Obscuration","TheCursedMod:CursedAmulet"],"picked":"TheCursedMod:CursedRelics","floor":40.0},{"not_picked":["TheCursedMod:Obscuration+1","TheCursedMod:CursedSpellbook"],"picked":"TheCursedMod:CursedMace+1","floor":41.0},{"not_picked":["TheCursedMod:CircleOfAbyss","TheCursedMod:CircleOfFlame"],"picked":"TheCursedMod:SoulCrush","floor":42.0},{"not_picked":["TheCursedMod:Obscuration+1","TheCursedMod:SpitefulPlan+1"],"picked":"TheCursedMod:CursedShiv+1","floor":46.0},{"not_picked":["TheCursedMod:VitalStrike","TheCursedMod:SaltUponWound+1"],"picked":"TheCursedMod:StunningStrike","floor":47.0},{"not_picked":["TheCursedMod:SurpriseAttack","TheCursedMod:CursedBlade"],"picked":"TheCursedMod:CursedMace+1","floor":48.0}],"player_experience":1013927,"relics_obtained":[{"floor":7.0,"key":"Grinning Jar"},{"floor":9.0,"key":"War Paint"},{"floor":10.0,"key":"Torii"},{"floor":11.0,"key":"Toy Ornithopter"},{"floor":12.0,"key":"White Beast Statue"},{"floor":14.0,"key":"ReplayTheSpireMod:Ninjato"},{"floor":24.0,"key":"Replay:Bottled Steam"},{"floor":26.0,"key":"HornCleat"},{"floor":27.0,"key":"Pantograph"},{"floor":31.0,"key":"Akabeko"},{"floor":40.0,"key":"Calipers"},{"floor":40.0,"key":"Meat on the Bone"},{"floor":42.0,"key":"CeramicFish"},{"floor":42.0,"key":"Bottled Lightning"},{"floor":43.0,"key":"Onion Ring"},{"floor":47.0,"key":"TheCursedMod:CrystalBall"},{"floor":47.0,"key":"Replay:Towering Pillar of Hats"},{"floor":48.0,"key":"TheCursedMod:MagicCandle"}],"event_choices":[{"cards_removed":["TheCursedMod:Defend_TheCursed"],"damage_healed":0.0,"max_hp_gain":0.0,"max_hp_loss":0.0,"gold_gain":0.0,"event_name":"The Cleric","player_choice":"Card Removal","floor":3.0,"gold_loss":50.0,"damage_taken":0.0},{"damage_healed":0.0,"max_hp_gain":0.0,"max_hp_loss":0.0,"gold_gain":0.0,"event_name":"Wheel of Change","player_choice":"Relic","floor":11.0,"gold_loss":0.0,"damage_taken":0.0},{"damage_healed":0.0,"max_hp_gain":0.0,"max_hp_loss":0.0,"gold_gain":0.0,"event_name":"Accursed Blacksmith","player_choice":"Rummage","floor":21.0,"gold_loss":0.0,"damage_taken":0.0,"relics_obtained":["WarpedTongs"],"cards_obtained":["Pain"]},{"damage_healed":0.0,"max_hp_gain":0.0,"max_hp_loss":0.0,"gold_gain":0.0,"event_name":"WeMeetAgain","player_choice":"Paid Gold","floor":30.0,"gold_loss":90.0,"damage_taken":0.0,"relics_obtained":["Du-Vu Doll"]},{"damage_healed":0.0,"max_hp_gain":0.0,"max_hp_loss":0.0,"gold_gain":0.0,"cards_transformed":["TheCursedMod:Strike_TheCursed","TheCursedMod:Strike_TheCursed"],"event_name":"Designer","player_choice":"Transformed Cards","floor":38.0,"gold_loss":60.0,"damage_taken":0.0,"cards_obtained":["TheCursedMod:FleshFromBone","TheCursedMod:CursedShiv"]},{"cards_removed":["TheCursedMod:FuryStrike"],"damage_healed":0.0,"max_hp_gain":0.0,"max_hp_loss":0.0,"gold_gain":0.0,"event_name":"Falling","player_choice":"Removed Attack","floor":45.0,"gold_loss":0.0,"damage_taken":0.0},{"damage_healed":0.0,"max_hp_gain":0.0,"max_hp_loss":0.0,"gold_gain":0.0,"event_name":"MindBloom","player_choice":"Fight","floor":48.0,"gold_loss":0.0,"damage_taken":0.0}],"is_beta":false,"boss_relics":[{"not_picked":["Calling Bell","Fusion Hammer"],"picked":"Cursed Key"},{"not_picked":["Replay:Drink Me","ChewingGum"],"picked":"Black Star"}],"items_purged_floors":[36],"is_endless":false,"potions_floor_spawned":[1,13,14,16,18,19,22,24,27,28,29,31,33,35,37,39,40,41,42,46,47,48],"ascension_level":4}}