{"host":"uv5ws9rdk87e8i5k","time":1614272033,"event":{"mods":["AchievementEnabler","BaseMod","Colored Map","Minty Spire (QoL Compilation)","Permanent Neow","Quick Restart","StSLib","SuperFastMode","The Necromancer","The Saiyan"],"gold_per_floor":[366,39,39,50,60,87,87,117,117,117,38,56,56,56],"floor_reached":13,"language":"ENG","playtime":231,"items_purged":[],"score":93,"play_id":"72af2f7e-4802-486b-8aa7-f512303c847f","local_time":"20210225105353","is_ascension_mode":false,"campfire_choices":[{"data":"Catalyst","floor":7.0,"key":"SMITH"},{"data":"1","floor":10,"key":"LIFT"}],"circlet_count":0,"master_deck":["Strike_G","Strike_G","Strike_G","Strike_G","Strike_G","Defend_G","Defend_G","Defend_G","Defend_G","Defend_G","Survivor","Neutralize","Escape Plan","Quick Slash+1","Poisoned Stab","Catalyst+1","Escape Plan","Escape Plan","Backflip","Blade Dance","Die Die Die","Choke","Deadly Poison"],"relics":["Ring of the Snake","Prayer Wheel","Girya","Darkstone Periapt","Shuriken"],"acts_visited":["Exordium"],"potions_floor_usage":[8],"damage_taken":[{"damage":1.0,"enemies":"Cultist","floor":1.0,"turns":4.0},{"damage":0.0,"enemies":"2 Louse","floor":4.0,"turns":2.0},{"damage":0.0,"enemies":"Small Slimes","floor":5.0,"turns":2.0},{"damage":15.0,"enemies":"Lagavulin","floor":6.0,"turns":10.0},{"damage":30,"enemies":"Gremlin Nob","floor":8,"turns":4},{"damage":4,"enemies":"3 Louse","floor":12,"turns":4},{"damage":18,"enemies":"Lagavulin","floor":13,"turns":2}],"seed_played":"-5383811539747604544","potions_obtained":[{"floor":1.0,"key":"GamblersBrew"},{"floor":5.0,"key":"CunningPotion"}],"is_trial":false,"path_per_floor":["M","$","?","M","M","E","R","E","T","R","$","M","E"],"character_chosen":"THE_SILENT","items_purchased":["Prayer Wheel","Quick Slash","Die Die Die"],"campfire_rested":0,"item_purchase_floors":[2,2,11],"current_hp_per_floor":[62,62,62,62,62,47,47,17,17,17,17,13,0,0],"gold":56,"neow_bonus":"TWO_FIFTY_GOLD","is_daily":false,"chose_seed":false,"campfire_upgraded":1,"win_rate":0.0,"timestamp":1614272033,"path_taken":["M","$","?","M","M","E","R","E","T","R","$","M","E"],"items_purchased_type":["Relic","Card","Card"],"build_version":"2020-12-22","purchased_purges":0,"victory":false,"max_hp_per_floor":[63,63,63,63,63,63,63,63,63,63,63,63,63,63],"card_choices":[{"not_picked":["Underhanded Strike","PiercingWail"],"picked":"Escape Plan","floor":1.0},{"not_picked":["Acrobatics","Backflip"],"picked":"Poisoned Stab","floor":4.0},{"not_picked":["Poisoned Stab","Sucker Punch"],"picked":"Catalyst","floor":4.0},{"not_picked":["Riddle With Holes","Quick Slash"],"picked":"Escape Plan","floor":5.0},{"not_picked":["Dagger Spray","Dagger Throw"],"picked":"Escape Plan","floor":5.0},{"not_picked":["Leg Sweep","Heel Hook"],"picked":"Backflip","floor":6.0},{"not_picked":["Heel Hook","Caltrops"],"picked":"Blade Dance","floor":8},{"not_picked":["PiercingWail","Bane"],"picked":"Choke","floor":12},{"not_picked":["Acrobatics","Cloak And Dagger"],"picked":"Deadly Poison","floor":12}],"player_experience":237787,"relics_obtained":[{"floor":6.0,"key":"Girya"},{"floor":8,"key":"Darkstone Periapt"},{"floor":9,"key":"Shuriken"}],"event_choices":[{"damage_healed":0.0,"max_hp_gain":0.0,"max_hp_loss":0.0,"gold_gain":0.0,"event_name":"Upgrade Shrine","player_choice":"Upgraded","floor":3.0,"gold_loss":0.0,"damage_taken":0.0,"cards_upgraded":["Quick Slash"]}],"is_beta":false,"boss_relics":[],"items_purged_floors":[],"is_endless":false,"potions_floor_spawned":[1,5],"killed_by":"Lagavulin","ascension_level":0}}