{"host":"00f1p9ihhzi7hxfk","time":1614260320,"event":{"mods":["AchievementEnabler","BaseMod","Colored Map","Colored Powertips","Minty Spire (QoL Compilation)","Rare Cards Sparkle","Relic Stats"],"gold_per_floor":[113,131,131,131,144,144,167,210,210,210,231,256,281,456,456,456,456],"floor_reached":16,"language":"DEU","playtime":579,"items_purged":[],"score":104,"play_id":"2ee5a495-5f5f-47e4-8959-ecfb9a976498","local_time":"20210225143840","is_ascension_mode":false,"campfire_choices":[{"data":"Cleave","floor":6,"key":"SMITH"},{"floor":10,"key":"REST"},{"floor":15,"key":"REST"}],"circlet_count":0,"master_deck":["Strike_R","Strike_R","Strike_R","Strike_R","Strike_R","Defend_R","Defend_R","Defend_R","Defend_R","Bash","Shockwave","Sword Boomerang","Cleave+1","Carnage","Pommel Strike","Sword Boomerang+1","Cleave+1","Flame Barrier","Doubt"],"relics":["Burning Blood","Golden Idol","Shuriken","Molten Egg 2"],"acts_visited":["Exordium"],"potions_floor_usage":[5],"damage_taken":[{"damage":0,"enemies":"Small Slimes","floor":1,"turns":3},{"damage":10,"enemies":"2 Louse","floor":2,"turns":3},{"damage":11,"enemies":"Jaw Worm","floor":5,"turns":4},{"damage":4,"enemies":"2 Fungi Beasts","floor":7,"turns":2},{"damage":31,"enemies":"3 Sentries","floor":8,"turns":5},{"damage":21,"enemies":"Blue Slaver","floor":11,"turns":4},{"damage":14,"enemies":"3 Louse","floor":12,"turns":3},{"damage":15,"enemies":"Looter","floor":13,"turns":3},{"damage":85,"enemies":"Hexaghost","floor":16,"turns":13}],"seed_played":"287106610787986524","potions_obtained":[{"floor":0,"key":"Dexterity Potion"},{"floor":0,"key":"FairyPotion"},{"floor":0,"key":"BloodPotion"},{"floor":5,"key":"LiquidBronze"},{"floor":12,"key":"SpeedPotion"}],"is_trial":false,"path_per_floor":["M","M","?","?","M","R","M","E","T","R","M","M","M","?","R","B"],"character_chosen":"IRONCLAD","items_purchased":[],"campfire_rested":2,"item_purchase_floors":[],"current_hp_per_floor":[80,76,80,74,74,74,74,49,49,71,56,48,39,39,61,0,0],"gold":456,"neow_bonus":"THREE_SMALL_POTIONS","is_daily":false,"chose_seed":false,"campfire_upgraded":1,"win_rate":0.0,"timestamp":1614260320,"path_taken":["M","M","?","?","M","R","M","E","T","R","M","M","M","?","R","BOSS"],"items_purchased_type":[],"build_version":"2020-12-22","purchased_purges":0,"victory":false,"max_hp_per_floor":[80,80,80,74,74,74,74,74,74,74,74,74,74,74,74,74,74],"relic_stats":{"counters":[9,40],"Golden Idol":31,"Shuriken":[5],"obtain_stats":[{"Golden Idol":4,"Shuriken":8,"Molten Egg 2":9,"Burning Blood":0},{"Golden Idol":2,"Shuriken":5,"Molten Egg 2":5,"Burning Blood":0},{"Golden Idol":6,"Shuriken":17,"Molten Egg 2":17,"Burning Blood":0}],"Burning Blood":40},"card_choices":[{"not_picked":["Pommel Strike","Clothesline"],"picked":"Shockwave","floor":1},{"not_picked":["Anger","Perfected Strike"],"picked":"Sword Boomerang","floor":2},{"not_picked":["Iron Wave","Dual Wield"],"picked":"Cleave","floor":5},{"not_picked":["Headbutt","Reckless Charge"],"picked":"Carnage","floor":7},{"not_picked":["Rupture","Feel No Pain"],"picked":"Pommel Strike","floor":8},{"not_picked":["Dark Embrace","Corruption"],"picked":"Sword Boomerang+1","floor":11},{"not_picked":["Rage","Perfected Strike+1"],"picked":"Cleave+1","floor":12},{"not_picked":["Warcry","Cleave+1"],"picked":"Flame Barrier","floor":13}],"player_experience":126337,"relics_obtained":[{"floor":8,"key":"Shuriken"},{"floor":9,"key":"Molten Egg 2"}],"event_choices":[{"damage_healed":26,"gold_gain":0,"player_choice":"Banana","damage_taken":0,"max_hp_gain":0,"max_hp_loss":0,"event_name":"Big Fish","floor":3,"gold_loss":0},{"damage_healed":0,"gold_gain":0,"player_choice":"Lose Max HP","damage_taken":0,"relics_obtained":["Golden Idol"],"max_hp_gain":0,"max_hp_loss":6,"event_name":"Golden Idol","floor":4,"gold_loss":0},{"damage_healed":0,"gold_gain":175,"player_choice":"AGREE","damage_taken":0,"max_hp_gain":0,"max_hp_loss":0,"event_name":"Liars Game","floor":14,"gold_loss":0,"cards_obtained":["Doubt"]}],"is_beta":false,"boss_relics":[],"items_purged_floors":[],"is_endless":false,"potions_floor_spawned":[2,5,12],"killed_by":"Hexaghost","ascension_level":0}}