{"host":"m0bekkrd201b63ug","time":1614255666,"event":{"mods":["AchievementEnabler","BaseMod","Colored Powertips","Highlight Path","Minty Spire (QoL Compilation)","Rare Cards Sparkle","StSLib","SuperFastMode","everything is the same but u backflip on backflip","slay the spire mod where everything is the same but ironclad has a cowboy hat"],"gold_per_floor":[110,125,125,125,137,137,157,157,184,200,234,234,244,256,256,356,356,372,372,15,15,30,30,60,76,76,76,76,76],"floor_reached":28,"language":"ENG","playtime":970,"items_purged":["Strike_B"],"score":372,"play_id":"e9eab210-2142-4436-b98f-ceb9d35d6755","local_time":"20210225092106","is_ascension_mode":true,"campfire_choices":[{"data":"Loop","floor":6.0,"key":"SMITH"},{"floor":8.0,"key":"REST"},{"data":"Undo","floor":12.0,"key":"SMITH"},{"floor":15.0,"key":"REST"},{"data":"Defragment","floor":23,"key":"SMITH"},{"floor":27,"key":"REST"}],"circlet_count":0,"master_deck":["AscendersBane","Strike_B","Strike_B","Defend_B","Defend_B","Defend_B","Zap","Dualcast","Static Discharge+1","Coolheaded","Loop+1","Machine Learning","Undo+1","Defragment+1","Echo Form","Hologram","Streamline","Rip and Tear","Defragment"],"relics":["FrozenCore","Smiling Mask","Potion Belt","Kunai","MutagenicStrength","FossilizedHelix","Toxic Egg 2"],"acts_visited":["Exordium","TheCity"],"potions_floor_usage":[25,25],"damage_taken":[{"damage":0.0,"enemies":"Cultist","floor":1.0,"turns":3.0},{"damage":0.0,"enemies":"2 Louse","floor":2.0,"turns":2.0},{"damage":11.0,"enemies":"Small Slimes","floor":5.0,"turns":2.0},{"damage":9.0,"enemies":"Exordium Wildlife","floor":7.0,"turns":4.0},{"damage":7.0,"enemies":"2 Fungi Beasts","floor":10.0,"turns":3.0},{"damage":20.0,"enemies":"3 Sentries","floor":11.0,"turns":5.0},{"damage":14.0,"enemies":"3 Louse","floor":13.0,"turns":7.0},{"damage":9.0,"enemies":"Exordium Wildlife","floor":14.0,"turns":6.0},{"damage":13.0,"enemies":"Hexaghost","floor":16.0,"turns":12.0},{"damage":5.0,"enemies":"Shell Parasite","floor":18.0,"turns":9.0},{"damage":9,"enemies":"3 Byrds","floor":22,"turns":2},{"damage":29,"enemies":"Book of Stabbing","floor":24,"turns":7},{"damage":14,"enemies":"Centurion and Healer","floor":25,"turns":8},{"damage":34,"enemies":"3 Cultists","floor":28,"turns":4}],"seed_played":"-1694682251773158691","potions_obtained":[{"floor":2.0,"key":"Weak Potion"},{"floor":5.0,"key":"Explosive Potion"},{"floor":18,"key":"Swift Potion"},{"floor":24,"key":"SpeedPotion"}],"is_trial":false,"path_per_floor":["M","M","?","?","M","R","M","R","T","M","E","R","M","M","R","B",null,"M","?","$","?","M","R","E","M","T","R","M"],"character_chosen":"DEFECT","items_purchased":["Kunai","Streamline"],"campfire_rested":3,"item_purchase_floors":[20,20],"current_hp_per_floor":[50,50,50,50,39,39,30,52,52,45,25,25,11,2,24,11,59,54,54,54,54,45,45,16,2,2,24,0,0],"gold":76,"neow_bonus":"REMOVE_TWO","is_daily":false,"chose_seed":false,"campfire_upgraded":3,"win_rate":0.0,"timestamp":1614255666,"path_taken":["M","M","?","?","M","R","?","R","T","M","E","R","M","M","R","BOSS","M","?","$","?","M","R","E","M","T","R","M"],"items_purchased_type":["Relic","Card"],"build_version":"2020-12-22","purchased_purges":1,"victory":false,"max_hp_per_floor":[75,75,75,75,75,75,75,75,75,75,75,75,75,75,75,75,75,75,75,75,75,75,75,75,75,75,75,75,75],"card_choices":[{"not_picked":["Stack","Recycle"],"picked":"Static Discharge","floor":1.0},{"not_picked":["Self Repair","Aggregate"],"picked":"Coolheaded","floor":2.0},{"not_picked":["Go for the Eyes","Barrage"],"picked":"Loop","floor":5.0},{"not_picked":["Barrage","Turbo"],"picked":"Machine Learning","floor":7.0},{"not_picked":["Gash","Stack"],"picked":"Undo","floor":10.0},{"not_picked":["Aggregate","Gash","Compile Driver"],"picked":"SKIP","floor":11.0},{"not_picked":["Conserve Battery","Coolheaded"],"picked":"Defragment","floor":13.0},{"not_picked":["Heatsinks","Stack","Gash"],"picked":"SKIP","floor":14.0},{"not_picked":["Machine Learning","Creative AI"],"picked":"Echo Form","floor":16.0},{"not_picked":["Auto Shields","Stack","Hologram"],"picked":"SKIP","floor":18},{"not_picked":["Auto Shields","Stack"],"picked":"Hologram","floor":18},{"not_picked":["Gash+1","Chill"],"picked":"Rip and Tear","floor":22},{"not_picked":["Redo+1","Chaos"],"picked":"Defragment","floor":24},{"not_picked":["Barrage","Go for the Eyes","Redo"],"picked":"SKIP","floor":25}],"player_experience":301854,"relics_obtained":[{"floor":9.0,"key":"Smiling Mask"},{"floor":11.0,"key":"Potion Belt"},{"floor":24,"key":"FossilizedHelix"},{"floor":26,"key":"Toxic Egg 2"}],"event_choices":[{"damage_healed":0.0,"max_hp_gain":0.0,"max_hp_loss":0.0,"gold_gain":0.0,"event_name":"Liars Game","player_choice":"Ignored","floor":3.0,"gold_loss":0.0,"damage_taken":0.0},{"damage_healed":0.0,"max_hp_gain":0.0,"max_hp_loss":0.0,"gold_gain":0.0,"event_name":"Upgrade Shrine","player_choice":"Upgraded","floor":4.0,"gold_loss":0.0,"damage_taken":0.0,"cards_upgraded":["Static Discharge"]},{"damage_healed":0,"gold_gain":0,"player_choice":"Ignored","damage_taken":0,"max_hp_gain":0,"max_hp_loss":0,"event_name":"Ghosts","floor":19,"gold_loss":0},{"damage_healed":0,"gold_gain":0,"player_choice":"Inject Mutagens","damage_taken":0,"relics_obtained":["MutagenicStrength"],"max_hp_gain":0,"max_hp_loss":0,"event_name":"Drug Dealer","floor":21,"gold_loss":0}],"is_beta":false,"boss_relics":[{"not_picked":["Coffee Dripper","Sozu"],"picked":"FrozenCore"}],"items_purged_floors":[20],"is_endless":false,"potions_floor_spawned":[2,5,10,18,24],"killed_by":"3 Cultists","ascension_level":11}}