{"host":"qgrlfjrqk9z96gfi","time":1614296070,"event":{"mods":["BaseMod","Block Reminder","Colored Map","Custom Start","DeckTracker","Minty Spire (QoL Compilation)"],"gold_per_floor":[118,134,134,34,47,47,85,108,108,128,142,142,177,190,190,190,190],"floor_reached":16,"language":"ENG","playtime":565,"items_purged":[],"score":228,"play_id":"994e923d-3f5b-4258-ac6d-f32ff7c1e891","local_time":"20210225133430","is_ascension_mode":true,"campfire_choices":[{"data":"Footwork","floor":6,"key":"SMITH"},{"floor":12,"key":"REST"},{"floor":15,"key":"REST"}],"circlet_count":0,"master_deck":["AscendersBane","Strike_G","Strike_G","Strike_G","Strike_G","Strike_G","Defend_G","Defend_G","Defend_G","Defend_G","Defend_G","Survivor","Neutralize","Dash","Quick Slash","Footwork+1","Riddle With Holes","Flying Knee","Cloak And Dagger","Blur","Crippling Poison"],"relics":["Ring of the Snake","Golden Idol","White Beast Statue","Mummified Hand","Pen Nib"],"acts_visited":["Exordium"],"potions_floor_usage":[7,10,11,16],"damage_taken":[{"damage":8,"enemies":"Small Slimes","floor":1,"turns":5},{"damage":1,"enemies":"2 Louse","floor":2,"turns":3},{"damage":4,"enemies":"Jaw Worm","floor":5,"turns":6},{"damage":24,"enemies":"Gremlin Nob","floor":7,"turns":4},{"damage":0,"enemies":"Looter","floor":8,"turns":4},{"damage":17,"enemies":"Gremlin Gang","floor":10,"turns":5},{"damage":19,"enemies":"Large Slime","floor":11,"turns":8},{"damage":26,"enemies":"3 Sentries","floor":13,"turns":9},{"damage":1,"enemies":"3 Louse","floor":14,"turns":4},{"damage":31,"enemies":"The Guardian","floor":16,"turns":12}],"seed_played":"-3946626976439161771","potions_obtained":[{"floor":1,"key":"FearPotion"},{"floor":8,"key":"Regen Potion"},{"floor":10,"key":"Regen Potion"},{"floor":11,"key":"SneckoOil"},{"floor":13,"key":"Weak Potion"},{"floor":14,"key":"Explosive Potion"}],"is_trial":false,"path_per_floor":["M","M","?","$","M","R","E","M","T","M","M","R","E","M","R","B"],"character_chosen":"THE_SILENT","items_purchased":["Quick Slash","Footwork"],"campfire_rested":2,"item_purchase_floors":[4,4],"current_hp_per_floor":[48,47,47,47,43,43,19,19,19,16,12,33,7,6,27,0,0],"gold":190,"neow_bonus":"TWENTY_PERCENT_HP_BONUS","is_daily":false,"chose_seed":false,"campfire_upgraded":1,"win_rate":0.0,"timestamp":1614296070,"path_taken":["M","M","?","$","M","R","E","M","T","M","M","R","E","M","R","BOSS"],"items_purchased_type":["Card","Card"],"build_version":"2020-12-22","purchased_purges":0,"victory":false,"max_hp_per_floor":[78,78,71,71,71,71,71,71,71,71,71,71,71,71,71,71,71],"card_choices":[{"not_picked":["Caltrops","Outmaneuver","Acrobatics"],"picked":"SKIP","floor":1},{"not_picked":["Deflect","PiercingWail"],"picked":"Dash","floor":2},{"not_picked":["Deadly Poison","Outmaneuver"],"picked":"Riddle With Holes","floor":5},{"not_picked":["Tactician","Outmaneuver"],"picked":"Flying Knee","floor":7},{"not_picked":["Concentrate","Acrobatics","Catalyst"],"picked":"SKIP","floor":8},{"not_picked":["Flying Knee","Grand Finale"],"picked":"Cloak And Dagger","floor":10},{"not_picked":["Sucker Punch","Eviscerate","Concentrate"],"picked":"SKIP","floor":11},{"not_picked":["Cloak And Dagger","Dagger Throw"],"picked":"Blur","floor":13},{"not_picked":["Quick Slash","Flying Knee"],"picked":"Crippling Poison","floor":14}],"player_experience":1195821,"relics_obtained":[{"floor":7,"key":"White Beast Statue"},{"floor":9,"key":"Mummified Hand"},{"floor":13,"key":"Pen Nib"}],"event_choices":[{"damage_healed":0,"gold_gain":0,"player_choice":"Lose Max HP","damage_taken":0,"relics_obtained":["Golden Idol"],"max_hp_gain":0,"max_hp_loss":7,"event_name":"Golden Idol","floor":3,"gold_loss":0}],"is_beta":false,"boss_relics":[],"items_purged_floors":[],"is_endless":false,"potions_floor_spawned":[1,8,10,11,13,14],"killed_by":"The Guardian","ascension_level":20}}