{"host":"d744ndivyohnro60","time":1614227294,"event":{"mods":["BaseMod","Bestiary","Colored Powertips","Minty Spire (QoL Compilation)","Relic Stats"],"gold_per_floor":[99,24,24,24,24,24,24,24,24,24,24,24,24,24,24,24,24,24,24,24,24,24,24,24,24,24,24,24,24,24,24,24,24,24,24,24,24,24,24,24,24,24,24,24,24,24],"floor_reached":45,"language":"ENG","playtime":1722,"items_purged":["Strike_B"],"score":734,"play_id":"bb408f36-cd71-4ac7-a4f1-b69894ce06db","local_time":"20210224232814","is_ascension_mode":true,"campfire_choices":[{"data":"Dualcast","floor":6,"key":"SMITH"},{"floor":10,"key":"REST"},{"floor":15,"key":"REST"},{"data":"Sunder","floor":23,"key":"SMITH"},{"floor":25,"key":"REST"},{"floor":30,"key":"REST"},{"data":"White Noise","floor":32,"key":"SMITH"}],"circlet_count":0,"master_deck":["Strike_B+1","Strike_B+1","Defend_B+1","Defend_B+1","Defend_B+1","Zap","Dualcast+1","Ball Lightning+1","Turbo","Streamline","Consume","Aggregate","Sunder+1","Cold Snap","Creative AI","Cold Snap+1","Stack+1","Chill","Darkness","White Noise+1","Thunder Strike","Streamline","Writhe","Heatsinks","Coolheaded+1","Rebound+1","Defragment","Double Energy"],"relics":["Ectoplasm","Whetstone","Art of War","Mercury Hourglass","Bottled Flame","Inserter","Gremlin Horn","Darkstone Periapt","Pen Nib","Letter Opener","Nuclear Battery","Cables","Frozen Egg 2"],"acts_visited":["Exordium","TheCity","TheBeyond"],"potions_floor_usage":[14,16,19,24,29,33,38,38],"damage_taken":[{"damage":3,"enemies":"Jaw Worm","floor":1,"turns":4},{"damage":4,"enemies":"2 Louse","floor":4,"turns":3},{"damage":30,"enemies":"3 Sentries","floor":7,"turns":6},{"damage":0,"enemies":"Small Slimes","floor":8,"turns":2},{"damage":9,"enemies":"2 Fungi Beasts","floor":13,"turns":3},{"damage":18,"enemies":"Gremlin Nob","floor":14,"turns":3},{"damage":21,"enemies":"The Guardian","floor":16,"turns":8},{"damage":37,"enemies":"3 Byrds","floor":18,"turns":4},{"damage":5,"enemies":"Chosen","floor":19,"turns":4},{"damage":32,"enemies":"Slavers","floor":24,"turns":5},{"damage":13,"enemies":"Gremlin Leader","floor":28,"turns":7},{"damage":29,"enemies":"Centurion and Healer","floor":31,"turns":5},{"damage":35,"enemies":"Collector","floor":33,"turns":8},{"damage":30,"enemies":"Orb Walker","floor":35,"turns":4},{"damage":1,"enemies":"3 Shapes","floor":37,"turns":3},{"damage":6,"enemies":"Spire Growth","floor":38,"turns":5},{"damage":30,"enemies":"Reptomancer","floor":40,"turns":7},{"damage":4,"enemies":"Sphere and 2 Shapes","floor":41,"turns":7},{"damage":33,"enemies":"Jaw Worm Horde","floor":42,"turns":5},{"damage":31,"enemies":"Transient","floor":45,"turns":4}],"seed_played":"6107594259963860037","potions_obtained":[{"floor":7,"key":"FocusPotion"},{"floor":8,"key":"Strength Potion"},{"floor":16,"key":"Dexterity Potion"},{"floor":18,"key":"FocusPotion"},{"floor":19,"key":"ColorlessPotion"},{"floor":28,"key":"Fruit Juice"},{"floor":33,"key":"Ancient Potion"},{"floor":35,"key":"FairyPotion"},{"floor":37,"key":"ColorlessPotion"}],"is_trial":false,"path_per_floor":["M","$","?","M","?","R","E","M","T","R","T","?","M","E","R","B",null,"M","M","?","$","?","R","E","R","T","?","E","$","R","M","R","B",null,"M","?","M","M","?","E","M","M","T","?","M"],"character_chosen":"DEFECT","items_purchased":[],"campfire_rested":4,"item_purchase_floors":[],"current_hp_per_floor":[65,65,65,61,66,66,36,36,36,60,60,60,51,33,57,36,69,32,27,53,53,53,53,21,45,45,51,38,43,70,41,41,6,70,40,69,68,62,62,32,28,29,29,29,0,0],"gold":24,"neow_bonus":"BOSS_RELIC","is_daily":false,"chose_seed":false,"campfire_upgraded":3,"win_rate":0.0,"timestamp":1614227294,"path_taken":["M","$","?","M","?","R","E","M","T","R","?","?","M","E","R","BOSS","M","M","?","$","?","R","E","R","T","?","E","?","R","M","R","BOSS","M","?","M","M","?","E","M","?","T","?","M"],"items_purchased_type":[],"build_version":"2020-12-22","purchased_purges":1,"victory":false,"max_hp_per_floor":[75,75,75,75,80,80,80,80,80,80,80,80,80,80,80,80,80,80,80,80,80,80,80,80,80,80,86,86,91,91,91,91,91,91,91,97,97,97,97,97,97,97,97,97,97,97],"relic_stats":{"Darkstone Periapt":12,"Inserter":[34],"Gremlin Horn":[19,19],"counters":[20,96],"Ectoplasm":634,"Pen Nib":[8],"Art of War":[10],"Whetstone":["Strike_B","Ball Lightning"],"Letter Opener":[102],"obtain_stats":[{"Darkstone Periapt":26,"Inserter":17,"Gremlin Horn":24,"Pen Nib":27,"Whetstone":7,"Letter Opener":28,"Frozen Egg 2":43,"Mercury Hourglass":11,"Nuclear Battery":34,"Cables":40,"Bottled Flame":14,"Ectoplasm":0,"Art of War":9,"Cracked Core":0},{"Darkstone Periapt":10,"Inserter":7,"Gremlin Horn":10,"Pen Nib":10,"Whetstone":3,"Letter Opener":11,"Frozen Egg 2":19,"Mercury Hourglass":4,"Nuclear Battery":13,"Cables":17,"Bottled Flame":6,"Ectoplasm":0,"Art of War":4,"Cracked Core":0},{"Darkstone Periapt":42,"Inserter":29,"Gremlin Horn":42,"Pen Nib":42,"Whetstone":13,"Letter Opener":49,"Frozen Egg 2":92,"Mercury Hourglass":15,"Nuclear Battery":61,"Cables":80,"Bottled Flame":21,"Ectoplasm":0,"Art of War":15,"Cracked Core":0}],"Mercury Hourglass":[337],"Cables":[17,0,10,2,5]},"card_choices":[{"not_picked":["Heatsinks","Recycle"],"picked":"Ball Lightning","floor":1},{"not_picked":["Scrape","Redo"],"picked":"Streamline","floor":4},{"not_picked":["Cold Snap","Recycle"],"picked":"Consume","floor":7},{"not_picked":["Ball Lightning","Barrage"],"picked":"Aggregate","floor":8},{"not_picked":["Seek","Cold Snap"],"picked":"Sunder","floor":13},{"not_picked":["Compile Driver","Rebound","Cold Snap"],"picked":"SKIP","floor":14},{"not_picked":["Compile Driver","Rebound"],"picked":"Cold Snap","floor":14},{"not_picked":["Amplify","Seek"],"picked":"Creative AI","floor":16},{"not_picked":["Double Energy","Self Repair"],"picked":"Cold Snap+1","floor":18},{"not_picked":["Leap","Ball Lightning"],"picked":"Stack+1","floor":19},{"not_picked":["Redo+1","Ball Lightning"],"picked":"Chill","floor":24},{"not_picked":["Go for the Eyes+1","Hologram"],"picked":"Darkness","floor":28},{"not_picked":["Ball Lightning","Beam Cell"],"picked":"White Noise","floor":31},{"not_picked":["Core Surge","Seek"],"picked":"Thunder Strike","floor":33},{"not_picked":["Force Field","Rebound"],"picked":"Streamline","floor":35},{"not_picked":["Auto Shields","Loop"],"picked":"Heatsinks","floor":37},{"not_picked":["Compile Driver","Hologram+1","Go for the Eyes+1"],"picked":"SKIP","floor":38},{"not_picked":["Gash+1","Hello World+1"],"picked":"Coolheaded+1","floor":40},{"not_picked":["Hologram+1","Beam Cell"],"picked":"Rebound+1","floor":41},{"not_picked":["BootSequence","Hologram+1"],"picked":"Defragment","floor":42}],"player_experience":287034,"relics_obtained":[{"floor":7,"key":"Whetstone"},{"floor":9,"key":"Art of War"},{"floor":11,"key":"Mercury Hourglass"},{"floor":14,"key":"Bottled Flame"},{"floor":24,"key":"Gremlin Horn"},{"floor":26,"key":"Darkstone Periapt"},{"floor":28,"key":"Letter Opener"},{"floor":40,"key":"Cables"},{"floor":43,"key":"Frozen Egg 2"}],"event_choices":[{"damage_healed":0,"gold_gain":0,"cards_transformed":["Strike_B"],"player_choice":"Change","damage_taken":0,"max_hp_gain":0,"max_hp_loss":0,"event_name":"Living Wall","floor":3,"gold_loss":0,"cards_obtained":["Turbo"]},{"damage_healed":0,"gold_gain":0,"player_choice":"Donut","damage_taken":0,"max_hp_gain":5,"max_hp_loss":0,"event_name":"Big Fish","floor":5,"gold_loss":0},{"damage_healed":0,"gold_gain":59,"player_choice":"Gained Gold","damage_taken":0,"max_hp_gain":0,"max_hp_loss":0,"event_name":"Golden Wing","floor":12,"gold_loss":0},{"damage_healed":26,"gold_gain":0,"player_choice":"Heal","damage_taken":0,"max_hp_gain":0,"max_hp_loss":0,"event_name":"The Library","floor":20,"gold_loss":0},{"damage_healed":0,"gold_gain":0,"player_choice":"Simplicity","damage_taken":0,"max_hp_gain":0,"max_hp_loss":0,"event_name":"Back to Basics","floor":22,"gold_loss":0,"cards_upgraded":["Strike_B","Defend_B","Defend_B","Defend_B","Defend_B"]},{"damage_healed":0,"gold_gain":0,"player_choice":"Stole Relic","damage_taken":0,"relics_obtained":["Pen Nib"],"max_hp_gain":0,"max_hp_loss":0,"event_name":"Addict","floor":27,"gold_loss":0,"cards_obtained":["Shame"]},{"damage_healed":23,"gold_gain":0,"player_choice":"Writhe","damage_taken":0,"max_hp_gain":0,"max_hp_loss":0,"event_name":"Winding Halls","floor":36,"gold_loss":0,"cards_obtained":["Writhe"]},{"cards_removed":["Shame"],"damage_healed":0,"gold_gain":0,"player_choice":"Card Removal","damage_taken":0,"max_hp_gain":0,"max_hp_loss":0,"event_name":"Wheel of Change","floor":39,"gold_loss":0},{"damage_healed":0,"gold_gain":0,"cards_transformed":["Defend_B"],"player_choice":"Transformed","damage_taken":0,"max_hp_gain":0,"max_hp_loss":0,"event_name":"Transmorgrifier","floor":44,"gold_loss":0,"cards_obtained":["Double Energy"]}],"is_beta":false,"boss_relics":[{"not_picked":["Velvet Choker","SlaversCollar"],"picked":"Inserter"},{"not_picked":["Runic Pyramid","Snecko Eye"],"picked":"Nuclear Battery"}],"items_purged_floors":[2],"is_endless":false,"potions_floor_spawned":[7,8,16,18,19,28,33,35,37],"killed_by":"Transient","ascension_level":9}}