{"host":"l3lzhw5qete3bz2v","time":1614258974,"event":{"mods":["BaseMod","Colored Map","Colored Powertips","Minty Spire (QoL Compilation)","StSLib","SuperFastMode"],"gold_per_floor":[109,109,109,120,137,137,165,165,189,219,231,244,279,65,65,162,162,180,180,192,192,26,58,78,78,104,104,120,136,168,182,182,278,278,296,296,4,104,116,147,147,182,251,281,281,329,348,366,366,366],"floor_reached":51,"language":"ENG","playtime":3307,"items_purged":[],"score":1348,"play_id":"9b63def5-e099-468f-a813-128ace5b00c3","local_time":"20210225221614","is_ascension_mode":true,"campfire_choices":[{"data":"TalkToTheHand","floor":6.0,"key":"SMITH"},{"data":"FearNoEvil","floor":8.0,"key":"SMITH"},{"data":"EmptyFist","floor":15.0,"key":"SMITH"},{"data":"Fasting2","floor":25.0,"key":"SMITH"},{"data":"SpiritShield","floor":27.0,"key":"SMITH"},{"floor":32.0,"key":"REST"},{"data":"TalkToTheHand","floor":41.0,"key":"SMITH"},{"data":"CutThroughFate","floor":49,"key":"SMITH"}],"circlet_count":0,"master_deck":["Strike_P","Strike_P+1","Strike_P","Defend_P","Defend_P","Defend_P","Defend_P","Eruption","Vigilance","Consecrate","ClearTheMind","TalkToTheHand+1","FearNoEvil+1","Adaptation+1","EmptyFist+1","SignatureMove","FollowUp+1","Halt","Wireheading","SpiritShield+1","CutThroughFate+1","FlurryOfBlows+1","EmptyBody","DevaForm","Fasting2+1","CutThroughFate+1","Protect","BowlingBash","FlurryOfBlows+1","Blasphemy","MentalFortress+1","TalkToTheHand+1","Halt+1","Consecrate+1","LessonLearned+1"],"relics":["SlaversCollar","Pen Nib","Oddly Smooth Stone","Tiny Chest","Mercury Hourglass","Whetstone","ClockworkSouvenir","VioletLotus","InkBottle","Toolbox","Centennial Puzzle","Lantern","Nunchaku","Runic Pyramid","Akabeko","Membership Card","Anchor","Incense Burner","Ginger","Molten Egg 2","Omamori","Toy Ornithopter"],"acts_visited":["Exordium","TheCity","TheBeyond"],"potions_floor_usage":[50,50],"damage_taken":[{"damage":0.0,"enemies":"Small Slimes","floor":1.0,"turns":3.0},{"damage":0.0,"enemies":"2 Louse","floor":4.0,"turns":2.0},{"damage":0.0,"enemies":"Jaw Worm","floor":5.0,"turns":3.0},{"damage":20.0,"enemies":"3 Sentries","floor":7.0,"turns":7.0},{"damage":11.0,"enemies":"Lagavulin","floor":10.0,"turns":6.0},{"damage":0.0,"enemies":"Exordium Thugs","floor":11.0,"turns":1.0},{"damage":0.0,"enemies":"Gremlin Gang","floor":12.0,"turns":4.0},{"damage":0.0,"enemies":"Gremlin Nob","floor":13.0,"turns":3.0},{"damage":0.0,"enemies":"Slime Boss","floor":16.0,"turns":3.0},{"damage":0.0,"enemies":"Spheric Guardian","floor":18.0,"turns":3.0},{"damage":15.0,"enemies":"2 Thieves","floor":20.0,"turns":3.0},{"damage":8.0,"enemies":"Slavers","floor":23.0,"turns":4.0},{"damage":0.0,"enemies":"3 Cultists","floor":24.0,"turns":3.0},{"damage":0.0,"enemies":"Chosen and Byrds","floor":28.0,"turns":4.0},{"damage":2.0,"enemies":"Snake Plant","floor":29.0,"turns":2.0},{"damage":5.0,"enemies":"Book of Stabbing","floor":30.0,"turns":4.0},{"damage":0.0,"enemies":"Centurion and Healer","floor":31.0,"turns":3.0},{"damage":22.0,"enemies":"Collector","floor":33.0,"turns":4.0},{"damage":6.0,"enemies":"3 Darklings","floor":35.0,"turns":3.0},{"damage":0.0,"enemies":"Orb Walker","floor":39.0,"turns":3.0},{"damage":6.0,"enemies":"Giant Head","floor":40.0,"turns":8.0},{"damage":0.0,"enemies":"Nemesis","floor":42.0,"turns":5.0},{"damage":0.0,"enemies":"Giant Head","floor":44.0,"turns":4.0},{"damage":0.0,"enemies":"Writhing Mass","floor":47.0,"turns":4.0},{"damage":0,"enemies":"4 Shapes","floor":48,"turns":4},{"damage":14,"enemies":"Donu and Deca","floor":50,"turns":6}],"seed_played":"-7053601407237448757","potions_obtained":[{"floor":7.0,"key":"Block Potion"},{"floor":10.0,"key":"SkillPotion"},{"floor":12.0,"key":"SkillPotion"},{"floor":18.0,"key":"Block Potion"},{"floor":31.0,"key":"Weak Potion"},{"floor":33.0,"key":"EssenceOfSteel"},{"floor":39.0,"key":"DistilledChaos"},{"floor":48,"key":"Block Potion"}],"is_trial":false,"path_per_floor":["M","?","?","M","M","R","E","R","T","E","M","M","E","$","R","B",null,"M","$","M","?","$","E","M","R","T","R","M","M","E","M","R","B",null,"M","T","$","?","M","E","R","E","T","E","?","T","M","M","R","B",null],"character_chosen":"WATCHER","items_purchased":["ClockworkSouvenir","Wireheading","Toolbox","EmptyBody","Membership Card","TalkToTheHand","Anchor","SteroidPotion"],"campfire_rested":1,"item_purchase_floors":[14,14,22,22,37,37,37,37],"current_hp_per_floor":[65,58,58,58,58,58,38,38,38,27,27,27,27,27,27,27,61,61,61,46,46,46,38,38,38,38,38,38,36,31,31,52,30,62,56,56,56,56,56,50,50,50,50,50,50,50,55,55,55,51],"gold":366,"neow_bonus":"BOSS_RELIC","is_daily":false,"chose_seed":false,"campfire_upgraded":7,"win_rate":0.0,"timestamp":1614258974,"path_taken":["M","?","?","M","M","R","E","R","T","E","M","M","E","?","R","BOSS","M","$","M","?","$","E","M","R","T","R","M","?","E","M","R","BOSS","M","?","$","?","?","E","R","E","T","E","?","?","?","M","R","BOSS"],"items_purchased_type":["Relic","Card","Relic","Card","Relic","Card","Relic","Potion"],"build_version":"2020-12-22","purchased_purges":0,"victory":true,"max_hp_per_floor":[72,72,72,72,72,72,72,72,72,72,72,72,72,72,72,72,72,72,72,72,72,72,72,72,72,72,72,72,72,72,72,72,72,72,72,72,72,72,72,72,72,72,72,72,72,72,72,72,72,72],"card_choices":[{"not_picked":["CutThroughFate","FollowUp"],"picked":"Consecrate","floor":1.0},{"not_picked":["SashWhip","MentalFortress"],"picked":"TalkToTheHand","floor":4.0},{"not_picked":["PathToVictory","Judgement"],"picked":"FearNoEvil","floor":5.0},{"not_picked":["Crescendo","Meditate"],"picked":"Adaptation","floor":7.0},{"not_picked":["Evaluate","FlyingSleeves"],"picked":"EmptyFist","floor":10.0},{"not_picked":["FlyingSleeves","EmptyFist"],"picked":"SignatureMove","floor":11.0},{"not_picked":["SashWhip","ClearTheMind"],"picked":"FollowUp","floor":12.0},{"not_picked":["EmptyFist","Devotion"],"picked":"Halt","floor":13.0},{"not_picked":["Devotion","Establishment"],"picked":"SpiritShield","floor":16.0},{"not_picked":["Crescendo","Wallop"],"picked":"CutThroughFate+1","floor":18.0},{"not_picked":["BattleHymn","Crescendo"],"picked":"FlurryOfBlows+1","floor":20.0},{"not_picked":["FollowUp+1","WheelKick"],"picked":"DevaForm","floor":23.0},{"not_picked":["ClearTheMind","Evaluate+1"],"picked":"Fasting2","floor":24.0},{"not_picked":["Crescendo","CrushJoints"],"picked":"CutThroughFate","floor":28.0},{"not_picked":["Wallop","CrushJoints"],"picked":"Protect","floor":29.0},{"not_picked":["PathToVictory+1","ReachHeaven"],"picked":"BowlingBash","floor":30.0},{"not_picked":["Consecrate","EmptyFist"],"picked":"FlurryOfBlows","floor":31.0},{"not_picked":["Scrawl","Judgement"],"picked":"Blasphemy","floor":33.0},{"not_picked":["Wireheading","Vengeance"],"picked":"MentalFortress+1","floor":35.0},{"not_picked":["Nirvana","Collect+1"],"picked":"Halt+1","floor":39.0},{"not_picked":["Vengeance","FlyingSleeves+1"],"picked":"Consecrate+1","floor":40.0},{"not_picked":["EmptyMind+1","Weave","EmptyFist"],"picked":"SKIP","floor":42.0},{"not_picked":["Protect+1","Crescendo+1"],"picked":"LessonLearned+1","floor":44.0},{"not_picked":["BattleHymn+1","Protect+1","PathToVictory"],"picked":"SKIP","floor":47.0},{"not_picked":["Study+1","ReachHeaven+1","WreathOfFlame+1"],"picked":"SKIP","floor":48}],"player_experience":173815,"relics_obtained":[{"floor":7.0,"key":"Oddly Smooth Stone"},{"floor":9.0,"key":"Tiny Chest"},{"floor":10.0,"key":"Mercury Hourglass"},{"floor":13.0,"key":"Whetstone"},{"floor":23.0,"key":"Centennial Puzzle"},{"floor":26.0,"key":"Lantern"},{"floor":30.0,"key":"Nunchaku"},{"floor":36.0,"key":"Akabeko"},{"floor":40.0,"key":"Incense Burner"},{"floor":42.0,"key":"Ginger"},{"floor":43.0,"key":"Molten Egg 2"},{"floor":44.0,"key":"Omamori"},{"floor":46.0,"key":"Toy Ornithopter"}],"event_choices":[{"damage_healed":0.0,"max_hp_gain":0.0,"max_hp_loss":0.0,"gold_gain":0.0,"event_name":"Scrap Ooze","player_choice":"Success","floor":2.0,"gold_loss":0.0,"damage_taken":7.0,"relics_obtained":["Pen Nib"]},{"damage_healed":0.0,"max_hp_gain":0.0,"max_hp_loss":0.0,"gold_gain":0.0,"cards_transformed":["Strike_P"],"event_name":"Living Wall","player_choice":"Change","floor":3.0,"gold_loss":0.0,"damage_taken":0.0,"cards_obtained":["ClearTheMind"]},{"damage_healed":0.0,"max_hp_gain":0.0,"max_hp_loss":0.0,"gold_gain":0.0,"event_name":"WeMeetAgain","player_choice":"Gave Potion","floor":21.0,"gold_loss":0.0,"damage_taken":0.0,"relics_obtained":["InkBottle"]},{"damage_healed":0.0,"max_hp_gain":0.0,"max_hp_loss":0.0,"gold_gain":100.0,"event_name":"Golden Shrine","player_choice":"Pray","floor":38.0,"gold_loss":0.0,"damage_taken":0.0},{"damage_healed":0.0,"max_hp_gain":0.0,"max_hp_loss":0.0,"gold_gain":0.0,"event_name":"SecretPortal","player_choice":"Ignored","floor":45.0,"gold_loss":0.0,"damage_taken":0.0}],"is_beta":false,"boss_relics":[{"not_picked":["SacredBark","Cursed Key"],"picked":"VioletLotus"},{"not_picked":["Coffee Dripper","Empty Cage"],"picked":"Runic Pyramid"}],"items_purged_floors":[],"is_endless":false,"potions_floor_spawned":[7,10,12,16,18,31,33,39,44,48],"ascension_level":9}}