{"host":"p4yrwepmrl4g8pul","time":1614255715,"event":{"mods":["Act Like it!","BaseMod","BetterRewards","Colored Map","Custom Start","Downfall","Gensokyo","Marisa£®ÏF”Í°°ƒß¿Ì…≥£©","Minty Spire (QoL Compilation)","Rare Cards Sparkle","Reimu£®≤©¿ˆ¡È√Œ£©","Remilia£®¿Ÿ√◊¿Ú—«£©","Remove Card Discount Mod","Shop Mod","StSLib","Thieving Mod"],"gold_per_floor":[99,112,124,46,46,46,46,60,71,0,20,40,40,72,83,155,155,55,72,72,72,172,172,172,198,12,12,22,22,39,72,85,164,214,214,231,247,247,180,180,180,80,80,99,127,140,159,190,204,204],"floor_reached":51,"language":"ZHS","playtime":2055,"items_purged":["Strike_MRS","Defend_MRS","Defend_MRS","Strike_MRS","Strike_MRS","Defend_MRS","Strike_MRS","Defend_MRS","MasterSpark","GalacticHalo","ShootingEcho"],"score":1898,"play_id":"58cbdc96-abd1-4db3-8311-28bc7653572f","local_time":"20210225202155","is_ascension_mode":true,"campfire_choices":[{"data":"UpSweep","floor":1.0,"key":"SMITH"},{"data":"MagicChant","floor":6.0,"key":"SMITH"},{"data":"MilkyWay","floor":18.0,"key":"SMITH"},{"data":"6A","floor":27.0,"key":"SMITH"},{"data":"6A","floor":35.0,"key":"SMITH"},{"data":"EnergyFlow","floor":40.0,"key":"SMITH"},{"data":"NonDirectionalLaser","floor":42.0,"key":"SMITH"}],"circlet_count":0,"master_deck":["AscendersBane","UpSweep+1","MagicChant+1","MilkyWay+1","6A+1","UnstableBomb+1","NonDirectionalLaser+1","6A+1","PropBag+1","OrrerysSun+1","EnergyFlow+1","UltimateShortwave"],"relics":["MiniHakkero","Akabeko","Singing Bowl","Eternal Feather","SlaversCollar","downfall:HeartBlessingGreen","Enchiridion","Bird Faced Urn","Pantograph","Sundial","Anchor","PreservedInsect","Orichalcum","Tiny House","downfall:TeleportStone","Vajra","TheAbacus","downfall:HeartBlessingBlue","Tea:ReiMu","MealTicket"],"acts_visited":["Exordium","TheCity","TheBeyond"],"potions_floor_usage":[48],"damage_taken":[{"damage":0.0,"enemies":"Cultist","floor":2.0,"turns":3.0},{"damage":0.0,"enemies":"Small Slimes","floor":3.0,"turns":2.0},{"damage":0.0,"enemies":"downfall:FleeingMerchant","floor":4.0,"turns":4.0},{"damage":0.0,"enemies":"Jaw Worm","floor":8.0,"turns":2.0},{"damage":0.0,"enemies":"Red Slaver","floor":9.0,"turns":2.0},{"damage":2.0,"enemies":"downfall:FleeingMerchant","floor":10.0,"turns":4.0},{"damage":0.0,"enemies":"downfall:LooterAlt","floor":11.0,"turns":2.0},{"damage":0.0,"enemies":"Large Slime","floor":12.0,"turns":2.0},{"damage":0.0,"enemies":"Lagavulin","floor":14.0,"turns":4.0},{"damage":0.0,"enemies":"Exordium Wildlife","floor":15.0,"turns":1.0},{"damage":50.0,"enemies":"DF_ARCHETYPE_STREAMLINE","floor":16.0,"turns":8.0},{"damage":17.0,"enemies":"3 Byrds","floor":19.0,"turns":4.0},{"damage":0.0,"enemies":"Colosseum Nobs","floor":22.0,"turns":3.0},{"damage":0.0,"enemies":"Gremlin Leader","floor":25.0,"turns":4.0},{"damage":0.0,"enemies":"downfall:FleeingMerchant","floor":26.0,"turns":4.0},{"damage":0.0,"enemies":"Spheric Guardian","floor":28.0,"turns":1.0},{"damage":0.0,"enemies":"3 Cultists","floor":30.0,"turns":3.0},{"damage":0.0,"enemies":"Book of Stabbing","floor":31.0,"turns":2.0},{"damage":11.0,"enemies":"Snecko","floor":32.0,"turns":3.0},{"damage":0.0,"enemies":"WA_ARCHETYPE_CALM","floor":33.0,"turns":4.0},{"damage":1.0,"enemies":"3 Darklings","floor":36.0,"turns":3.0},{"damage":0.0,"enemies":"Orb Walker","floor":37.0,"turns":3.0},{"damage":0.0,"enemies":"downfall:FleeingMerchant","floor":39.0,"turns":2.0},{"damage":0.0,"enemies":"Transient","floor":44.0,"turns":6.0},{"damage":37.0,"enemies":"Nemesis","floor":45.0,"turns":3.0},{"damage":24.0,"enemies":"3 Darklings","floor":46.0,"turns":2.0},{"damage":0.0,"enemies":"Spire Growth","floor":47.0,"turns":3.0},{"damage":13,"enemies":"Reptomancer","floor":48,"turns":3},{"damage":5,"enemies":"Sphere and 2 Shapes","floor":49,"turns":4},{"damage":18,"enemies":"SI_POISON_ARCHETYPE","floor":50,"turns":10}],"seed_played":"784400258385228446","potions_obtained":[{"floor":3.0,"key":"SkillPotion"},{"floor":9.0,"key":"PowerPotion"},{"floor":22.0,"key":"GamblersBrew"},{"floor":25.0,"key":"Dexterity Potion"},{"floor":28.0,"key":"bronze:BurnAndBuffPotion"},{"floor":30.0,"key":"MagicPotion:ReiMu"},{"floor":49,"key":"Strength Potion"}],"is_trial":false,"path_per_floor":["R","M","M","$","?","R","T","M","M","$","M","M","?","E","M","B",null,"R","M","?","?","?","?","T","E","$","R","M","?","M","E","M","B",null,"R","M","M","?","$","R","T","R","?","M","E","M","M","E","M","B",null],"character_chosen":"MARISA","items_purchased":["6A","NonDirectionalLaser","PreservedInsect","Vajra","TheAbacus","EnergyFlow"],"campfire_rested":0,"item_purchase_floors":[4,10,26,39,39,39],"current_hp_per_floor":[63,63,63,63,68,68,68,70,70,70,72,74,74,76,76,28,72,78,61,40,40,40,40,40,44,48,51,55,55,59,61,54,83,102,105,107,110,110,110,110,110,120,120,120,85,67,75,70,73,86],"gold":204,"neow_bonus":"RANDOM_COMMON_RELIC","is_daily":false,"chose_seed":false,"campfire_upgraded":7,"win_rate":0.0,"timestamp":1614255715,"path_taken":["R","M","M","?","?","R","T","?","M","?","M","M","?","E","M","BOSS","R","M","?","?","?","?","T","E","?","R","?","?","M","E","M","BOSS","R","M","M","?","?","R","T","R","?","?","E","M","M","E","M","BOSS"],"items_purchased_type":["Card","Card","Relic","Relic","Relic","Card"],"build_version":"2020-12-22","purchased_purges":11,"victory":true,"max_hp_per_floor":[70,70,70,70,75,75,75,77,77,79,81,83,83,85,85,87,87,87,87,87,87,87,87,87,89,91,91,93,93,95,95,97,99,106,106,108,110,110,110,110,110,120,120,120,122,124,126,128,130,130],"card_choices":[{"not_picked":["MysteriousBeam","DragonMeteor","PowerUp"],"picked":"SKIP","floor":2.0},{"not_picked":["Orbital","DragonMeteor"],"picked":"MagicChant","floor":3.0},{"not_picked":["WitchLeyline","6A"],"picked":"MilkyWay","floor":4.0},{"not_picked":["AlicesGift","DC","GalacticHalo"],"picked":"Singing Bowl","floor":8.0},{"not_picked":["DoubleSpark","MagicAbsorber"],"picked":"UnstableBomb","floor":9.0},{"not_picked":["SatelliteIllusion","DoubleSpark","ManaConvection"],"picked":"Singing Bowl","floor":10.0},{"not_picked":["DarkSpark","WitchOfGreed","MagicChant"],"picked":"Singing Bowl","floor":11.0},{"not_picked":["MagicChant","WitchOfGreed","GrandCross"],"picked":"Singing Bowl","floor":12.0},{"not_picked":["WitchLeyline","DC","SporeBomb"],"picked":"Singing Bowl","floor":14.0},{"not_picked":["DarkMatter","GravityBeat"],"picked":"GalacticHalo","floor":15.0},{"not_picked":["StarDustReverie","SuperNova","ManaRampage"],"picked":"Singing Bowl","floor":16.0},{"not_picked":["ChargeUpSpray","PropBag"],"picked":"ShootingEcho","floor":19.0},{"not_picked":["FairyDestructionRay+1","NonDirectionalLaser"],"picked":"6A","floor":22.0},{"not_picked":["LuminesStrike","OortCloud","GravityBeat"],"picked":"Singing Bowl","floor":25.0},{"not_picked":["UnstableBomb","DarkMatter","SuperNova"],"picked":"Singing Bowl","floor":26.0},{"not_picked":["WitchLeyline","Occultation+1","ShootingEcho"],"picked":"Singing Bowl","floor":28.0},{"not_picked":["SuperPerseids","DC","WitchLeyline"],"picked":"Singing Bowl","floor":30.0},{"not_picked":["OrrerysSun+1","EarthLightRay"],"picked":"PropBag+1","floor":31.0},{"not_picked":["MachineGunSpark","AsteroidBelt","DC"],"picked":"Singing Bowl","floor":32.0},{"not_picked":["CasketOfStar","TreasureHunter","StarDustReverie"],"picked":"Singing Bowl","floor":33.0},{"not_picked":["MachineGunSpark","GalacticHalo","OneTimeOff+1"],"picked":"Singing Bowl","floor":34.0},{"not_picked":["MysteriousBeam+1","OneTimeOff","MeteoricShower"],"picked":"Singing Bowl","floor":36.0},{"not_picked":["IllusionStar+1","BlazeAway","DC+1"],"picked":"Singing Bowl","floor":37.0},{"not_picked":["DC","WitchLeyline"],"picked":"OrrerysSun+1","floor":39.0},{"not_picked":["MilkyWay","Acceleration"],"picked":"UltimateShortwave","floor":44.0},{"not_picked":["LuminesStrike+1","BlazeAway","MeteoricShower"],"picked":"Singing Bowl","floor":45.0},{"not_picked":["IllusionStar+1","GrandCross","LuminesStrike"],"picked":"Singing Bowl","floor":46.0},{"not_picked":["DoubleSpark","StarBarrage","GrandCross+1"],"picked":"Singing Bowl","floor":47.0},{"not_picked":["EventHorizon","SporeBomb+1","PowerUp"],"picked":"Singing Bowl","floor":48},{"not_picked":["NonDirectionalLaser+1","DeepEcoloBomb","EnergyRecoil"],"picked":"Singing Bowl","floor":49}],"player_experience":837779,"relics_obtained":[{"floor":7.0,"key":"Singing Bowl"},{"floor":14.0,"key":"Eternal Feather"},{"floor":20.0,"key":"Enchiridion"},{"floor":22.0,"key":"Bird Faced Urn"},{"floor":22.0,"key":"Pantograph"},{"floor":24.0,"key":"Sundial"},{"floor":25.0,"key":"Anchor"},{"floor":31.0,"key":"Orichalcum"},{"floor":45.0,"key":"Tea:ReiMu"},{"floor":48,"key":"MealTicket"}],"event_choices":[{"damage_healed":0.0,"max_hp_gain":5.0,"max_hp_loss":0.0,"gold_gain":0.0,"event_name":"Big Fish","player_choice":"Donut","floor":5.0,"gold_loss":0.0,"damage_taken":0.0},{"damage_healed":0.0,"max_hp_gain":0.0,"max_hp_loss":0.0,"gold_gain":0.0,"event_name":"Ghosts","player_choice":"Ignored","floor":23.0,"gold_loss":0.0,"damage_taken":0.0}],"is_beta":false,"boss_relics":[{"not_picked":["Calling Bell","Sozu"],"picked":"SlaversCollar"},{"not_picked":["Philosopher\u0027s Stone","Velvet Choker"],"picked":"Tiny House"}],"items_purged_floors":[4,4,4,4,4,4,10,26,26,26,26],"is_endless":false,"potions_floor_spawned":[3,9,12,15,22,25,28,30,33,37,44,45,46,47,49],"ascension_level":20}}