{"host":"879u177vr8bnqwsn","time":1614211499,"event":{"mods":["BaseMod","Hubris","Minty Spire (QoL Compilation)","Reliquary","StSLib"],"gold_per_floor":[12,12,24,41,216,216,231,231,231,248,279,279,298,308,308,308,308],"floor_reached":16,"language":"ENG","playtime":639,"items_purged":[],"score":104,"play_id":"14f439f3-c37a-42c9-b2bf-23f24170d9e0","local_time":"20210224210459","is_ascension_mode":false,"campfire_choices":[{"data":"Acrobatics","floor":6,"key":"SMITH"},{"data":"Tactician","floor":8,"key":"SMITH"},{"floor":12,"key":"REST"},{"data":"Neutralize","floor":15,"key":"SMITH"}],"circlet_count":0,"master_deck":["Strike_G","Strike_G+1","Strike_G","Strike_G+1","Defend_G","Defend_G","Defend_G","Defend_G","Survivor","Neutralize+1","Acrobatics+1","Tactician+1","Backflip","Bane","Blade Dance","Doubt","Dash","Reflex","Underhanded Strike","Crippling Poison"],"relics":["Ring of the Snake","reliquary:QuartzCube","Mercury Hourglass"],"acts_visited":["Exordium"],"potions_floor_usage":[11,16,16],"damage_taken":[{"damage":5,"enemies":"Small Slimes","floor":1,"turns":6},{"damage":0,"enemies":"2 Louse","floor":3,"turns":2},{"damage":0,"enemies":"Jaw Worm","floor":4,"turns":3},{"damage":2,"enemies":"2 Fungi Beasts","floor":7,"turns":4},{"damage":0,"enemies":"Large Slime","floor":10,"turns":9},{"damage":40,"enemies":"Gremlin Nob","floor":11,"turns":5},{"damage":2,"enemies":"Looter","floor":13,"turns":3},{"damage":3,"enemies":"Red Slaver","floor":14,"turns":3},{"damage":29,"enemies":"Hexaghost","floor":16,"turns":11}],"seed_played":"3363117824399900987","potions_obtained":[{"floor":1,"key":"LiquidMemories"},{"floor":4,"key":"GamblersBrew"},{"floor":7,"key":"LiquidBronze"},{"floor":13,"key":"LiquidMemories"}],"is_trial":false,"path_per_floor":["M","?","M","M","?","R","M","R","T","M","E","R","M","M","R","B"],"character_chosen":"THE_SILENT","items_purchased":[],"campfire_rested":1,"item_purchase_floors":[],"current_hp_per_floor":[65,51,51,51,51,51,49,49,49,49,9,30,28,25,25,0,0],"gold":308,"neow_bonus":"TRANSFORM_TWO_CARDS","is_daily":false,"chose_seed":false,"campfire_upgraded":3,"win_rate":0.0,"timestamp":1614211499,"path_taken":["M","?","M","M","?","R","M","R","T","M","E","R","M","M","R","BOSS"],"items_purchased_type":[],"build_version":"2020-12-22","purchased_purges":0,"victory":false,"max_hp_per_floor":[70,70,70,70,70,70,70,70,70,70,70,70,70,70,70,70,70],"card_choices":[{"not_picked":["Sucker Punch","Slice"],"picked":"Backflip","floor":1},{"not_picked":["Sucker Punch","Dodge and Roll"],"picked":"Bane","floor":3},{"not_picked":["Setup","Tools of the Trade"],"picked":"Blade Dance","floor":4},{"not_picked":["Prepared","Finisher"],"picked":"Dash","floor":7},{"not_picked":["Riddle With Holes","Expertise"],"picked":"Reflex","floor":10},{"not_picked":["hubris:SlightOfHand","All Out Attack"],"picked":"Underhanded Strike","floor":11},{"not_picked":["Underhanded Strike","Sucker Punch"],"picked":"Crippling Poison","floor":13},{"not_picked":["Blade Dance","hubris:SlightOfHand","Flying Knee"],"picked":"SKIP","floor":14}],"player_experience":744013,"relics_obtained":[{"floor":9,"key":"reliquary:QuartzCube"},{"floor":11,"key":"Mercury Hourglass"}],"event_choices":[{"damage_healed":0,"gold_gain":0,"player_choice":"Entered Light","damage_taken":14,"max_hp_gain":0,"max_hp_loss":0,"event_name":"Shining Light","floor":2,"gold_loss":0,"cards_upgraded":["Strike_G","Strike_G"]},{"damage_healed":0,"gold_gain":175,"player_choice":"AGREE","damage_taken":0,"max_hp_gain":0,"max_hp_loss":0,"event_name":"Liars Game","floor":5,"gold_loss":0,"cards_obtained":["Doubt"]}],"is_beta":false,"boss_relics":[],"items_purged_floors":[],"is_endless":false,"potions_floor_spawned":[1,4,7,13],"killed_by":"Hexaghost","ascension_level":0}}