{"host":"Hutts","time":1614262309,"event":{"mods":["BaseMod","Downfall","Googly Eyes","Hermit","Minty Spire (QoL Compilation)","StSLib","The Cursed","The IronCluck"],"gold_per_floor":[111,129,129,129,148,148,181,181,208,208,182,197,223,240,240,338,338,354,269,269,297,314,314,339,352,433,445,475,475,493,593,593,688,688,702,714,764,764,315,335,335,335,335,366,366,395,123,139,139,139],"floor_reached":51,"language":"ENG","playtime":2329,"items_purged":["Clash"],"score":788,"play_id":"4dd98df8-3d14-4bf6-b54c-8a619b2d314a","local_time":"20210225081149","is_ascension_mode":true,"campfire_choices":[{"data":"Anger","floor":6,"key":"SMITH"},{"floor":8,"key":"REST"},{"data":"Bash","floor":10,"key":"SMITH"},{"floor":15,"key":"REST"},{"floor":23,"key":"REST"},{"floor":32,"key":"REST"},{"floor":41,"key":"REST"},{"floor":45,"key":"REST"},{"floor":49,"key":"REST"}],"circlet_count":0,"master_deck":["Strike_R","Strike_R","Strike_R","Strike_R","Strike_R","Defend_R+1","Defend_R","Defend_R","Defend_R+1","Bash+1","Anger+1","Power Through","Wild Strike","Spot Weakness","Sword Boomerang","Flex","Sword Boomerang+1","J.A.X.","Iron Wave+1","Power Through","Rage","Rage","Anger+1","Iron Wave","Brutality","Armaments+1","Sword Boomerang+1","Thunderclap+1","Mayhem","Rupture","Infernal Blade+1","Anger+1","Fire Breathing","Fiend Fire+1"],"relics":["Runic Cube","Slimebound:StickyStick","Blue Candle","Blood Vial","Oddly Smooth Stone","Fusion Hammer","Meat on the Bone","Red Mask","HornCleat","Pantograph","InkBottle","SlaversCollar","Charon\u0027s Ashes","War Paint","Molten Egg 2","Gremlin Horn","Akabeko","Regal Pillow"],"acts_visited":["Exordium","TheCity","TheBeyond"],"potions_floor_usage":[5,13,13,21,24,28,33,37,37,40,44,50,50,50],"damage_taken":[{"damage":9,"enemies":"Small Slimes","floor":1,"turns":5},{"damage":2,"enemies":"2 Louse","floor":2,"turns":3},{"damage":1,"enemies":"Cultist","floor":5,"turns":3},{"damage":26,"enemies":"3 Sentries","floor":7,"turns":7},{"damage":0,"enemies":"3 Louse","floor":12,"turns":4},{"damage":24,"enemies":"Gremlin Nob","floor":13,"turns":4},{"damage":5,"enemies":"Large Slime","floor":14,"turns":3},{"damage":23,"enemies":"Slime Boss","floor":16,"turns":7},{"damage":10,"enemies":"3 Byrds","floor":18,"turns":5},{"damage":29,"enemies":"Masked Bandits","floor":21,"turns":4},{"damage":3,"enemies":"Chosen","floor":22,"turns":3},{"damage":21,"enemies":"Book of Stabbing","floor":24,"turns":4},{"damage":4,"enemies":"Snecko","floor":25,"turns":4},{"damage":3,"enemies":"Centurion and Healer","floor":27,"turns":4},{"damage":10,"enemies":"Slavers","floor":28,"turns":4},{"damage":6,"enemies":"3 Cultists","floor":30,"turns":4},{"damage":83,"enemies":"Collector","floor":33,"turns":10},{"damage":19,"enemies":"3 Darklings","floor":35,"turns":5},{"damage":23,"enemies":"3 Shapes","floor":36,"turns":4},{"damage":16,"enemies":"2 Orb Walkers","floor":37,"turns":5},{"damage":7,"enemies":"Sphere and 2 Shapes","floor":40,"turns":5},{"damage":9,"enemies":"Reptomancer","floor":44,"turns":6},{"damage":33,"enemies":"Nemesis","floor":46,"turns":7},{"damage":10,"enemies":"Jaw Worm Horde","floor":48,"turns":4},{"damage":39,"enemies":"Awakened One","floor":50,"turns":7}],"seed_played":"-7802112442854620350","potions_obtained":[{"floor":1,"key":"Weak Potion"},{"floor":2,"key":"Energy Potion"},{"floor":13,"key":"Fruit Juice"},{"floor":14,"key":"champ:CounterPotion"},{"floor":18,"key":"PowerPotion"},{"floor":21,"key":"ColorlessPotion"},{"floor":27,"key":"SteroidPotion"},{"floor":33,"key":"bronze:BurnAndBuffPotion"},{"floor":35,"key":"SpeedPotion"},{"floor":36,"key":"Dexterity Potion"},{"floor":37,"key":"bronze:BurnAndBuffPotion"},{"floor":42,"key":"Fire Potion"},{"floor":46,"key":"BlessingOfTheForge"},{"floor":48,"key":"Dexterity Potion"}],"is_trial":false,"path_per_floor":["M","M","?","?","M","R","E","R","T","R","$","M","E","M","R","B",null,"M","?","?","?","M","R","E","M","T","M","E","?","M","?","R","B",null,"M","M","?","?","$","M","R","?","T","E","R","E","$","M","R","B",null],"character_chosen":"IRONCLAD","items_purchased":["Wild Strike","Mayhem","War Paint","Block Potion","Fire Breathing","Dexterity Potion","Regal Pillow"],"campfire_rested":7,"item_purchase_floors":[11,39,39,39,47,47,47],"current_hp_per_floor":[71,69,66,80,79,79,53,77,77,77,77,79,61,58,83,62,85,75,75,75,48,47,72,53,51,51,50,54,54,50,50,75,14,85,66,45,43,43,43,50,75,75,75,68,85,52,52,44,84,46],"gold":139,"neow_bonus":"BOSS_RELIC","is_daily":false,"chose_seed":false,"campfire_upgraded":2,"win_rate":0.0,"timestamp":1614262309,"path_taken":["M","M","?","?","?","R","E","R","T","R","$","M","E","M","R","BOSS","M","?","?","?","M","R","E","M","T","M","E","?","?","?","R","BOSS","M","M","?","?","$","M","R","?","T","E","R","E","$","?","R","BOSS"],"items_purchased_type":["Card","Card","Relic","Potion","Card","Potion","Relic"],"build_version":"2020-12-18","purchased_purges":1,"victory":true,"max_hp_per_floor":[80,80,80,80,80,80,80,80,80,80,80,80,85,85,85,85,85,85,85,85,85,85,85,85,85,85,85,85,85,85,85,85,85,85,85,85,85,85,85,85,85,85,85,85,85,85,85,85,85,85],"card_choices":[{"not_picked":["Ghostly Armor","Carnage"],"picked":"Dark Embrace","floor":1},{"not_picked":["Thunderclap","Hemokinesis"],"picked":"Clash","floor":2},{"not_picked":["Shrug It Off","Dark Embrace"],"picked":"Anger","floor":5},{"not_picked":["Ghostly Armor","Battle Trance"],"picked":"Power Through","floor":7},{"not_picked":["Shrug It Off","Sentinel"],"picked":"Spot Weakness","floor":12},{"not_picked":["Juggernaut","Infernal Blade"],"picked":"Sword Boomerang","floor":13},{"not_picked":["Second Wind","Iron Wave"],"picked":"Flex","floor":14},{"not_picked":["Thunderclap","Headbutt"],"picked":"Sword Boomerang+1","floor":18},{"not_picked":["Flex","Clothesline"],"picked":"Iron Wave+1","floor":22},{"not_picked":["True Grit","Clash"],"picked":"Power Through","floor":24},{"not_picked":["Entrench+1","Flame Barrier"],"picked":"Rage","floor":25},{"not_picked":["True Grit","Havoc","Flex"],"picked":"SKIP","floor":27},{"not_picked":["Hemokinesis","Bludgeon"],"picked":"Rage","floor":28},{"not_picked":["Perfected Strike","Dropkick"],"picked":"Iron Wave","floor":30},{"not_picked":["Fiend Fire","Juggernaut"],"picked":"Brutality","floor":33},{"not_picked":["Iron Wave","Perfected Strike"],"picked":"Armaments+1","floor":35},{"not_picked":["Infernal Blade","Cleave+1"],"picked":"Sword Boomerang+1","floor":36},{"not_picked":["True Grit+1","Shrug It Off"],"picked":"Thunderclap+1","floor":37},{"not_picked":["Cleave+1","Dropkick"],"picked":"Rupture","floor":40},{"not_picked":["Ghostly Armor","Sever Soul+1"],"picked":"Infernal Blade+1","floor":44},{"not_picked":["Sword Boomerang+1","Thunderclap+1"],"picked":"Anger+1","floor":46},{"not_picked":["Clash+1","Hemokinesis+1"],"picked":"Fiend Fire+1","floor":48}],"player_experience":1084837,"relics_obtained":[{"floor":7,"key":"Blue Candle"},{"floor":9,"key":"Blood Vial"},{"floor":13,"key":"Oddly Smooth Stone"},{"floor":21,"key":"Red Mask"},{"floor":24,"key":"HornCleat"},{"floor":26,"key":"Pantograph"},{"floor":28,"key":"InkBottle"},{"floor":37,"key":"Charon\u0027s Ashes"},{"floor":43,"key":"Molten Egg 2"},{"floor":44,"key":"Gremlin Horn"},{"floor":46,"key":"Akabeko"}],"event_choices":[{"damage_healed":0,"gold_gain":0,"player_choice":"Success","damage_taken":3,"relics_obtained":["Slimebound:StickyStick"],"max_hp_gain":0,"max_hp_loss":0,"event_name":"Scrap Ooze","floor":3,"gold_loss":0},{"cards_removed":["Dark Embrace"],"damage_healed":14,"gold_gain":0,"player_choice":"Offered Uncommon","damage_taken":0,"max_hp_gain":0,"max_hp_loss":0,"event_name":"Bonfire Elementals","floor":4,"gold_loss":0},{"damage_healed":0,"gold_gain":0,"player_choice":"Obtained Relic","damage_taken":0,"relics_obtained":["Meat on the Bone"],"max_hp_gain":0,"max_hp_loss":0,"event_name":"Addict","floor":19,"gold_loss":85},{"damage_healed":0,"gold_gain":0,"player_choice":"Obtain J.A.X.","damage_taken":0,"max_hp_gain":0,"max_hp_loss":0,"event_name":"Drug Dealer","floor":20,"gold_loss":0,"cards_obtained":["J.A.X."]},{"damage_healed":0,"gold_gain":0,"player_choice":"Fought Bandits","damage_taken":0,"max_hp_gain":0,"max_hp_loss":0,"event_name":"Masked Bandits","floor":21,"gold_loss":0},{"damage_healed":0,"gold_gain":0,"player_choice":"Copied","damage_taken":0,"max_hp_gain":0,"max_hp_loss":0,"event_name":"Duplicator","floor":29,"gold_loss":0,"cards_obtained":["Anger"]},{"damage_healed":0,"gold_gain":100,"player_choice":"Pray","damage_taken":0,"max_hp_gain":0,"max_hp_loss":0,"event_name":"Golden Shrine","floor":31,"gold_loss":0},{"damage_healed":0,"gold_gain":0,"player_choice":"Fight","damage_taken":0,"max_hp_gain":0,"max_hp_loss":0,"event_name":"Mysterious Sphere","floor":37,"gold_loss":0},{"damage_healed":0,"gold_gain":0,"player_choice":"Ignored","damage_taken":0,"max_hp_gain":0,"max_hp_loss":0,"event_name":"Tomb of Lord Red Mask","floor":38,"gold_loss":0},{"damage_healed":0,"gold_gain":0,"player_choice":"Got Potions","damage_taken":0,"max_hp_gain":0,"max_hp_loss":0,"event_name":"Lab","floor":42,"gold_loss":0}],"is_beta":true,"boss_relics":[{"not_picked":["Runic Dome","Empty Cage"],"picked":"Fusion Hammer"},{"not_picked":["Coffee Dripper","Busted Crown"],"picked":"SlaversCollar"}],"items_purged_floors":[39],"is_endless":false,"potions_floor_spawned":[1,2,13,14,18,21,27,33,35,36,37,46,48],"ascension_level":1}}