{"host":"iz5gar30eciy4yf4","time":1614211447,"event":{"mods":["Act Like it!","BaseMod","Gensokyo","Hubris","Koishi","Marisa????????","Minty Spire (QoL Compilation)","Prisma Mod","Reimu??????","Relic Stats","StSLib"],"gold_per_floor":[115,215,215,225,225,225,258,289,314,342,361,371,405,424,424,528,528,542,269,219,219,139,174,174,185,185,185,185,204,204,224,224,323,323,337,337,357,173,190,218,218,246,271,271,271,271,341,354,354,354],"floor_reached":51,"language":"ENG","playtime":2718,"items_purged":[],"score":926,"play_id":"3fb99cbc-cfbc-43a8-b7d7-85ff234c7721","local_time":"20210224190407","is_ascension_mode":false,"campfire_choices":[{"data":"Gensokyo:CrescentMoonSlash","floor":6,"key":"SMITH"},{"data":"FinalSpark","floor":24,"key":"SMITH"},{"data":"OortCloud","floor":27,"key":"SMITH"},{"data":"hubris:DuctTapeCard","floor":32,"key":"SMITH"},{"data":"Apotheosis","floor":41,"key":"SMITH"},{"floor":44,"key":"REST"},{"data":"Gensokyo:UnlikelyAid","floor":46,"key":"SMITH"},{"data":"UltimateShortwave","floor":49,"key":"SMITH"}],"circlet_count":0,"master_deck":["Strike_MRS","Strike_MRS","Strike_MRS","Strike_MRS","Defend_MRS","Defend_MRS","Defend_MRS","Defend_MRS","MasterSpark","Gensokyo:CrescentMoonSlash+1","hubris:DuctTapeCard+2","UnstableBomb","FinalSpark+1","RefractionSpark","MysteriousBeam","DoubleSpark","PowerUp","PowerUp","UltimateShortwave+1","MilkyWay","Gensokyo:LockedMedkit","RefractionSpark","OortCloud+1","PowerUp+1","EventHorizon","AsteroidBelt","ChargeUpSpray","DeepEcoloBomb+1","MilkyWay+1","GalacticHalo+1","SporeBomb+1","Singularity+1","Gensokyo:UnlikelyAid+1","OpenUniverse+1"],"relics":["MiniHakkero","Gensokyo:MarisaImprobabilityPotion","hubris:DuctTape","Dream Catcher","PreservedInsect","Centennial Puzzle","Tiny Chest","RampagingMagicTools","ClockworkSouvenir","Unceasing Top","Pear","Gensokyo:ChorusOfJoy","hubris:SlimyHat","hubris:AstralHammer","RedLine:ReiMu","hubris:DeckOfHolding","Mastiff:ReiMu","Smiling Mask","hubris:PeanutButter"],"acts_visited":["Exordium","Gensokyo:Gensokyo","Gensokyo:Gensokyoer"],"potions_floor_usage":[7,8,10,13,14,23,29,33,39,50],"damage_taken":[{"damage":0,"enemies":"Gensokyo:2_Kodama","floor":1,"turns":4},{"damage":4,"enemies":"Gensokyo:Gryphon","floor":4,"turns":4},{"damage":0,"enemies":"Gensokyo:Mamizou","floor":7,"turns":4},{"damage":4,"enemies":"Gensokyo:Aya","floor":8,"turns":3},{"damage":0,"enemies":"Gensokyo:Aya","floor":10,"turns":2},{"damage":6,"enemies":"Gensokyo:Python","floor":11,"turns":3},{"damage":0,"enemies":"Gensokyo:LivingMonolith","floor":12,"turns":3},{"damage":18,"enemies":"Gensokyo:Mamizou","floor":13,"turns":5},{"damage":0,"enemies":"Gensokyo:VengefulSpirit","floor":14,"turns":2},{"damage":5,"enemies":"Gensokyo:Reimu","floor":16,"turns":4},{"damage":5,"enemies":"Gensokyo:AngelMirror","floor":18,"turns":2},{"damage":0,"enemies":"Gensokyo:Reisen","floor":23,"turns":3},{"damage":8,"enemies":"Gensokyo:CosmicMonolith","floor":25,"turns":4},{"damage":15,"enemies":"Gensokyo:Mirror_and_Dog","floor":29,"turns":3},{"damage":8,"enemies":"Gensokyo:Slime_Group","floor":31,"turns":3},{"damage":22,"enemies":"Gensokyo:Eiki","floor":33,"turns":3},{"damage":24,"enemies":"Gensokyo:AncientGuardian","floor":35,"turns":4},{"damage":0,"enemies":"Gensokyo:3_Bats","floor":37,"turns":3},{"damage":14,"enemies":"Gensokyo:Sharpion","floor":39,"turns":5},{"damage":12,"enemies":"Gensokyo:Kasen","floor":40,"turns":5},{"damage":0,"enemies":"Gensokyo:Doremy","floor":42,"turns":4},{"damage":27,"enemies":"Gensokyo:Doremy","floor":45,"turns":5},{"damage":0,"enemies":"Gensokyo:SeedOfUnknown","floor":48,"turns":3},{"damage":54,"enemies":"Gensokyo:Scarlet_Devils","floor":50,"turns":9}],"seed_played":"7153499245110759913","potions_obtained":[{"floor":0,"key":"Strength Potion"},{"floor":0,"key":"BottledSpark"},{"floor":0,"key":"Swift Potion"},{"floor":4,"key":"BlessingOfTheForge"},{"floor":10,"key":"DistilledChaos"},{"floor":11,"key":"Swift Potion"},{"floor":12,"key":"Energy Potion"},{"floor":14,"key":"MagicPotion:ReiMu"},{"floor":16,"key":"SpeedPotion"},{"floor":18,"key":"Explosive Potion"},{"floor":33,"key":"DuplicationPotion"},{"floor":39,"key":"GamblersBrew"},{"floor":42,"key":"EssenceOfSteel"}],"is_trial":false,"path_per_floor":["M","?","?","M","?","R","E","?","T","E","M","M","E","M","R","B",null,"M","COS","?","?","$","E","R","M","T","R","?","M","T","M","R","B",null,"M","?","M","$","M","E","R","E","T","R","?","R","T","M","R","B",null],"character_chosen":"MARISA","items_purchased":["OortCloud","Apotheosis"],"campfire_rested":1,"item_purchase_floors":[22,38],"current_hp_per_floor":[75,75,75,71,60,60,60,56,56,56,50,50,32,32,32,27,75,70,70,77,77,77,77,77,69,79,79,79,64,64,56,56,34,92,68,71,71,71,57,45,45,45,45,73,73,73,73,73,73,19],"gold":354,"neow_bonus":"THREE_SMALL_POTIONS","is_daily":false,"chose_seed":false,"campfire_upgraded":7,"win_rate":0.0,"timestamp":1614211447,"path_taken":["M","?","?","M","?","R","E","?","T","E","M","M","E","M","R","BOSS","M","COS","?","?","$","E","R","M","T","R","?","M","?","?","R","BOSS","M","?","M","$","M","E","R","E","T","R","?","R","?","M","R","BOSS"],"items_purchased_type":["Card","Card"],"build_version":"2020-12-22","purchased_purges":0,"victory":true,"max_hp_per_floor":[75,75,75,75,75,75,75,75,75,75,75,75,75,75,75,75,75,75,75,82,82,82,82,82,82,92,92,92,92,92,92,92,92,92,92,95,95,95,95,95,95,95,95,95,95,95,95,95,95,95],"relic_stats":{"Dream Catcher":1,"Centennial Puzzle":[38],"counters":[24,90],"Tiny Chest":2,"PreservedInsect":377,"Smiling Mask":0,"obtain_stats":[{"Gensokyo:ChorusOfJoy":28,"Pear":26,"hubris:DuctTape":7,"Gensokyo:MarisaIngredientList":3,"PreservedInsect":9,"hubris:SlimyHat":29,"Smiling Mask":43,"ClockworkSouvenir":19,"RedLine:ReiMu":34,"Dream Catcher":8,"Centennial Puzzle":10,"hubris:AstralHammer":30,"Mastiff:ReiMu":42,"Tiny Chest":13,"hubris:DeckOfHolding":40,"hubris:PeanutButter":47,"MiniHakkero":0,"RampagingMagicTools":17,"Gensokyo:MarisaImprobabilityPotion":15,"Unceasing Top":23},{"Gensokyo:ChorusOfJoy":13,"Pear":13,"hubris:DuctTape":3,"Gensokyo:MarisaIngredientList":1,"PreservedInsect":4,"hubris:SlimyHat":14,"Smiling Mask":21,"ClockworkSouvenir":11,"RedLine:ReiMu":16,"Dream Catcher":4,"Centennial Puzzle":5,"hubris:AstralHammer":14,"Mastiff:ReiMu":21,"Tiny Chest":8,"hubris:DeckOfHolding":20,"hubris:PeanutButter":22,"MiniHakkero":0,"RampagingMagicTools":10,"Gensokyo:MarisaImprobabilityPotion":9,"Unceasing Top":12},{"Gensokyo:ChorusOfJoy":43,"Pear":43,"hubris:DuctTape":12,"Gensokyo:MarisaIngredientList":4,"PreservedInsect":15,"hubris:SlimyHat":45,"Smiling Mask":73,"ClockworkSouvenir":36,"RedLine:ReiMu":52,"Dream Catcher":15,"Centennial Puzzle":17,"hubris:AstralHammer":46,"Mastiff:ReiMu":73,"Tiny Chest":28,"hubris:DeckOfHolding":69,"hubris:PeanutButter":78,"MiniHakkero":0,"RampagingMagicTools":34,"Gensokyo:MarisaImprobabilityPotion":30,"Unceasing Top":39}],"Unceasing Top":[10]},"card_choices":[{"not_picked":["AsteroidBelt","DeepEcoloBomb"],"picked":"6A","floor":1},{"not_picked":["MilkyWay","SporeBomb"],"picked":"MysteriousBeam","floor":4},{"not_picked":["GasGiant","IllusionStar"],"picked":"UnstableBomb","floor":7},{"not_picked":["ShootingEcho","Acceleration"],"picked":"FinalSpark","floor":8},{"not_picked":["NonDirectionalLaser","DragonMeteor"],"picked":"RefractionSpark","floor":10},{"not_picked":["UnstableBomb","Acceleration"],"picked":"MysteriousBeam","floor":11},{"not_picked":["PowerUp","Robbery"],"picked":"DoubleSpark","floor":12},{"not_picked":["AlicesGift","GravityBeat"],"picked":"PowerUp","floor":13},{"not_picked":["BigCrunch","OrrerysSun"],"picked":"PowerUp","floor":14},{"not_picked":["ManaRampage","JA"],"picked":"UltimateShortwave","floor":16},{"not_picked":["WitchOfGreed","WitchLeyline+1"],"picked":"MilkyWay","floor":18},{"not_picked":["PulseMagic","WitchOfGreed+1"],"picked":"PowerUp+1","floor":23},{"not_picked":["Orbital","ShootingEcho"],"picked":"EventHorizon","floor":25},{"not_picked":["GalacticHalo+1","6A"],"picked":"AsteroidBelt","floor":29},{"not_picked":["Orbital","Acceleration"],"picked":"ChargeUpSpray","floor":31},{"not_picked":["DC+1","ShootingEcho"],"picked":"DeepEcoloBomb+1","floor":35},{"not_picked":["MysteriousBeam+1","UnstableBomb+1"],"picked":"MilkyWay+1","floor":37},{"not_picked":["WitchLeyline+1","StarlightTyphoon"],"picked":"GalacticHalo+1","floor":39},{"not_picked":["SprinkleStarSeal","UltimateShortwave"],"picked":"SporeBomb+1","floor":40},{"not_picked":["NonDirectionalLaser","DC+1","SuperPerseids"],"picked":"SKIP","floor":42},{"not_picked":["StarBarrage","MagicChant"],"picked":"Singularity+1","floor":44},{"not_picked":["Gensokyo:HouraiInAPot","Gensokyo:MorningStar"],"picked":"Gensokyo:UnlikelyAid","floor":45},{"not_picked":["IllusionStar","BigCrunch"],"picked":"OpenUniverse+1","floor":48}],"player_experience":654086,"relics_obtained":[{"floor":7,"key":"hubris:DuctTape"},{"floor":8,"key":"Dream Catcher"},{"floor":9,"key":"PreservedInsect"},{"floor":10,"key":"Centennial Puzzle"},{"floor":13,"key":"Tiny Chest"},{"floor":23,"key":"Unceasing Top"},{"floor":26,"key":"Pear"},{"floor":30,"key":"hubris:AstralHammer"},{"floor":40,"key":"hubris:DeckOfHolding"},{"floor":42,"key":"Mastiff:ReiMu"},{"floor":43,"key":"Smiling Mask"},{"floor":47,"key":"hubris:PeanutButter"}],"event_choices":[],"is_beta":false,"boss_relics":[{"not_picked":["Busted Crown","hubris:Stopwatch"],"picked":"RampagingMagicTools"},{"not_picked":["hubris:CrackedHourglass","Tiny House"],"picked":"RedLine:ReiMu"}],"items_purged_floors":[],"is_endless":false,"potions_floor_spawned":[4,10,11,12,14,16,18,33,39,42],"ascension_level":0}}