{"host":"t75twhtg6c476ygg","time":1614277102,"event":{"mods":["AchievementEnabler","BaseMod","Colored Powertips","Minty Spire (QoL Compilation)","Quick Restart","Relic Stats","StSLib","SuperFastMode"],"gold_per_floor":[113,25,25,36,618,618,618,651,678,687,710,727,80,105,105,210,210,226,243,262,146,160,191,191,50,119,119,160,7,46,145,145,253,253,268,21,33,57,71,98,98,115,142,242,313,677,587,607,607,607,607,607,66,93,93],"floor_reached":56,"language":"ENG","playtime":4553,"items_purged":["Strike_G","Defend_G+1","Strike_G"],"score":1927,"play_id":"3fe62a18-703e-42f6-ab55-6f568185f162","local_time":"20210225181822","is_ascension_mode":true,"campfire_choices":[{"data":"Accuracy","floor":6.0,"key":"SMITH"},{"floor":15,"key":"DIG"},{"floor":24,"key":"DIG"},{"floor":27,"key":"DIG"},{"floor":32,"key":"DIG"},{"floor":41,"key":"DIG"},{"floor":49,"key":"DIG"},{"floor":52,"key":"DIG"}],"circlet_count":0,"master_deck":["Defend_G+1","Survivor+1","Neutralize+1","Masterful Stab+1","Footwork","Apotheosis+1","Accuracy","Accuracy+1","Infinite Blades","Blade Dance+1","Blade Dance+1","Accuracy","Blade Dance+1","Phantasmal Killer+1","Accuracy+1","A Thousand Cuts+1","Wraith Form v2+1","Caltrops+1","Blade Dance+1"],"relics":["Ring of the Serpent","NeowsBlessing","The Courier","Toxic Egg 2","Kunai","ClockworkSouvenir","Snake Skull","Juzu Bracelet","Incense Burner","Gambling Chip","FossilizedHelix","Membership Card","Unceasing Top","PreservedInsect","Bag of Preparation","Toy Ornithopter","Pen Nib","Ancient Tea Set","Shovel","HornCleat","Smiling Mask","Mummified Hand","CeramicFish","Torii","TungstenRod","Tiny Chest","Frozen Egg 2","Nunchaku","Blue Candle","Darkstone Periapt","Centennial Puzzle","Eternal Feather","Orichalcum","Bottled Flame","Smiling Mask","Bag of Marbles","Lee\u0027s Waffle","Letter Opener","The Courier","Bronze Scales","War Paint","Vajra","MealTicket","Akabeko","Happy Flower","Bird Faced Urn","Bottled Tornado","Whetstone","Omamori","Mercury Hourglass","InkBottle","Matryoshka","Sundial","Blood Vial","Question Card","Calipers","Bottled Lightning","Gremlin Horn","Oddly Smooth Stone","CaptainsWheel","Busted Crown","Paper Crane","Ornamental Fan","Molten Egg 2","Mango","Shuriken","Ninja Scroll","Pantograph","Old Coin","Mummified Hand","Thread and Needle","TwistedFunnel","Lizard Tail","StoneCalendar","Ice Cream","Ginger","The Specimen"],"acts_visited":["Exordium","TheCity","TheBeyond","TheEnding"],"potions_floor_usage":[55],"damage_taken":[{"damage":0.0,"enemies":"Small Slimes","floor":1.0,"turns":1.0},{"damage":0.0,"enemies":"2 Louse","floor":4.0,"turns":1.0},{"damage":0.0,"enemies":"3 Sentries","floor":8.0,"turns":1.0},{"damage":0.0,"enemies":"Jaw Worm","floor":11.0,"turns":1.0},{"damage":0.0,"enemies":"Lots of Slimes","floor":12.0,"turns":2.0},{"damage":0.0,"enemies":"Gremlin Nob","floor":14.0,"turns":2.0},{"damage":0,"enemies":"Slime Boss","floor":16,"turns":2},{"damage":0,"enemies":"3 Byrds","floor":18,"turns":2},{"damage":0,"enemies":"Chosen","floor":19,"turns":2},{"damage":0,"enemies":"Centurion and Healer","floor":20,"turns":2},{"damage":0,"enemies":"Snake Plant","floor":22,"turns":1},{"damage":0,"enemies":"Book of Stabbing","floor":23,"turns":1},{"damage":0,"enemies":"Slavers","floor":28,"turns":1},{"damage":0,"enemies":"Gremlin Leader","floor":30,"turns":2},{"damage":0,"enemies":"Collector","floor":33,"turns":2},{"damage":0,"enemies":"3 Shapes","floor":35,"turns":1},{"damage":0,"enemies":"3 Darklings","floor":37,"turns":1},{"damage":0,"enemies":"Writhing Mass","floor":38,"turns":1},{"damage":0,"enemies":"Jaw Worm Horde","floor":39,"turns":1},{"damage":0,"enemies":"Reptomancer","floor":40,"turns":1},{"damage":0,"enemies":"Transient","floor":42,"turns":3},{"damage":0,"enemies":"2 Orb Walkers","floor":46,"turns":1},{"damage":0,"enemies":"Spire Growth","floor":48,"turns":1},{"damage":0,"enemies":"Time Eater","floor":50,"turns":3},{"damage":0,"enemies":"Shield and Spear","floor":54,"turns":1},{"damage":0,"enemies":"The Heart","floor":55,"turns":3}],"seed_played":"-2424381971964070624","potions_obtained":[{"floor":4.0,"key":"SneckoOil"},{"floor":8.0,"key":"Energy Potion"},{"floor":20,"key":"Fire Potion"}],"is_trial":false,"path_per_floor":["M","$","?","M","$","R","?","E","T","?","M","M","$","E","R","B",null,"M","M","M","$","M","E","R","$","T","R","E","$","E","?","R","B",null,"M","$","M","M","M","E","R","M","T","?","T","?","?","M","R","B",null,"R","$","E","B",null],"character_chosen":"THE_SILENT","items_purchased":["Toxic Egg 2","Kunai","ClockworkSouvenir","Snake Skull","Juzu Bracelet","Incense Burner","Gambling Chip","FossilizedHelix","Unceasing Top","PreservedInsect","Bag of Preparation","Toy Ornithopter","Pen Nib","Ancient Tea Set","Shovel","Apotheosis+1","HornCleat","Accuracy","Accuracy","Infinite Blades","Tiny Chest","Frozen Egg 2","Nunchaku","Blue Candle","Darkstone Periapt","Centennial Puzzle","Eternal Feather","Orichalcum","Bag of Marbles","Lee\u0027s Waffle","Accuracy+1","Bronze Scales","War Paint","Vajra","MealTicket","Akabeko","Happy Flower","Bird Faced Urn","Bottled Tornado","Good Instincts+1","Whetstone","Omamori","Mercury Hourglass","InkBottle","Matryoshka","Sundial","Gremlin Horn","Paper Crane","Ornamental Fan","TwistedFunnel","Lizard Tail","StoneCalendar","Ice Cream","Ginger"],"campfire_rested":0,"item_purchase_floors":[2,2,2,2,2,2,2,2,2,2,2,2,2,2,5,5,5,5,5,5,13,13,13,13,13,13,13,13,21,21,25,25,25,25,25,25,25,25,25,25,25,25,25,25,25,25,29,36,36,53,53,53,53,53],"current_hp_per_floor":[70,70,56,56,56,56,49,49,49,49,49,49,49,49,58,58,70,70,70,70,77,77,77,77,77,77,77,77,77,77,77,77,77,77,77,77,77,77,77,77,91,91,91,91,91,91,91,91,91,91,91,91,91,91,91],"gold":93,"neow_bonus":"THREE_ENEMY_KILL","is_daily":false,"chose_seed":false,"campfire_upgraded":1,"win_rate":0.0,"timestamp":1614277102,"path_taken":["M","$","?","M","$","R","?","E","T","?","M","M","?","E","R","BOSS","M","M","M","$","M","E","R","$","T","R","E","?","E","?","R","BOSS","M","$","M","M","M","E","R","M","T","?","?","?","?","M","R","BOSS","R","$","E","BOSS"],"items_purchased_type":["Relic","Relic","Relic","Relic","Relic","Relic","Relic","Relic","Relic","Relic","Relic","Relic","Relic","Relic","Relic","Card","Relic","Card","Card","Card","Relic","Relic","Relic","Relic","Relic","Relic","Relic","Relic","Relic","Relic","Card","Relic","Relic","Relic","Relic","Relic","Relic","Relic","Relic","Card","Relic","Relic","Relic","Relic","Relic","Relic","Relic","Relic","Relic","Relic","Relic","Relic","Relic","Relic"],"build_version":"2020-12-22","purchased_purges":3,"victory":true,"max_hp_per_floor":[70,70,70,70,70,70,70,70,70,70,70,70,70,70,70,70,70,70,70,70,77,77,77,77,77,77,77,77,77,77,77,77,77,77,77,77,77,77,77,77,91,91,91,91,91,91,91,91,91,91,91,91,91,91,91],"relic_stats":{"Darkstone Periapt":0,"Torii":0,"Gremlin Horn":[14,14],"CeramicFish":90,"StoneCalendar":[0],"Snake Skull":[3],"Juzu Bracelet":0,"Bag of Preparation":[45],"Whetstone":["Neutralize","Masterful Stab"],"Ginger":[2],"Smiling Mask":-30,"Blood Vial":0,"Nunchaku":[19],"Centennial Puzzle":[0],"Lizard Tail":0,"Shovel":7,"Mummified Hand":[111],"Sundial":[2],"Gambling Chip":[16],"Pantograph":0,"Tiny Chest":1,"MealTicket":0,"Kunai":[57],"InkBottle":[27],"Lee\u0027s Waffle":7,"Happy Flower":[7],"counters":[26,40],"Blue Candle":[0],"Eternal Feather":9,"PreservedInsect":270,"Pen Nib":[20],"Letter Opener":[115],"Orichalcum":[12],"War Paint":["Defend_G","Defend_G"],"Question Card":12,"Mercury Hourglass":[105],"Busted Crown":18,"Ornamental Fan":[136],"Shuriken":[20],"Bronze Scales":[51],"Bird Faced Urn":[0],"obtain_stats":[{"TwistedFunnel":53,"Ice Cream":53,"Calipers":27,"Gremlin Horn":29,"CeramicFish":9,"Vajra":25,"Whetstone":25,"Ginger":53,"Bottled Tornado":25,"Old Coin":46,"Blood Vial":26,"Centennial Puzzle":13,"Lizard Tail":53,"HornCleat":5,"Sundial":25,"MealTicket":25,"Kunai":2,"Toxic Egg 2":2,"Happy Flower":25,"Blue Candle":13,"Oddly Smooth Stone":30,"Eternal Feather":13,"Pen Nib":2,"Letter Opener":23,"War Paint":25,"Paper Crane":36,"Question Card":26,"Akabeko":25,"Bottled Flame":14,"Shuriken":43,"Bronze Scales":25,"Bird Faced Urn":25,"Molten Egg 2":40,"Unceasing Top":2,"Ring of the Serpent":17,"Darkstone Periapt":13,"Torii":10,"Mango":41,"StoneCalendar":53,"Snake Skull":2,"Juzu Bracelet":2,"Incense Burner":2,"Bag of Preparation":2,"Ancient Tea Set":2,"Smiling Mask":5,"ClockworkSouvenir":2,"Nunchaku":13,"Shovel":5,"Matryoshka":25,"Mummified Hand":6,"Ninja Scroll":43,"Gambling Chip":2,"Pantograph":45,"Tiny Chest":13,"InkBottle":25,"Ring of the Snake":0,"Lee\u0027s Waffle":21,"NeowsBlessing":0,"The Specimen":54,"Thread and Needle":52,"The Courier":1,"PreservedInsect":2,"Omamori":25,"Frozen Egg 2":13,"Orichalcum":13,"Mercury Hourglass":25,"CaptainsWheel":32,"Busted Crown":34,"Ornamental Fan":36,"Bag of Marbles":21,"Membership Card":2,"Bottled Lightning":28,"FossilizedHelix":2,"Toy Ornithopter":2,"TungstenRod":10},{"TwistedFunnel":24,"Ice Cream":24,"Calipers":12,"Gremlin Horn":13,"CeramicFish":3,"Vajra":12,"Whetstone":12,"Ginger":24,"Bottled Tornado":12,"Old Coin":22,"Blood Vial":12,"Centennial Puzzle":5,"Lizard Tail":24,"HornCleat":2,"Sundial":12,"MealTicket":12,"Kunai":1,"Toxic Egg 2":1,"Happy Flower":12,"Blue Candle":5,"Oddly Smooth Stone":14,"Eternal Feather":5,"Pen Nib":1,"Letter Opener":12,"War Paint":12,"Paper Crane":16,"Question Card":12,"Akabeko":12,"Bottled Flame":6,"Shuriken":21,"Bronze Scales":12,"Bird Faced Urn":12,"Molten Egg 2":20,"Unceasing Top":1,"Ring of the Serpent":7,"Darkstone Periapt":5,"Torii":3,"Mango":20,"StoneCalendar":24,"Snake Skull":1,"Juzu Bracelet":1,"Incense Burner":1,"Bag of Preparation":1,"Ancient Tea Set":1,"Smiling Mask":2,"ClockworkSouvenir":1,"Nunchaku":5,"Shovel":2,"Matryoshka":12,"Mummified Hand":2,"Ninja Scroll":21,"Gambling Chip":1,"Pantograph":21,"Tiny Chest":5,"InkBottle":12,"Ring of the Snake":0,"Lee\u0027s Waffle":10,"NeowsBlessing":0,"The Specimen":25,"Thread and Needle":24,"The Courier":1,"PreservedInsect":1,"Omamori":12,"Frozen Egg 2":5,"Orichalcum":5,"Mercury Hourglass":12,"CaptainsWheel":14,"Busted Crown":15,"Ornamental Fan":16,"Bag of Marbles":10,"Membership Card":1,"Bottled Lightning":13,"FossilizedHelix":1,"Toy Ornithopter":1,"TungstenRod":3},{"TwistedFunnel":36,"Ice Cream":36,"Calipers":18,"Gremlin Horn":19,"CeramicFish":3,"Vajra":18,"Whetstone":18,"Ginger":36,"Bottled Tornado":18,"Old Coin":32,"Blood Vial":18,"Centennial Puzzle":6,"Lizard Tail":36,"HornCleat":2,"Sundial":18,"MealTicket":18,"Kunai":1,"Toxic Egg 2":1,"Happy Flower":18,"Blue Candle":6,"Oddly Smooth Stone":21,"Eternal Feather":6,"Pen Nib":1,"Letter Opener":18,"War Paint":18,"Paper Crane":24,"Question Card":18,"Akabeko":18,"Bottled Flame":8,"Shuriken":31,"Bronze Scales":18,"Bird Faced Urn":18,"Molten Egg 2":28,"Unceasing Top":1,"Ring of the Serpent":10,"Darkstone Periapt":6,"Torii":3,"Mango":28,"StoneCalendar":36,"Snake Skull":1,"Juzu Bracelet":1,"Incense Burner":1,"Bag of Preparation":1,"Ancient Tea Set":1,"Smiling Mask":2,"ClockworkSouvenir":1,"Nunchaku":6,"Shovel":2,"Matryoshka":18,"Mummified Hand":2,"Ninja Scroll":31,"Gambling Chip":1,"Pantograph":31,"Tiny Chest":6,"InkBottle":18,"Ring of the Snake":0,"Lee\u0027s Waffle":16,"NeowsBlessing":0,"The Specimen":37,"Thread and Needle":36,"The Courier":1,"PreservedInsect":1,"Omamori":18,"Frozen Egg 2":6,"Orichalcum":6,"Mercury Hourglass":18,"CaptainsWheel":21,"Busted Crown":23,"Ornamental Fan":24,"Bag of Marbles":16,"Membership Card":1,"Bottled Lightning":19,"FossilizedHelix":1,"Toy Ornithopter":1,"TungstenRod":3}],"Unceasing Top":[10],"Toy Ornithopter":0,"TungstenRod":7},"card_choices":[{"not_picked":["Poisoned Stab","Acrobatics"],"picked":"Masterful Stab","floor":1.0},{"not_picked":["Prepared+1","Riddle With Holes"],"picked":"Footwork","floor":4.0},{"not_picked":["Finisher","Underhanded Strike"],"picked":"Accuracy","floor":8.0},{"not_picked":["Outmaneuver+1","Tactician+1"],"picked":"Blade Dance+1","floor":11.0},{"not_picked":["Backflip+1","Deflect+1","Slice"],"picked":"SKIP","floor":12.0},{"not_picked":["Terror+1","Poisoned Stab","Dodge and Roll+1"],"picked":"SKIP","floor":14},{"not_picked":["Unload","Tools of the Trade+1"],"picked":"Phantasmal Killer+1","floor":16},{"not_picked":["Crippling Poison+1","Heel Hook","Cloak And Dagger+1"],"picked":"SKIP","floor":18},{"not_picked":["Cloak And Dagger+1","Expertise+1","Poisoned Stab+1"],"picked":"SKIP","floor":19},{"not_picked":["PiercingWail+1","Bane","Dagger Spray+1"],"picked":"SKIP","floor":20},{"not_picked":["Outmaneuver+1","Slice","Sucker Punch"],"picked":"SKIP","floor":22},{"not_picked":["Die Die Die","Underhanded Strike","PiercingWail+1"],"picked":"SKIP","floor":23},{"not_picked":["Quick Slash","Slice","Crippling Poison+1"],"picked":"Dagger Spray","floor":28},{"not_picked":["Bane+1","Underhanded Strike+1","Backflip+1"],"picked":"A Thousand Cuts+1","floor":30},{"not_picked":["Venomology+1","Bullet Time+1","Doppelganger+1"],"picked":"Wraith Form v2+1","floor":33},{"not_picked":["Well Laid Plans+1","Leg Sweep+1"],"picked":"SKIP","floor":35},{"not_picked":["Masterful Stab+1","Outmaneuver+1"],"picked":"SKIP","floor":37},{"not_picked":["Prepared+1"],"picked":"Caltrops+1","floor":38},{"not_picked":["Dodge and Roll+1","Sucker Punch"],"picked":"SKIP","floor":39},{"not_picked":["Cloak And Dagger+1","Slice+1"],"picked":"SKIP","floor":40},{"not_picked":["Underhanded Strike+1","Quick Slash+1"],"picked":"SKIP","floor":42},{"not_picked":["Dash+1"],"picked":"Blade Dance+1","floor":46},{"not_picked":["Dash+1","Bane+1"],"picked":"SKIP","floor":48},{"not_picked":["Deflect+1","Underhanded Strike+1"],"picked":"SKIP","floor":54}],"player_experience":475991,"relics_obtained":[{"floor":9.0,"key":"CeramicFish"},{"floor":14,"key":"Bottled Flame"},{"floor":15,"key":"Smiling Mask"},{"floor":23,"key":"Letter Opener"},{"floor":24,"key":"The Courier"},{"floor":26,"key":"Blood Vial"},{"floor":26,"key":"Question Card"},{"floor":27,"key":"Calipers"},{"floor":28,"key":"Bottled Lightning"},{"floor":30,"key":"Oddly Smooth Stone"},{"floor":32,"key":"CaptainsWheel"},{"floor":40,"key":"Molten Egg 2"},{"floor":41,"key":"Mango"},{"floor":43,"key":"Shuriken"},{"floor":43,"key":"Ninja Scroll"},{"floor":45,"key":"Pantograph"},{"floor":46,"key":"Old Coin"},{"floor":49,"key":"Mummified Hand"},{"floor":52,"key":"Thread and Needle"},{"floor":54,"key":"The Specimen"}],"event_choices":[{"damage_healed":0.0,"max_hp_gain":0.0,"max_hp_loss":0.0,"gold_gain":0.0,"event_name":"Shining Light","player_choice":"Entered Light","floor":3.0,"gold_loss":0.0,"damage_taken":14.0,"cards_upgraded":["Defend_G","Defend_G"]},{"cards_removed":["Strike_G"],"damage_healed":0.0,"max_hp_gain":0.0,"max_hp_loss":0.0,"gold_gain":0.0,"event_name":"Golden Wing","player_choice":"Card Removal","floor":7.0,"gold_loss":0.0,"damage_taken":7.0},{"damage_healed":0.0,"max_hp_gain":0.0,"max_hp_loss":0.0,"gold_gain":0.0,"cards_transformed":["Strike_G"],"event_name":"Living Wall","player_choice":"Change","floor":10.0,"gold_loss":0.0,"damage_taken":0.0,"cards_obtained":["Reflex"]},{"damage_healed":0,"gold_gain":99,"player_choice":"Stole From Cult","damage_taken":0,"max_hp_gain":0,"max_hp_loss":0,"event_name":"Nest","floor":31,"gold_loss":0},{"damage_healed":0,"gold_gain":100,"player_choice":"Pray","damage_taken":0,"max_hp_gain":0,"max_hp_loss":0,"event_name":"Golden Shrine","floor":44,"gold_loss":0},{"damage_healed":0,"gold_gain":0,"player_choice":"Fight","damage_taken":0,"max_hp_gain":0,"max_hp_loss":0,"event_name":"Mysterious Sphere","floor":46,"gold_loss":0},{"cards_removed":["Dagger Spray"],"damage_healed":0,"gold_gain":0,"player_choice":"Upgrade and Remove","damage_taken":0,"max_hp_gain":0,"max_hp_loss":0,"event_name":"Designer","floor":47,"gold_loss":90,"cards_upgraded":["Survivor"]}],"is_beta":false,"boss_relics":[{"not_picked":["Black Star","Coffee Dripper"],"picked":"Ring of the Serpent"},{"not_picked":["Pandora\u0027s Box","SlaversCollar"],"picked":"Busted Crown"}],"items_purged_floors":[5,29,36],"is_endless":false,"potions_floor_spawned":[4,8,20,23,35,39,40],"ascension_level":2}}