{"host":"dyzdf8svqmiivg97","time":1614269907,"event":{"mods":["AchievementEnabler","BaseMod","Colored Map","DeckTracker","Minty Spire (QoL Compilation)","Quick Restart","Rare Cards Sparkle","SuperFastMode"],"gold_per_floor":[361,361,377,389,407,407,433,453,453,403,403,422,106,120,120,197,197,197,122,122,53,53,53,53,53,53],"floor_reached":25,"language":"KOR","playtime":502,"items_purged":["Strike_P"],"score":388,"play_id":"f9ac4840-3ad1-4237-9170-8fb1ce0975c1","local_time":"20210226011827","is_ascension_mode":true,"campfire_choices":[{"data":"Eruption","floor":6,"key":"SMITH"},{"data":"EmptyFist","floor":11,"key":"SMITH"},{"data":"CutThroughFate","floor":15,"key":"SMITH"},{"data":"MentalFortress","floor":23,"key":"SMITH"}],"circlet_count":0,"master_deck":["AscendersBane","Strike_P","Defend_P","Defend_P","Defend_P","Defend_P","Eruption+1","Vigilance","EmptyFist+1","CutThroughFate+1","FearNoEvil","FollowUp","TalkToTheHand","MentalFortress+1"],"relics":["PureWater","Lantern","Turnip","Toxic Egg 2","Ectoplasm"],"acts_visited":["Exordium","TheCity"],"potions_floor_usage":[24],"damage_taken":[{"damage":1,"enemies":"2 Louse","floor":1,"turns":3},{"damage":1,"enemies":"Cultist","floor":3,"turns":3},{"damage":5,"enemies":"Small Slimes","floor":4,"turns":2},{"damage":5,"enemies":"2 Fungi Beasts","floor":5,"turns":4},{"damage":0,"enemies":"Gremlin Nob","floor":7,"turns":2},{"damage":0,"enemies":"Looter","floor":8,"turns":1},{"damage":0,"enemies":"Large Slime","floor":12,"turns":2},{"damage":0,"enemies":"Blue Slaver","floor":14,"turns":1},{"damage":43,"enemies":"Hexaghost","floor":16,"turns":9},{"damage":0,"enemies":"Spheric Guardian","floor":18,"turns":1},{"damage":6,"enemies":"3 Byrds","floor":24,"turns":6},{"damage":26,"enemies":"Gremlin Leader","floor":25,"turns":6}],"seed_played":"1732126384570312956","potions_obtained":[{"floor":1,"key":"DuplicationPotion"},{"floor":5,"key":"Block Potion"},{"floor":16,"key":"Block Potion"},{"floor":18,"key":"SteroidPotion"}],"is_trial":false,"path_per_floor":["M","?","M","M","M","R","E","M","T","?","R","M","$","M","R","B",null,"M","?","?","$","?","R","M","E"],"character_chosen":"WATCHER","items_purchased":["Toxic Egg 2","MentalFortress"],"campfire_rested":0,"item_purchase_floors":[13,21],"current_hp_per_floor":[60,60,59,54,49,49,49,49,49,49,49,49,49,49,49,6,48,48,48,48,48,48,48,42,16,16],"gold":53,"neow_bonus":"TWO_FIFTY_GOLD","is_daily":false,"chose_seed":false,"campfire_upgraded":4,"win_rate":0.0,"timestamp":1614269907,"path_taken":["M","?","M","M","M","R","E","?","T","?","R","M","$","M","R","BOSS","M","?","?","$","?","R","M","E"],"items_purchased_type":["Relic","Card"],"build_version":"2020-12-22","purchased_purges":1,"victory":false,"max_hp_per_floor":[62,62,62,62,62,62,62,62,62,62,62,62,62,62,62,62,62,62,62,62,62,62,62,62,62,62],"card_choices":[{"not_picked":["LikeWater","BowlingBash"],"picked":"EmptyFist","floor":1},{"not_picked":["Prostrate","EmptyBody"],"picked":"FearNoEvil","floor":3},{"not_picked":["EmptyFist","Worship"],"picked":"FollowUp","floor":4},{"not_picked":["CrushJoints","SpiritShield","EmptyFist"],"picked":"SKIP","floor":5},{"not_picked":["FlyingSleeves","PathToVictory","Conclude"],"picked":"SKIP","floor":7},{"not_picked":["DeceiveReality","FlurryOfBlows","ClearTheMind"],"picked":"SKIP","floor":8},{"not_picked":["ThirdEye","BowlingBash","EmptyBody"],"picked":"SKIP","floor":12},{"not_picked":["Prostrate+1","PathToVictory+1","SashWhip"],"picked":"SKIP","floor":14},{"not_picked":["SashWhip","EmptyBody+1"],"picked":"TalkToTheHand","floor":18},{"not_picked":["WheelKick","CutThroughFate","Conclude"],"picked":"SKIP","floor":24}],"player_experience":607507,"relics_obtained":[{"floor":7,"key":"Lantern"},{"floor":9,"key":"Turnip"}],"event_choices":[{"damage_healed":0,"gold_gain":0,"player_choice":"1 cards matched","damage_taken":0,"max_hp_gain":0,"max_hp_loss":0,"event_name":"Match and Keep!","floor":2,"gold_loss":0,"cards_obtained":["CutThroughFate"]},{"cards_removed":["Strike_P"],"damage_healed":0,"gold_gain":0,"player_choice":"Card Removal","damage_taken":0,"max_hp_gain":0,"max_hp_loss":0,"event_name":"The Cleric","floor":10,"gold_loss":50},{"cards_removed":["Strike_P"],"damage_healed":0,"gold_gain":0,"player_choice":"Gave Gold","damage_taken":0,"max_hp_gain":0,"max_hp_loss":0,"event_name":"Beggar","floor":19,"gold_loss":75},{"damage_healed":0,"gold_gain":99,"player_choice":"Stole From Cult","damage_taken":0,"max_hp_gain":0,"max_hp_loss":0,"event_name":"Nest","floor":20,"gold_loss":0},{"damage_healed":0,"gold_gain":0,"player_choice":"Ignored","damage_taken":0,"max_hp_gain":0,"max_hp_loss":0,"event_name":"Ghosts","floor":22,"gold_loss":0}],"is_beta":false,"boss_relics":[{"not_picked":["Runic Pyramid","SlaversCollar"],"picked":"Ectoplasm"}],"items_purged_floors":[13],"is_endless":false,"potions_floor_spawned":[1,5,16,18],"killed_by":"Gremlin Leader","ascension_level":14}}