{"host":"kda2p2afd6bvz6qo","time":1614286270,"event":{"mods":["BaseMod","Colored Map","Minty Spire (QoL Compilation)","Relic Stats"],"gold_per_floor":[115,290,301,301,315,315,354,354,354,372,391,391,2,46,46,172,172,190,190,213,41,59,59,59,59],"floor_reached":24,"language":"ENG","playtime":1169,"items_purged":["Doubt","Decay"],"score":370,"play_id":"f9df8741-bd19-45a5-ba5b-e659a3d6c7c9","local_time":"20210225205110","is_ascension_mode":true,"campfire_choices":[{"data":"Consume","floor":6.0,"key":"SMITH"},{"floor":8.0,"key":"REST"},{"floor":12.0,"key":"REST"},{"data":"Doom and Gloom","floor":15.0,"key":"SMITH"},{"data":"Capacitor","floor":23,"key":"SMITH"}],"circlet_count":0,"master_deck":["AscendersBane","Strike_B","Strike_B","Strike_B","Strike_B","Defend_B","Defend_B","Defend_B","Defend_B","Zap","Dualcast","Rebound","Genetic Algorithm","Consume+1","Doom and Gloom+1","Conserve Battery","Cold Snap","Undo","Lockon","Core Surge","Meteor Strike","Self Repair","Reinforced Body","Capacitor+1"],"relics":["Runic Dome","Golden Idol","Mercury Hourglass","Singing Bowl","Regal Pillow","Lantern","Black Star"],"acts_visited":["Exordium","TheCity"],"potions_floor_usage":[24],"damage_taken":[{"damage":14.0,"enemies":"Small Slimes","floor":1.0,"turns":4.0},{"damage":0.0,"enemies":"2 Louse","floor":3.0,"turns":4.0},{"damage":0.0,"enemies":"Cultist","floor":5.0,"turns":4.0},{"damage":38.0,"enemies":"3 Sentries","floor":7.0,"turns":10.0},{"damage":7.0,"enemies":"Looter","floor":10.0,"turns":4.0},{"damage":5.0,"enemies":"2 Fungi Beasts","floor":11.0,"turns":3.0},{"damage":0.0,"enemies":"Lagavulin","floor":14.0,"turns":4.0},{"damage":3.0,"enemies":"Slime Boss","floor":16.0,"turns":5.0},{"damage":15.0,"enemies":"Spheric Guardian","floor":18.0,"turns":5.0},{"damage":15.0,"enemies":"Shell Parasite","floor":20.0,"turns":5.0},{"damage":9,"enemies":"3 Cultists","floor":22,"turns":5},{"damage":60,"enemies":"Book of Stabbing","floor":24,"turns":5}],"seed_played":"4855968977913316250","potions_obtained":[{"floor":1.0,"key":"EssenceOfSteel"},{"floor":10.0,"key":"Weak Potion"},{"floor":20.0,"key":"FairyPotion"},{"floor":22,"key":"DuplicationPotion"}],"is_trial":false,"path_per_floor":["M","?","M","?","M","R","E","R","T","M","M","R","$","E","R","B",null,"M","?","M","$","M","R","E"],"character_chosen":"DEFECT","items_purchased":["Undo","Lockon","Regal Pillow","AttackPotion","Capacitor"],"campfire_rested":2,"item_purchase_floors":[13,13,13,13,21],"current_hp_per_floor":[54,54,54,54,54,54,16,36,36,29,24,44,44,44,44,41,62,47,47,39,39,39,39,0,0],"gold":59,"neow_bonus":"BOSS_RELIC","is_daily":false,"chose_seed":false,"campfire_upgraded":3,"win_rate":0.0,"timestamp":1614286270,"path_taken":["M","?","M","?","M","R","E","R","T","M","M","R","$","E","R","BOSS","M","?","?","$","M","R","E"],"items_purchased_type":["Card","Card","Relic","Potion","Card"],"build_version":"2020-12-22","purchased_purges":2,"victory":false,"max_hp_per_floor":[75,75,75,69,69,69,69,69,69,69,69,69,69,69,69,69,69,69,69,69,69,71,71,71,71],"relic_stats":{"Regal Pillow":0,"Singing Bowl":2,"counters":[12,58],"Golden Idol":66,"Black Star":0,"obtain_stats":[{"Runic Dome":0,"Regal Pillow":13,"Lantern":14,"Singing Bowl":9,"Golden Idol":4,"Black Star":17,"Cracked Core":0,"Mercury Hourglass":7},{"Runic Dome":0,"Regal Pillow":6,"Lantern":7,"Singing Bowl":4,"Golden Idol":2,"Black Star":8,"Cracked Core":0,"Mercury Hourglass":4},{"Runic Dome":0,"Regal Pillow":29,"Lantern":33,"Singing Bowl":22,"Golden Idol":8,"Black Star":38,"Cracked Core":0,"Mercury Hourglass":22}],"Mercury Hourglass":[102]},"card_choices":[{"not_picked":["Double Energy","Go for the Eyes"],"picked":"Rebound","floor":1.0},{"not_picked":["Cold Snap","Leap"],"picked":"Genetic Algorithm","floor":3.0},{"not_picked":["Leap","Streamline"],"picked":"Consume","floor":5.0},{"not_picked":["Double Energy","Hologram"],"picked":"Doom and Gloom","floor":7.0},{"not_picked":["Streamline","Compile Driver"],"picked":"Conserve Battery","floor":10.0},{"not_picked":["Leap","Sweeping Beam"],"picked":"Cold Snap","floor":11.0},{"not_picked":["Streamline","Leap"],"picked":"Core Surge","floor":14.0},{"not_picked":["Thunder Strike","Buffer"],"picked":"Meteor Strike","floor":16.0},{"not_picked":["Steam","Go for the Eyes"],"picked":"Self Repair","floor":18.0},{"not_picked":["Doom and Gloom","Ball Lightning"],"picked":"Reinforced Body","floor":20.0},{"not_picked":["Fusion","Rebound","Double Energy"],"picked":"Singing Bowl","floor":22}],"player_experience":319913,"relics_obtained":[{"floor":7.0,"key":"Mercury Hourglass"},{"floor":9.0,"key":"Singing Bowl"},{"floor":14.0,"key":"Lantern"}],"event_choices":[{"damage_healed":0.0,"max_hp_gain":0.0,"max_hp_loss":0.0,"gold_gain":175.0,"event_name":"Liars Game","player_choice":"AGREE","floor":2.0,"gold_loss":0.0,"damage_taken":0.0,"cards_obtained":["Doubt"]},{"damage_healed":0.0,"max_hp_gain":0.0,"max_hp_loss":6.0,"gold_gain":0.0,"event_name":"Golden Idol","player_choice":"Lose Max HP","floor":4.0,"gold_loss":0.0,"damage_taken":0.0,"relics_obtained":["Golden Idol"]},{"damage_healed":0.0,"max_hp_gain":0.0,"max_hp_loss":0.0,"gold_gain":0.0,"event_name":"Wheel of Change","player_choice":"Cursed","floor":19.0,"gold_loss":0.0,"damage_taken":0.0,"cards_obtained":["Decay"]}],"is_beta":false,"boss_relics":[{"not_picked":["Cursed Key","Fusion Hammer"],"picked":"Black Star"}],"items_purged_floors":[13,21],"is_endless":false,"potions_floor_spawned":[1,10,20,22],"killed_by":"Book of Stabbing","ascension_level":12}}