{"host":"o5lch9xvacbb0fa4","time":1614272019,"event":{"mods":["AchievementEnabler","Act Like it!","Aspiration","BaseMod","Better Altar","Better Match","Better Note","Better Sensory Stone","Better Skull","Better Third Choice","Better Vampires","BetterRewards","CCEM","Colored Map","Conspire","Downfall","GifTheSpireLib","Googly Eyes","GungeonMod","Halation","Hermit","Highlight Path","Hubris","Infinite Spire","Jedi Mod","Jorbs\u0027s Wanderer Trilogy","Marisa????????","Marked Mod","Mimic Mod","Minty Spire (QoL Compilation)","Permanent Neow","Relic Filter","Relic Sorter","Relic Stats","Replay The Spire","Shade Mod","Shop Mod","Small Relic Pack","StSLib","Stuff the Spire","The Blackbeard","The Cursed","The Runesmith","Unceasing Turn Reminder","everything is the same but u backflip on backflip","slay the spire mod where everything is the same but ironclad has a cowboy hat"],"gold_per_floor":[119,133,144,144,159,159,191,191,217,230,230,20,20,20,20,116,116,128,128,128,128,143,169,169,169,169,187,200,213,213,230,230,230,230],"floor_reached":33,"playtime":1595,"items_purged":["Shade:Strike_Shade","Shade:Defend_Shade"],"score":317,"play_id":"08e28fec-d3fc-47ec-a26d-9290246e492e","local_time":"20210226005339","is_ascension_mode":false,"campfire_choices":[{"data":"Shade:Carnophage","floor":6,"key":"SMITH"},{"data":"Shade:AuraOfUnlife","floor":11,"key":"SMITH"},{"data":"Shade:AnimateDead","floor":13,"key":"SMITH"},{"data":"Shade:Brains","floor":15,"key":"SMITH"},{"data":"infinitespire:NeuralNetwork","floor":24,"key":"SMITH"},{"data":"Shade:CloudOfShrapnel","floor":30,"key":"SMITH"},{"floor":32,"key":"DIG"}],"circlet_count":0,"master_deck":["Shade:Defend_Shade+1","Shade:Defend_Shade","Shade:Defend_Shade","Shade:AnimateDead+1","Shade:CarefulCut","Shade:AblativeArmor+1","Shade:Bite_Shade","Shade:Brains+1","Shade:Carnophage+1","Shade:AuraOfUnlife+1","Shade:Bite_Shade","Shade:LyeBath","Shade:GraveStillness","StuffTheSpire:Rapture","infinitespire:NeuralNetwork+1","Pain","Shade:CommandSoldier+1","Shade:CallWraith","Shade:PressTheAttack","Shade:Defend_Shade+1","Shade:Defend_Shade","Shade:Defend_Shade","Shade:AnimateDead+1","Shade:CarefulCut","Shade:AblativeArmor+1","Shade:Bite_Shade","Shade:Brains+1","Shade:Carnophage+1","Shade:AuraOfUnlife+1","Shade:Bite_Shade","Shade:LyeBath","Shade:GraveStillness","StuffTheSpire:Rapture","infinitespire:NeuralNetwork+1","Pain","Shade:CommandSoldier+1","Shade:CallWraith","Shade:PressTheAttack","Shade:LyeBath","Shade:GreyBargain","Shade:FreshBones","Shade:ClawBack","Shade:CloudOfShrapnel+1","Shade:FreshBones+1"],"relics":["Shade:YorickSkull","aspiration:Nostalgia","DemoMod:Dog","conspire:DeflatedDodgeball","Membership Card","hubris:ScarierMask","aspiration:SeaSaltIceCream","Prayer Wheel","Black Star","WarpedTongs","hubris:CrystalStatue","jedi:heavyjacket","Replay:Bottled Steam","Nunchaku"],"acts_visited":["Exordium","TheCity"],"potions_floor_usage":[3,33,33],"damage_taken":[{"damage":5,"enemies":"2 Louse","floor":1,"turns":3},{"damage":0,"enemies":"Cultist","floor":2,"turns":4},{"damage":1,"enemies":"conspire:RoseBush","floor":3,"turns":2},{"damage":0,"enemies":"Large Slime","floor":5,"turns":9},{"damage":38,"enemies":"Gremlin Nob","floor":7,"turns":5},{"damage":6,"enemies":"2 Fungi Beasts","floor":10,"turns":4},{"damage":13,"enemies":"The Guardian","floor":16,"turns":8},{"damage":14,"enemies":"Shell Parasite","floor":18,"turns":8},{"damage":1,"enemies":"Chosen","floor":22,"turns":4},{"damage":17,"enemies":"Nightmare","floor":23,"turns":8},{"damage":6,"enemies":"Centurion and Healer","floor":27,"turns":3},{"damage":3,"enemies":"Snecko","floor":28,"turns":3},{"damage":15,"enemies":"Chosen and Byrds","floor":29,"turns":4},{"damage":8,"enemies":"Snake Plant","floor":31,"turns":5},{"damage":30,"enemies":"conspire:MysteriousRune","floor":33,"turns":5}],"seed_played":"8326721254294513175","potions_obtained":[{"floor":2,"key":"champ:CounterPotion"},{"floor":7,"key":"SneckoOil"},{"floor":16,"key":"SteroidPotion"},{"floor":27,"key":"ColorlessPotion"},{"floor":31,"key":"DuplicationPotion"}],"is_trial":false,"path_per_floor":["M","M","M","?","M","R","E","?","T","M","R","$","R","?","R","B",null,"M","?","AVR","?","M","NM","R","?","T","M","M","M","R","M","R_BF","B"],"character_chosen":"SHADE","items_purchased":["Membership Card","Shade:GraveStillness"],"campfire_rested":0,"item_purchase_floors":[12,12],"current_hp_per_floor":[60,60,59,59,65,65,31,31,31,31,31,31,31,31,31,24,65,59,59,59,59,63,52,52,52,52,46,45,32,32,30,30,0,0],"gold":230,"neow_bonus":"NOSTALGIA","is_daily":false,"chose_seed":false,"campfire_upgraded":6,"win_rate":0.0,"timestamp":1614272019,"path_taken":["M","M","M","?","?","R","E","?","T","?","R","$","R","?","R","BOSS","M","?","AVR","?","M","NM","R","?","T","?","M","M","R","M","R_BF","BOSS"],"items_purchased_type":["Relic","Card"],"build_version":"2020-12-13","purchased_purges":2,"victory":false,"max_hp_per_floor":[65,65,65,65,65,65,65,65,65,65,65,65,65,65,65,65,65,65,65,65,65,65,65,65,65,65,65,65,65,65,65,65,65,65],"relic_stats":{"Nunchaku":[0],"counters":[24,119],"Prayer Wheel":5,"Black Star":1,"obtain_stats":[{"hubris:CrystalStatue":23,"DemoMod:Dog":0,"Shade:YorickSkull":0,"aspiration:Nostalgia":0,"CCEMRelics:Pendulum":14,"DemoMod:GlassGuonStoneRelic":13,"hubris:SlimyHat":6,"aspiration:SeaSaltIceCream":20,"War Paint":9,"halation:SelfBoilingWater":7,"WarpedTongs":21,"jedi:heavyjacket":23,"Nunchaku":32,"hubris:ScarierMask":17,"Molten Egg 2":9,"Prayer Wheel":20,"conspire:BottledYoYo":11,"Black Star":20,"Membership Card":12,"Toxic Egg 2":10,"conspire:DeflatedDodgeball":7,"halation:PinkSoulGem":15,"m_HexaRing":0,"Replay:Bottled Steam":26},{"hubris:CrystalStatue":19,"DemoMod:Dog":9,"Shade:YorickSkull":0,"aspiration:Nostalgia":0,"CCEMRelics:Pendulum":8,"DemoMod:GlassGuonStoneRelic":7,"hubris:SlimyHat":6,"aspiration:SeaSaltIceCream":17,"War Paint":14,"halation:SelfBoilingWater":6,"WarpedTongs":17,"jedi:heavyjacket":19,"Nunchaku":23,"hubris:ScarierMask":16,"Molten Egg 2":6,"Prayer Wheel":17,"conspire:BottledYoYo":6,"Black Star":17,"Membership Card":15,"Toxic Egg 2":6,"conspire:DeflatedDodgeball":14,"halation:PinkSoulGem":8,"m_HexaRing":0,"Replay:Bottled Steam":19},{"hubris:CrystalStatue":99,"DemoMod:Dog":44,"Shade:YorickSkull":0,"aspiration:Nostalgia":0,"CCEMRelics:Pendulum":38,"DemoMod:GlassGuonStoneRelic":35,"hubris:SlimyHat":31,"aspiration:SeaSaltIceCream":87,"War Paint":67,"halation:SelfBoilingWater":31,"WarpedTongs":87,"jedi:heavyjacket":99,"Nunchaku":114,"hubris:ScarierMask":79,"Molten Egg 2":31,"Prayer Wheel":87,"conspire:BottledYoYo":31,"Black Star":87,"Membership Card":71,"Toxic Egg 2":31,"conspire:DeflatedDodgeball":67,"halation:PinkSoulGem":38,"m_HexaRing":0,"Replay:Bottled Steam":99}],"WarpedTongs":[32]},"card_choices":[{"not_picked":["Shade:BoneShards","Shade:Premonition"],"picked":"Shade:AblativeArmor","floor":1},{"not_picked":["Shade:TouchOfTheGrave","Shade:GoDigging"],"picked":"Shade:Bite_Shade","floor":2},{"not_picked":["Shade:Frenzy","Shade:FuneraryJewels"],"picked":"Shade:Brains","floor":3},{"not_picked":["Shade:TouchOfTheGrave","Shade:Haruspicy"],"picked":"Shade:Carnophage","floor":5},{"not_picked":["Shade:SoulToxin","Shade:Bite_Shade"],"picked":"Shade:AuraOfUnlife","floor":7},{"not_picked":["Shade:Bonestorm","Shade:ExtraLimbs"],"picked":"Shade:LyeBath","floor":10},{"not_picked":["StuffTheSpire:Vigor","StuffTheSpire:Brawn"],"picked":"StuffTheSpire:Rapture","floor":14},{"not_picked":["Shade:ClawBack","Shade:PotionOfRestlessness","Shade:CoffinDance"],"picked":"SKIP","floor":18},{"not_picked":["Shade:CloudOfShrapnel+1","Shade:SkeletonHug+1"],"picked":"Shade:CommandSoldier+1","floor":22},{"not_picked":["Shade:RitualOffering","Shade:ClawBack"],"picked":"Shade:CallWraith","floor":22},{"not_picked":["Shade:ScuttlingHand+1","Shade:GraveStillness+1"],"picked":"Shade:PressTheAttack","floor":23},{"not_picked":["Shade:TouchOfTheGrave","Shade:SanguineRitual"],"picked":"Shade:LyeBath","floor":27},{"not_picked":["Shade:SkeletonHug","Shade:FuneraryArmor+1"],"picked":"Shade:GreyBargain","floor":27},{"not_picked":["Shade:AblativeArmor","Shade:FeralStrike"],"picked":"Shade:FreshBones","floor":28},{"not_picked":["Shade:PotionOfRestlessness","Shade:ScuttlingHand","Shade:FeralStrike"],"picked":"SKIP","floor":28},{"not_picked":["Shade:PoundOfFlesh+1","Shade:CoffinDance"],"picked":"Shade:ClawBack","floor":29},{"not_picked":["Shade:Brains","Shade:TouchOfTheGrave"],"picked":"Shade:CloudOfShrapnel","floor":29},{"not_picked":["Shade:BoneShards+1","Shade:Excise"],"picked":"Shade:FreshBones+1","floor":31},{"not_picked":["Shade:SoulPierce","Shade:SoulToxin","Shade:FingerOfDeath"],"picked":"SKIP","floor":31}],"player_experience":69359,"relics_obtained":[{"floor":7,"key":"conspire:DeflatedDodgeball"},{"floor":9,"key":"War Paint"},{"floor":23,"key":"hubris:CrystalStatue"},{"floor":23,"key":"jedi:heavyjacket"},{"floor":26,"key":"Replay:Bottled Steam"},{"floor":32,"key":"Nunchaku"}],"event_choices":[{"cards_removed":["Shade:Strike_Shade"],"damage_healed":0,"gold_gain":0,"player_choice":"Purged","damage_taken":0,"max_hp_gain":0,"max_hp_loss":0,"event_name":"Purifier","floor":4,"gold_loss":0},{"damage_healed":0,"gold_gain":0,"cards_transformed":["Shade:Strike_Shade"],"player_choice":"Transformed","damage_taken":0,"max_hp_gain":0,"max_hp_loss":0,"event_name":"Transmorgrifier","floor":8,"gold_loss":0,"cards_obtained":["Shade:Bite_Shade"]},{"cards_removed":["Shade:Strike_Shade"],"damage_healed":0,"gold_gain":0,"player_choice":"Offered Basic","damage_taken":0,"max_hp_gain":0,"max_hp_loss":0,"event_name":"Bonfire Elementals","floor":19,"gold_loss":0},{"damage_healed":0,"gold_gain":0,"player_choice":"Rummage","damage_taken":0,"relics_obtained":["WarpedTongs"],"max_hp_gain":0,"max_hp_loss":0,"event_name":"Accursed Blacksmith","floor":21,"gold_loss":0,"cards_obtained":["Pain"]}],"is_beta":false,"boss_relics":[{"not_picked":["Ectoplasm","hubris:GrandSneckoEye"],"picked":"hubris:ScarierMask"}],"items_purged_floors":[12,20],"is_endless":true,"potions_floor_spawned":[2,7,16,27,29,31],"killed_by":"conspire:MysteriousRune","ascension_level":0}}