{"host":"qp7xs8nuzfsyommi","time":1614275956,"event":{"mods":["2.2 Compatiblity","BaseMod","Colored Powertips","DeckTracker","Highlight Path","Minty Spire (QoL Compilation)","Permanent Neow","Quick Restart","StSLib","Weighted Paths"],"gold_per_floor":[11,11,25,35,54,80,80,45,113,113,113,142,158,177,177,177,177],"floor_reached":16,"language":"ENG","playtime":648,"items_purged":[],"score":224,"play_id":"31f0d3f0-f066-45b1-ae94-4817ed73edf8","local_time":"20210225125916","is_ascension_mode":true,"campfire_choices":[{"floor":7,"key":"REST"},{"data":"Chrysalis","floor":15,"key":"SMITH"}],"circlet_count":0,"master_deck":["AscendersBane","Strike_B","Strike_B","Strike_B","Strike_B","Defend_B","Defend_B","Defend_B","Defend_B","Zap","Dualcast","Chrysalis+1","Coolheaded","Electrodynamics","Scrape","Streamline","Chill","Gash","Regret","Core Surge","Turbo","BootSequence"],"relics":["Cracked Core","Incense Burner","Ornamental Fan","Nunchaku","Turnip"],"acts_visited":["Exordium"],"potions_floor_usage":[5,12,16],"damage_taken":[{"damage":5,"enemies":"Jaw Worm","floor":1,"turns":6},{"damage":6,"enemies":"Cultist","floor":3,"turns":3},{"damage":0,"enemies":"2 Louse","floor":4,"turns":2},{"damage":1,"enemies":"2 Fungi Beasts","floor":5,"turns":3},{"damage":29,"enemies":"Gremlin Nob","floor":6,"turns":4},{"damage":13,"enemies":"Lagavulin","floor":12,"turns":8},{"damage":9,"enemies":"3 Louse","floor":13,"turns":2},{"damage":12,"enemies":"Looter","floor":14,"turns":3},{"damage":35,"enemies":"Slime Boss","floor":16,"turns":13}],"seed_played":"-7550672741847095931","potions_obtained":[{"floor":4,"key":"SkillPotion"},{"floor":5,"key":"Fruit Juice"},{"floor":12,"key":"BlessingOfTheForge"}],"is_trial":false,"path_per_floor":["M","?","M","M","M","E","R","?","T","?","?","E","M","M","R","B"],"character_chosen":"DEFECT","items_purchased":[],"campfire_rested":1,"item_purchase_floors":[],"current_hp_per_floor":[59,59,53,53,57,28,50,69,69,69,69,56,47,35,35,0,0],"gold":177,"neow_bonus":"RANDOM_COLORLESS_2","is_daily":false,"chose_seed":false,"campfire_upgraded":1,"win_rate":0.0,"timestamp":1614275956,"path_taken":["M","?","M","M","?","E","R","?","T","?","?","E","M","M","R","BOSS"],"items_purchased_type":[],"build_version":"2020-12-22","purchased_purges":0,"victory":false,"max_hp_per_floor":[71,71,71,71,76,76,76,76,76,76,76,76,76,76,76,76,76],"card_choices":[{"not_picked":["Magnetism","Panache"],"picked":"Chrysalis","floor":0},{"not_picked":["Barrage","Go for the Eyes"],"picked":"Coolheaded","floor":1},{"not_picked":["Beam Cell","Sunder"],"picked":"Scrape","floor":3},{"not_picked":["Barrage","Conserve Battery"],"picked":"Streamline","floor":4},{"not_picked":["Turbo","Redo"],"picked":"Chill","floor":5},{"not_picked":["Tempest","Aggregate"],"picked":"Gash","floor":6},{"not_picked":["Skim","Beam Cell"],"picked":"Core Surge","floor":12},{"not_picked":["Darkness","Barrage"],"picked":"Turbo","floor":13},{"not_picked":["Conserve Battery","Storm"],"picked":"BootSequence","floor":14}],"player_experience":1526833,"relics_obtained":[{"floor":6,"key":"Incense Burner"},{"floor":9,"key":"Ornamental Fan"},{"floor":12,"key":"Turnip"}],"event_choices":[{"damage_healed":0,"gold_gain":0,"player_choice":"1 cards matched","damage_taken":0,"max_hp_gain":0,"max_hp_loss":0,"event_name":"Match and Keep!","floor":2,"gold_loss":0,"cards_obtained":["Electrodynamics"]},{"damage_healed":19,"gold_gain":0,"player_choice":"Healed","damage_taken":0,"max_hp_gain":0,"max_hp_loss":0,"event_name":"The Cleric","floor":8,"gold_loss":35},{"damage_healed":0,"gold_gain":0,"player_choice":"Ignored","damage_taken":0,"max_hp_gain":0,"max_hp_loss":0,"event_name":"Liars Game","floor":10,"gold_loss":0},{"damage_healed":0,"gold_gain":0,"player_choice":"Box","damage_taken":0,"relics_obtained":["Nunchaku"],"max_hp_gain":0,"max_hp_loss":0,"event_name":"Big Fish","floor":11,"gold_loss":0,"cards_obtained":["Regret"]}],"is_beta":false,"boss_relics":[],"items_purged_floors":[],"is_endless":false,"potions_floor_spawned":[4,5,12],"killed_by":"Slime Boss","ascension_level":20}}