{"host":"5bsc0nab6whpyrbj","time":1614291456,"event":{"mods":["AchievementEnabler","BaseMod","Colored Map","Dark Map","Highlight Path","Minty Spire (QoL Compilation)"],"gold_per_floor":[117,67,342,354,276,276,201,214,214,289,306,63,82,112,112,112,112],"floor_reached":16,"language":"ENG","playtime":303,"items_purged":["Regret"],"score":90,"play_id":"022e3e3d-c203-413d-8192-e5222075715d","local_time":"20210225171736","is_ascension_mode":false,"campfire_choices":[{"floor":6.0,"key":"RECALL"},{"floor":15,"key":"REST"}],"circlet_count":0,"master_deck":["Strike_B","Strike_B","Strike_B","Strike_B","Defend_B","Defend_B","Defend_B","Defend_B","Zap","Dualcast","Gash","Go for the Eyes","Streamline","Scrape","Steam"],"relics":["Cracked Core","Boot","MealTicket"],"acts_visited":["Exordium"],"potions_floor_usage":[16],"damage_taken":[{"damage":7.0,"enemies":"2 Louse","floor":1.0,"turns":2.0},{"damage":1.0,"enemies":"Cultist","floor":4.0,"turns":3.0},{"damage":6.0,"enemies":"Jaw Worm","floor":8.0,"turns":3.0},{"damage":12.0,"enemies":"Blue Slaver","floor":11.0,"turns":2.0},{"damage":32.0,"enemies":"Exordium Wildlife","floor":13.0,"turns":4.0},{"damage":41,"enemies":"Slime Boss","floor":16,"turns":9}],"seed_played":"-3471444045492197082","potions_obtained":[{"floor":1.0,"key":"FocusPotion"},{"floor":8.0,"key":"PotionOfCapacity"}],"is_trial":false,"path_per_floor":["M","$","?","M","$","R","$","M","T","?","M","$","M","?","R","B"],"character_chosen":"DEFECT","items_purchased":["Go for the Eyes","Scrape","MealTicket","Fruit Juice"],"campfire_rested":1,"item_purchase_floors":[2,5,12,12],"current_hp_per_floor":[68,68,68,67,67,67,67,61,61,50,38,43,11,11,35,0,0],"gold":112,"neow_bonus":"RANDOM_COMMON_RELIC","is_daily":false,"chose_seed":false,"campfire_upgraded":0,"win_rate":0.0,"timestamp":1614291456,"path_taken":["M","$","?","M","$","R","?","M","T","?","M","?","?","?","R","BOSS"],"items_purchased_type":["Card","Card","Relic","Potion"],"build_version":"2020-12-22","purchased_purges":1,"victory":false,"max_hp_per_floor":[75,75,75,75,75,75,75,75,75,75,75,80,80,80,80,80,80],"card_choices":[{"not_picked":["Aggregate","Hello World"],"picked":"Gash","floor":1.0},{"not_picked":["Leap","Force Field"],"picked":"Streamline","floor":4.0},{"not_picked":["Reinforced Body","Auto Shields"],"picked":"Steam","floor":8.0},{"not_picked":["Reinforced Body","Machine Learning","Ball Lightning"],"picked":"SKIP","floor":11.0},{"not_picked":["Tempest","Blizzard","Compile Driver"],"picked":"SKIP","floor":13.0}],"player_experience":120388,"relics_obtained":[],"event_choices":[{"damage_healed":0.0,"max_hp_gain":0.0,"max_hp_loss":0.0,"gold_gain":275.0,"event_name":"Golden Shrine","player_choice":"Desecrate","floor":3.0,"gold_loss":0.0,"damage_taken":0.0,"cards_obtained":["Regret"]},{"damage_healed":0.0,"max_hp_gain":0.0,"max_hp_loss":0.0,"gold_gain":75.0,"event_name":"World of Goop","player_choice":"Gather Gold","floor":10.0,"gold_loss":0.0,"damage_taken":11.0},{"damage_healed":0,"gold_gain":30,"player_choice":"Searched \u00272\u0027 times","damage_taken":0,"max_hp_gain":0,"max_hp_loss":0,"event_name":"Dead Adventurer","floor":14,"gold_loss":0}],"is_beta":false,"boss_relics":[],"items_purged_floors":[7],"is_endless":false,"potions_floor_spawned":[1,8],"killed_by":"Slime Boss","ascension_level":0}}