{"host":"mithrandi","time":1614266802,"event":{"mods":["BaseMod","Colored Map","Highlight Path","Minty Spire (QoL Compilation)","SuperFastMode"],"gold_per_floor":[113,131,146,160,178,178,211,211,211,291,316,340,74,101,101,101,101],"floor_reached":16,"language":"ENG","playtime":694,"items_purged":["Strike_B"],"score":240,"play_id":"70eb0783-3af0-4f47-ab89-8a2e8778db32","local_time":"20210225172642","is_ascension_mode":true,"campfire_choices":[{"data":"Streamline","floor":6,"key":"SMITH"},{"data":"Storm","floor":8,"key":"SMITH"},{"floor":15,"key":"REST"}],"circlet_count":0,"master_deck":["AscendersBane","Strike_B","Strike_B","Strike_B","Defend_B","Defend_B","Defend_B","Defend_B","Zap","Dualcast","Cold Snap","Streamline+1","FTL","Conserve Battery","Glacier","Storm+1","Auto Shields+1","BootSequence+1","Sweeping Beam","Conserve Battery+1","Sweeping Beam"],"relics":["Cracked Core","NeowsBlessing","Strawberry","HornCleat","Toxic Egg 2","Tiny Chest","Bronze Scales"],"acts_visited":["Exordium"],"potions_floor_usage":[7,7,16],"damage_taken":[{"damage":0,"enemies":"Cultist","floor":1,"turns":1},{"damage":0,"enemies":"Small Slimes","floor":2,"turns":1},{"damage":0,"enemies":"Jaw Worm","floor":3,"turns":1},{"damage":8,"enemies":"3 Louse","floor":4,"turns":2},{"damage":6,"enemies":"Blue Slaver","floor":5,"turns":3},{"damage":10,"enemies":"3 Sentries","floor":7,"turns":6},{"damage":27,"enemies":"Gremlin Nob","floor":11,"turns":5},{"damage":8,"enemies":"3 Sentries","floor":14,"turns":9},{"damage":40,"enemies":"Slime Boss","floor":16,"turns":13}],"seed_played":"-7352222205656990926","potions_obtained":[{"floor":2,"key":"Dexterity Potion"},{"floor":4,"key":"FocusPotion"},{"floor":11,"key":"Block Potion"}],"is_trial":false,"path_per_floor":["M","M","M","M","M","R","E","R","T","?","E","T","$","E","R","B"],"character_chosen":"DEFECT","items_purchased":["BootSequence+1","Sweeping Beam","Conserve Battery+1"],"campfire_rested":1,"item_purchase_floors":[13,13,13],"current_hp_per_floor":[64,64,64,56,50,50,47,47,47,47,20,20,20,12,35,0,0],"gold":101,"neow_bonus":"THREE_ENEMY_KILL","is_daily":false,"chose_seed":false,"campfire_upgraded":2,"win_rate":0.0,"timestamp":1614266802,"path_taken":["M","?","M","M","M","R","E","R","T","?","E","?","$","E","R","BOSS"],"items_purchased_type":["Card","Card","Card"],"build_version":"2020-12-18","purchased_purges":1,"victory":false,"max_hp_per_floor":[71,71,71,71,71,71,78,78,78,78,78,78,78,78,78,78,78],"card_choices":[{"not_picked":["Rebound","Chaos"],"picked":"Cold Snap","floor":1},{"not_picked":["Static Discharge","Steam"],"picked":"Streamline","floor":2},{"not_picked":["Sweeping Beam","Turbo"],"picked":"FTL","floor":3},{"not_picked":["Leap","Blizzard"],"picked":"Conserve Battery","floor":4},{"not_picked":["Cold Snap","Melter"],"picked":"Glacier","floor":5},{"not_picked":["Redo","Rip and Tear"],"picked":"Storm","floor":7},{"not_picked":["Rebound","Machine Learning"],"picked":"Auto Shields+1","floor":11},{"not_picked":["Rebound","Auto Shields+1"],"picked":"Sweeping Beam","floor":14}],"player_experience":3125700,"relics_obtained":[{"floor":7,"key":"Strawberry"},{"floor":9,"key":"HornCleat"},{"floor":11,"key":"Toxic Egg 2"},{"floor":12,"key":"Tiny Chest"},{"floor":14,"key":"Bronze Scales"}],"event_choices":[{"damage_healed":0,"gold_gain":80,"player_choice":"Gained Gold","damage_taken":0,"max_hp_gain":0,"max_hp_loss":0,"event_name":"Golden Wing","floor":10,"gold_loss":0}],"is_beta":true,"boss_relics":[],"items_purged_floors":[13],"is_endless":false,"potions_floor_spawned":[2,4,5,11],"killed_by":"Slime Boss","ascension_level":20}}