{"host":"4so6zk3ni2nu7g2c","time":1614263985,"event":{"mods":["BaseMod","Downfall","Minty Spire (QoL Compilation)","Quick Restart","Replay The Spire","Shop Mod","StSLib"],"gold_per_floor":[99,110,129,141,141,141,210,223,258,269,11,111,111,21,37,134,134,34,46,146,166,183,18,42,68,68,82,116,116,316,316,328,425,425,225,239,110,210,229,283,283,316,16,16,16,51,51,79,116,152,152,217,69,69,97,137],"floor_reached":57,"language":"ZHS","playtime":3924,"items_purged":["Guardian:GatlingBeam","Guardian:CurlUp"],"score":1509,"play_id":"839dcbd8-ac0f-4a1b-bbb8-6bad01a27953","local_time":"20210225223945","is_ascension_mode":true,"campfire_choices":[{"data":"Guardian:TwinSlam","floor":1.0,"key":"SMITH"},{"floor":6.0,"key":"RECALL"},{"data":"Guardian:BaubleBeam","floor":13.0,"key":"SMITH"},{"data":"Guardian:SentryBeam","floor":18.0,"key":"SMITH"},{"data":"Guardian:Repulse","floor":29.0,"key":"SMITH"},{"data":"Guardian:Orbwalk","floor":29.0,"key":"SMITH"},{"data":"Guardian:FastForward","floor":35.0,"key":"SMITH"},{"data":"J.A.X.","floor":35.0,"key":"SMITH"},{"data":"Guardian:BodySlam","floor":45.0,"key":"SMITH"},{"data":"Guardian:TimeSifter","floor":45.0,"key":"SMITH"},{"data":"Guardian:SentryBeam","floor":47.0,"key":"SMITH"},{"data":"Guardian:PrismaticBarrier","floor":47.0,"key":"SMITH"},{"data":"Guardian:PrismaticBarrier+1","floor":54,"key":"PURGE"}],"circlet_count":0,"master_deck":["Guardian:TwinSlam+1","Guardian:FloatingOrbs+1","Guardian:BaubleBeam+1","Guardian:SentryBeam+1","Guardian:FastForward+1","Guardian:SentryBeam+1","J.A.X.+1","Guardian:Orbwalk+1","Guardian:Repulse+1","Guardian:Planning+1","Guardian:PiercingHide+1","Guardian:TimeSifter+1","Guardian:VentSteam+1","Guardian:Clone+1","Guardian:BodySlam+1","Guardian:MultiBeam+1","Guardian:ExploitGems+1","Guardian:TemporalStrike+1","Guardian:PolyBeam+1","Guardian:DecasProtection+1"],"relics":["Replay:Drink Me","Chameleon Ring","Gremlin Horn","Coffee Dripper","downfall:HeartBlessingRed","MutagenicStrength","PreservedInsect","Replay:Baseball","Replay:Arrowhead","Toxic Egg 2","Empty Cage","downfall:HeartBlessingGreen","downfall:HeartBlessingBlue","Chemical X","MerchantsRug","White Beast Statue","Peace Pipe","Lizard Tail","ReplayTheSpireMod:TigerMarble","OrangePellets","Potion Belt","HornCleat","Replay:Bandana","Replay:Rubber Ducky","Toolbox"],"acts_visited":["Exordium","TheCity","TheBeyond","TheEnding"],"potions_floor_usage":[56,56,56],"damage_taken":[{"damage":4.0,"enemies":"Jaw Worm","floor":2.0,"turns":4.0},{"damage":0.0,"enemies":"Small Slimes","floor":3.0,"turns":3.0},{"damage":2.0,"enemies":"Cultist","floor":4.0,"turns":4.0},{"damage":0.0,"enemies":"3 Louse","floor":8.0,"turns":6.0},{"damage":10.0,"enemies":"3 Sentries","floor":9.0,"turns":14.0},{"damage":2.0,"enemies":"Large Slime","floor":10.0,"turns":8.0},{"damage":0.0,"enemies":"downfall:FleeingMerchant","floor":11.0,"turns":4.0},{"damage":9.0,"enemies":"downfall:Heads","floor":12.0,"turns":6.0},{"damage":0.0,"enemies":"downfall:FleeingMerchant","floor":14.0,"turns":4.0},{"damage":0.0,"enemies":"Gremlin Gang","floor":15.0,"turns":2.0},{"damage":0.0,"enemies":"SI_SHIV_ARCHETYPE","floor":16.0,"turns":7.0},{"damage":0.0,"enemies":"Chosen","floor":19.0,"turns":3.0},{"damage":0.0,"enemies":"downfall:Augmenter","floor":20.0,"turns":6.0},{"damage":0.0,"enemies":"Spheric Guardian","floor":21.0,"turns":2.0},{"damage":3.0,"enemies":"Centurion and Healer","floor":22.0,"turns":4.0},{"damage":11.0,"enemies":"downfall:FleeingMerchant","floor":23.0,"turns":4.0},{"damage":7.0,"enemies":"Slavers","floor":25.0,"turns":4.0},{"damage":3.0,"enemies":"Snecko","floor":27.0,"turns":3.0},{"damage":10.0,"enemies":"Replay:Snechameleon","floor":28.0,"turns":3.0},{"damage":0.0,"enemies":"Replay:Snechameleon","floor":30.0,"turns":3.0},{"damage":0.0,"enemies":"Cultist and Chosen","floor":32.0,"turns":3.0},{"damage":12.0,"enemies":"WA_ARCHETYPE_CALM","floor":33.0,"turns":7.0},{"damage":1.0,"enemies":"3 Darklings","floor":36.0,"turns":3.0},{"damage":3.0,"enemies":"downfall:FleeingMerchant","floor":37.0,"turns":2.0},{"damage":3.0,"enemies":"downfall:LadyInBlue","floor":38.0,"turns":3.0},{"damage":0.0,"enemies":"3 Shapes","floor":39.0,"turns":1.0},{"damage":3.0,"enemies":"2 Orb Walkers","floor":40.0,"turns":3.0},{"damage":3.0,"enemies":"Giant Head","floor":42.0,"turns":3.0},{"damage":0.0,"enemies":"R_Hoarder","floor":46.0,"turns":4.0},{"damage":16.0,"enemies":"Giant Head","floor":48.0,"turns":2.0},{"damage":0,"enemies":"Writhing Mass","floor":49,"turns":2},{"damage":35,"enemies":"DF_ARCHETYPE_ORBS","floor":50,"turns":4},{"damage":5,"enemies":"downfall:CharBossMerchant","floor":52,"turns":2},{"damage":9,"enemies":"downfall:NeowBoss","floor":55,"turns":7},{"damage":34,"enemies":"downfall:NeowBossFinal","floor":56,"turns":5}],"seed_played":"-3519933226013501060","potions_obtained":[{"floor":4.0,"key":"FairyPotion"},{"floor":8.0,"key":"Block Potion"},{"floor":10.0,"key":"Adrenaline Potion"},{"floor":20.0,"key":"Explosive Potion"},{"floor":25.0,"key":"AttackPotion"},{"floor":38.0,"key":"Death Potion"},{"floor":38.0,"key":"Fire Potion"},{"floor":39.0,"key":"Milkshake"},{"floor":46.0,"key":"Doom Potion"},{"floor":48.0,"key":"Fire Potion"},{"floor":52,"key":"FearPotion"}],"is_trial":false,"path_per_floor":["R","M","M","M","?","R","T","M","E","M","$","?","R","$","M","B",null,"R","M","?","M","M","$","T","E","?","M","E","R","?","?","M","B",null,"R","M","$","?","M","?","T","E","$","?","R","E","R","E","M","B",null,"E","$","R","B","B",null],"character_chosen":"GUARDIAN","items_purchased":["Gremlin Horn","PreservedInsect","Guardian:Clone+1","Chemical X","MerchantsRug","OrangePellets","Potion Belt","Toolbox"],"campfire_rested":0,"item_purchase_floors":[11,23,37,37,37,43,43,53],"current_hp_per_floor":[60,56,56,54,54,54,54,54,44,42,42,33,33,33,33,33,60,60,60,60,60,57,46,46,39,39,36,26,26,26,26,26,14,60,70,69,66,63,63,60,60,57,57,57,57,57,57,41,41,6,70,65,65,65,56,22],"gold":137,"neow_bonus":"BOSS_RELIC","is_daily":false,"chose_seed":false,"campfire_upgraded":11,"win_rate":0.0,"timestamp":1614263985,"path_taken":["R","M","M","M","?","R","T","M","E","M","$","?","R","?","M","BOSS","R","M","?","M","M","$","T","E","?","?","E","R","?","?","M","BOSS","R","M","$","?","?","?","T","E","$","?","R","E","R","E","M","BOSS","E","$","R","BOSS","BOSS"],"items_purchased_type":["Relic","Relic","Card","Relic","Relic","Relic","Relic","Relic"],"build_version":"2020-12-22","purchased_purges":2,"victory":true,"max_hp_per_floor":[60,60,60,60,60,60,60,60,60,60,60,60,60,60,60,60,60,60,60,60,60,60,60,60,60,60,60,60,60,60,60,60,60,60,70,70,70,70,70,70,70,70,70,70,70,70,70,70,70,70,70,70,70,70,70,70],"card_choices":[{"not_picked":["Guardian:Orbwalk","Guardian:Recover"],"picked":"Guardian:Gem_Cyan","floor":2.0},{"not_picked":["Guardian:TemporalStrike","Guardian:RollAttack","Guardian:ChargeCore"],"picked":"SKIP","floor":3.0},{"not_picked":["Guardian:CrystalBeam","Guardian:VentSteam"],"picked":"Guardian:Gem_Green","floor":4.0},{"not_picked":["Guardian:TimeCapacitor","Guardian:PrismaticBeam"],"picked":"Guardian:GatlingBeam","floor":8.0},{"not_picked":["Guardian:TemporalShield","Guardian:PolyBeam"],"picked":"Guardian:Gem_Fragmented","floor":9.0},{"not_picked":["Guardian:Gem_Lightblue","Guardian:Gem_Fragmented"],"picked":"Guardian:FloatingOrbs","floor":10.0},{"not_picked":["Guardian:TimeBomb","Guardian:DecasProtection"],"picked":"Guardian:MultiBeam","floor":11.0},{"not_picked":["Guardian:Gem_Red","Guardian:CrystalBeam"],"picked":"Guardian:SentryBeam","floor":12.0},{"not_picked":["Guardian:ConstructionForm","Guardian:Gem_Lightblue"],"picked":"Guardian:Gem_Cyan","floor":14.0},{"not_picked":["Guardian:PrismaticBarrier","Guardian:ShieldSpikes"],"picked":"Guardian:Gem_Purple","floor":15.0},{"not_picked":["Guardian:GatlingBeam","Guardian:RevengeProtocol"],"picked":"Guardian:FastForward","floor":16.0},{"not_picked":["Guardian:PiercingHide","Guardian:PrismaticBarrier"],"picked":"Guardian:SentryBeam","floor":19.0},{"not_picked":[],"picked":"J.A.X.","floor":20.0},{"not_picked":["Guardian:Incinerate","Guardian:Gem_Cyan"],"picked":"Guardian:Gem_Red","floor":20.0},{"not_picked":["Guardian:Gem_Cyan","Guardian:Reroute+1","Guardian:WalkerClaw"],"picked":"SKIP","floor":21.0},{"not_picked":["Guardian:Suspension","Guardian:Planning"],"picked":"Guardian:Orbwalk","floor":22.0},{"not_picked":["Guardian:BodySlam","Guardian:ShieldSpikes","Guardian:Reroute+1"],"picked":"SKIP","floor":23.0},{"not_picked":["Guardian:RefractedBeam","Guardian:ChargeCore","Guardian:Recover+1"],"picked":"SKIP","floor":25.0},{"not_picked":["Guardian:TimeCapacitor+1","Guardian:WalkerClaw"],"picked":"Guardian:Repulse","floor":27.0},{"not_picked":["Guardian:HyperBeam_Guardian","Guardian:ShieldCharger+1"],"picked":"Guardian:Planning+1","floor":28.0},{"not_picked":["Guardian:Incinerate","Guardian:PrimingBeam"],"picked":"Guardian:PiercingHide+1","floor":32.0},{"not_picked":["Guardian:ExploitGems+1","Guardian:RevengeProtocol"],"picked":"Guardian:TimeSifter","floor":33.0},{"not_picked":["Guardian:WalkerClaw","Guardian:Recover+1","Guardian:TemporalStrike+1"],"picked":"SKIP","floor":36.0},{"not_picked":["Guardian:ShieldCharger+1","Guardian:Gem_Cyan"],"picked":"Guardian:VentSteam+1","floor":37.0},{"not_picked":["Guardian:Gem_Red","Guardian:Emergency+1"],"picked":"Guardian:BodySlam","floor":39.0},{"not_picked":["Guardian:WalkerClaw","Guardian:Gem_Green"],"picked":"Guardian:MultiBeam+1","floor":40.0},{"not_picked":["Guardian:Incinerate","Guardian:SphericShield+1"],"picked":"Guardian:ExploitGems+1","floor":42.0},{"not_picked":["Guardian:ConstructionForm","Guardian:Gem_Lightblue","Guardian:ShieldSpikes+1"],"picked":"SKIP","floor":46.0},{"not_picked":["Guardian:Recover+1","Guardian:Suspension+1"],"picked":"Guardian:TemporalStrike+1","floor":48.0},{"not_picked":["Guardian:ShieldCharger+1","Guardian:PrimingBeam+1"],"picked":"Guardian:PolyBeam+1","floor":49},{"not_picked":["Guardian:Repulse+1","Guardian:ShieldCharger+1"],"picked":"Guardian:DecasProtection+1","floor":52}],"player_experience":423652,"relics_obtained":[{"floor":9.0,"key":"Chameleon Ring"},{"floor":20.0,"key":"MutagenicStrength"},{"floor":24.0,"key":"Replay:Baseball"},{"floor":25.0,"key":"Replay:Arrowhead"},{"floor":28.0,"key":"Toxic Egg 2"},{"floor":38.0,"key":"White Beast Statue"},{"floor":40.0,"key":"Peace Pipe"},{"floor":41.0,"key":"Lizard Tail"},{"floor":42.0,"key":"ReplayTheSpireMod:TigerMarble"},{"floor":46.0,"key":"HornCleat"},{"floor":48.0,"key":"Replay:Bandana"},{"floor":52,"key":"Replay:Rubber Ducky"}],"event_choices":[{"cards_removed":["Guardian:Strike_Guardian"],"damage_healed":0.0,"max_hp_gain":0.0,"max_hp_loss":0.0,"gold_gain":0.0,"event_name":"The Cleric","player_choice":"Card Removal","floor":5.0,"gold_loss":0.0,"damage_taken":0.0},{"damage_healed":0.0,"max_hp_gain":0.0,"max_hp_loss":0.0,"gold_gain":0.0,"event_name":"Vampires","player_choice":"Ignored","floor":31.0,"gold_loss":0.0,"damage_taken":0.0},{"damage_healed":0.0,"max_hp_gain":0.0,"max_hp_loss":0.0,"gold_gain":0.0,"event_name":"Mysterious Sphere","player_choice":"Fight","floor":40.0,"gold_loss":0.0,"damage_taken":0.0}],"is_beta":false,"boss_relics":[{"not_picked":["Replay:Bronze Core","Pandora\u0027s Box"],"picked":"Coffee Dripper"},{"not_picked":["Replay:Wanted Poster","bronze:MakeshiftBattery"],"picked":"Empty Cage"}],"items_purged_floors":[14,37],"is_endless":false,"potions_floor_spawned":[4,8,10,12,20,22,25,30,38,39,40,42,46,48,49,52],"ascension_level":1}}