{"host":"q0qnzbgdx8oqogg9","time":1614225097,"event":{"mods":["BaseMod","Minty Spire (QoL Compilation)","StSLib"],"gold_per_floor":[114,133,144,219,219,219,235,261,261,273,273,273,297,313,313,406,406,424,19,19,42,63,63,76,76,76],"floor_reached":25,"language":"ENG","playtime":771,"items_purged":[],"score":463,"play_id":"713e27a2-7c29-4676-a9ba-9e24f40bacbe","local_time":"20210224225137","is_ascension_mode":true,"campfire_choices":[{"data":"Glass Knife","floor":6.0,"key":"SMITH"},{"floor":12.0,"key":"REST"},{"data":"Skewer","floor":15.0,"key":"SMITH"},{"floor":23,"key":"REST"}],"circlet_count":0,"master_deck":["AscendersBane","Strike_G","Strike_G","Defend_G","Defend_G","Defend_G+1","Defend_G+1","Defend_G","Survivor","Neutralize","Footwork+1","Dagger Throw+1","Footwork+1","Dash","Glass Knife+1","Blade Dance","Backstab","Escape Plan","Skewer+1","Night Terror","Sucker Punch+1","Apotheosis","Ghostly","Ghostly","Ghostly","Flying Knee","Heel Hook"],"relics":["Astrolabe","Bag of Marbles","Golden Idol","Runic Pyramid","Membership Card","Shuriken"],"acts_visited":["Exordium","TheCity"],"potions_floor_usage":[22],"damage_taken":[{"damage":0.0,"enemies":"Small Slimes","floor":1.0,"turns":6.0},{"damage":1.0,"enemies":"Jaw Worm","floor":2.0,"turns":5.0},{"damage":0.0,"enemies":"2 Louse","floor":3.0,"turns":3.0},{"damage":0.0,"enemies":"Large Slime","floor":7.0,"turns":5.0},{"damage":7.0,"enemies":"Gremlin Nob","floor":8.0,"turns":4.0},{"damage":0.0,"enemies":"Blue Slaver","floor":10.0,"turns":2.0},{"damage":0.0,"enemies":"Looter","floor":13.0,"turns":1.0},{"damage":4.0,"enemies":"Lots of Slimes","floor":14.0,"turns":3.0},{"damage":0.0,"enemies":"The Guardian","floor":16.0,"turns":13.0},{"damage":3.0,"enemies":"2 Thieves","floor":18.0,"turns":4.0},{"damage":15,"enemies":"Shell Parasite","floor":21,"turns":7},{"damage":6,"enemies":"Chosen and Byrds","floor":22,"turns":7},{"damage":11,"enemies":"Shelled Parasite and Fungi","floor":24,"turns":7},{"damage":7,"enemies":"Cultist and Chosen","floor":25,"turns":1}],"seed_played":"-229085894742919372","potions_obtained":[{"floor":3.0,"key":"AttackPotion"},{"floor":7.0,"key":"Ancient Potion"},{"floor":10.0,"key":"AttackPotion"},{"floor":24,"key":"CunningPotion"}],"is_trial":false,"path_per_floor":["M","M","M","?","?","R","M","E","T","M","?","R","M","M","R","B",null,"M","$","?","M","M","R","M","M"],"character_chosen":"THE_SILENT","items_purchased":["Membership Card","Apotheosis","Shuriken"],"campfire_rested":2,"item_purchase_floors":[19,19,19],"current_hp_per_floor":[59,58,58,47,27,27,27,20,20,20,20,38,38,34,34,34,54,51,51,30,15,9,18,7,0,0],"gold":76,"neow_bonus":"BOSS_RELIC","is_daily":false,"chose_seed":false,"campfire_upgraded":2,"win_rate":0.0,"timestamp":1614225097,"path_taken":["M","M","M","?","?","R","M","E","T","M","?","R","M","M","R","BOSS","M","$","?","M","M","R","M","M"],"items_purchased_type":["Relic","Card","Relic"],"build_version":"2020-12-22","purchased_purges":0,"victory":false,"max_hp_per_floor":[66,66,66,66,66,66,66,66,66,66,60,60,60,60,60,60,60,60,60,30,30,30,30,30,30,30],"card_choices":[{"not_picked":["Outmaneuver","Prepared","Backflip"],"picked":"SKIP","floor":1.0},{"not_picked":["Setup","Dagger Spray"],"picked":"Dash","floor":2.0},{"not_picked":["Poisoned Stab","Acrobatics"],"picked":"Glass Knife","floor":3.0},{"not_picked":["Sucker Punch","PiercingWail"],"picked":"Blade Dance","floor":7.0},{"not_picked":["Storm of Steel","Backflip","Concentrate"],"picked":"SKIP","floor":8.0},{"not_picked":["PiercingWail","Dodge and Roll"],"picked":"Backstab","floor":10.0},{"not_picked":["Accuracy","Dodge and Roll"],"picked":"Escape Plan","floor":13.0},{"not_picked":["Bane","Underhanded Strike"],"picked":"Skewer","floor":14.0},{"not_picked":["Storm of Steel","Malaise"],"picked":"Night Terror","floor":16.0},{"not_picked":["Reflex","Slice"],"picked":"Sucker Punch+1","floor":18.0},{"not_picked":["Deadly Poison","Acrobatics","Dagger Spray"],"picked":"SKIP","floor":21},{"not_picked":["Expertise+1","Poisoned Stab"],"picked":"Flying Knee","floor":22},{"not_picked":["Dagger Throw","Backflip"],"picked":"Heel Hook","floor":24}],"player_experience":382054,"relics_obtained":[{"floor":8.0,"key":"Bag of Marbles"}],"event_choices":[{"damage_healed":0.0,"max_hp_gain":0.0,"max_hp_loss":0.0,"gold_gain":75.0,"event_name":"World of Goop","player_choice":"Gather Gold","floor":4.0,"gold_loss":0.0,"damage_taken":11.0},{"damage_healed":0.0,"max_hp_gain":0.0,"max_hp_loss":0.0,"gold_gain":0.0,"event_name":"Shining Light","player_choice":"Entered Light","floor":5.0,"gold_loss":0.0,"damage_taken":20.0,"cards_upgraded":["Defend_G","Defend_G"]},{"damage_healed":0.0,"max_hp_gain":0.0,"max_hp_loss":6.0,"gold_gain":0.0,"event_name":"Golden Idol","player_choice":"Lose Max HP","floor":11.0,"gold_loss":0.0,"damage_taken":0.0,"relics_obtained":["Golden Idol"]},{"damage_healed":0,"gold_gain":0,"player_choice":"Became a Ghost","damage_taken":0,"max_hp_gain":0,"max_hp_loss":30,"event_name":"Ghosts","floor":20,"gold_loss":0,"cards_obtained":["Ghostly","Ghostly","Ghostly"]}],"is_beta":false,"boss_relics":[{"not_picked":["WristBlade","HoveringKite"],"picked":"Runic Pyramid"}],"items_purged_floors":[],"is_endless":false,"potions_floor_spawned":[3,7,10,16,18,21,24],"killed_by":"Cultist and Chosen","ascension_level":16}}