{"host":"uv5ws9rdk87e8i5k","time":1614271757,"event":{"mods":["AchievementEnabler","BaseMod","Colored Map","Minty Spire (QoL Compilation)","Permanent Neow","Quick Restart","StSLib","SuperFastMode","The Necromancer","The Saiyan"],"gold_per_floor":[111,124,143,158,178,209,209,209,509,542,542,568,595,34,34,131,131,131,131],"floor_reached":18,"language":"ENG","playtime":407,"items_purged":[],"score":215,"play_id":"67047a52-f584-4c2a-8f89-2bf36920d355","local_time":"20210225104917","is_ascension_mode":false,"campfire_choices":[{"data":"Infinite Blades","floor":7,"key":"SMITH"},{"data":"Die Die Die","floor":11,"key":"SMITH"},{"data":"Noxious Fumes","floor":15,"key":"SMITH"}],"circlet_count":0,"master_deck":["Strike_G","Strike_G","Strike_G","Strike_G","Strike_G","Defend_G","Defend_G","Defend_G","Defend_G","Defend_G","Survivor","Neutralize","Infinite Blades+1","PiercingWail","Footwork","Die Die Die+1","Backflip","Finisher","All Out Attack","Finisher","Deadly Poison","Noxious Fumes+1","Envenom"],"relics":["Coffee Dripper","WingedGreaves","TungstenRod","Old Coin","Kunai","Pantograph","PreservedInsect","White Beast Statue","HornCleat","HoveringKite"],"acts_visited":["Exordium","TheCity"],"potions_floor_usage":[10,10,12],"damage_taken":[{"damage":0.0,"enemies":"2 Louse","floor":1.0,"turns":2.0},{"damage":0.0,"enemies":"Cultist","floor":2.0,"turns":5.0},{"damage":0.0,"enemies":"Jaw Worm","floor":3.0,"turns":4.0},{"damage":2.0,"enemies":"2 Fungi Beasts","floor":4.0,"turns":5.0},{"damage":3.0,"enemies":"Gremlin Gang","floor":5.0,"turns":5.0},{"damage":45,"enemies":"Gremlin Nob","floor":6,"turns":6},{"damage":0,"enemies":"Lagavulin","floor":10,"turns":7},{"damage":1,"enemies":"3 Sentries","floor":12,"turns":3},{"damage":3,"enemies":"Lagavulin","floor":13,"turns":7},{"damage":9,"enemies":"The Guardian","floor":16,"turns":9},{"damage":0,"enemies":"2 Thieves","floor":18,"turns":1}],"seed_played":"-1262432736771722665","potions_obtained":[{"floor":2.0,"key":"Energy Potion"},{"floor":3.0,"key":"Regen Potion"},{"floor":6,"key":"BlessingOfTheForge"},{"floor":10,"key":"DistilledChaos"},{"floor":12,"key":"SpeedPotion"},{"floor":16,"key":"Weak Potion"}],"is_trial":false,"path_per_floor":["M","M","M","M","M","E","R","?","T","E","R","E","E","$","R","B",null,"M"],"character_chosen":"THE_SILENT","items_purchased":["Noxious Fumes","White Beast Statue","HornCleat"],"campfire_rested":0,"item_purchase_floors":[14,14,14],"current_hp_per_floor":[70,70,70,68,65,20,20,8,8,23,23,22,19,19,19,35,70,70,70],"gold":131,"neow_bonus":"BOSS_RELIC","is_daily":false,"chose_seed":false,"campfire_upgraded":3,"win_rate":0.0,"timestamp":1614271757,"path_taken":["M","M","M","M","M","E","R","?","T","E","R","E","E","$","R","BOSS","M"],"items_purchased_type":["Card","Relic","Relic"],"build_version":"2020-12-22","purchased_purges":0,"victory":false,"max_hp_per_floor":[70,70,70,70,70,70,70,70,70,70,70,70,70,70,70,70,70,70,70],"card_choices":[{"not_picked":["Slice","Heel Hook"],"picked":"Infinite Blades","floor":1.0},{"not_picked":["Finisher","Flying Knee"],"picked":"PiercingWail","floor":2.0},{"not_picked":["Prepared","Blur"],"picked":"Footwork","floor":3.0},{"not_picked":["Backflip","Quick Slash"],"picked":"Die Die Die","floor":4.0},{"not_picked":["Footwork","Outmaneuver"],"picked":"Backflip","floor":5.0},{"not_picked":["Outmaneuver","Tools of the Trade"],"picked":"Finisher","floor":6},{"not_picked":["Expertise","Dodge and Roll"],"picked":"All Out Attack","floor":10},{"not_picked":["Prepared","All Out Attack"],"picked":"Finisher","floor":12},{"not_picked":["Caltrops","Outmaneuver"],"picked":"Deadly Poison","floor":13},{"not_picked":["Tools of the Trade","Storm of Steel"],"picked":"Envenom","floor":16}],"player_experience":237787,"relics_obtained":[{"floor":6,"key":"WingedGreaves"},{"floor":9,"key":"Old Coin"},{"floor":10,"key":"Kunai"},{"floor":12,"key":"Pantograph"},{"floor":13,"key":"PreservedInsect"}],"event_choices":[{"damage_healed":0,"gold_gain":0,"player_choice":"Success","damage_taken":12,"relics_obtained":["TungstenRod"],"max_hp_gain":0,"max_hp_loss":0,"event_name":"Scrap Ooze","floor":8,"gold_loss":0}],"is_beta":false,"boss_relics":[{"not_picked":["Runic Dome","Ectoplasm"],"picked":"HoveringKite"}],"items_purged_floors":[],"is_endless":false,"potions_floor_spawned":[2,3,6,10,12,16],"killed_by":"2 Thieves","ascension_level":0}}