{"host":"lg2j834m1ujxvni0","time":1614230687,"event":{"mods":["AchievementEnabler","BaseMod","Beaked The Cultist","Better Vampires","BetterRewards","Colored Map","Colored Powertips","Conspire","Downfall","Gremlin Mod","Hermit","Highlight Path","Hubris","Infinite Spire","Mimic Mod","Minty Spire (QoL Compilation)","Quick Restart","Replay The Spire","Shade Mod","Shop Mod","StSLib","The Bladedancer","The Bug Knight","The Construct","The Cursed","The Death Knight","The Disciple","The Elementalist","The Forsaken","The Hayseed","The IronCluck","The Judge","The Jungle","The Runesmith","The Servant 0.9.4","The Witch"],"gold_per_floor":[99,99,99,22,22,76,76,76,76,89,105,5,36,36,46,151,151,151,164,180,180,13,47,47,47,97,97,97,129,142,175,192,287,287,187,203,222,234,47,58,83,98,133,146,160,194,0,0,13,113,113,113,126,126,126,136,162,162,188,188,198,198,13,13,13,28,124,124,124,144,144,219,2,2,31,31,31,62,62,81,81,81,100,204,204,204,217,228,228,241,252,285,285,140,166,166,216,229,229,240,240,240,240],"floor_reached":101,"language":"ENG","playtime":15322,"items_purged":["infinitespire:Pacifist","bronze:Goto","bronze:Replicate","bronze:ForLoop+1","hubris:Compulsion"],"score":1811,"play_id":"5d96b716-b327-48c7-bac9-8fabae975556","local_time":"20210225002447","is_ascension_mode":false,"campfire_choices":[{"floor":1.0,"key":"RECALL"},{"data":"bronze:Return","floor":9.0,"key":"SMITH"},{"data":"bronze:ForLoop","floor":12.0,"key":"SMITH"},{"data":"bronze:ItsAFeature","floor":18.0,"key":"SMITH"},{"data":"bronze:RecursiveStrike","floor":25.0,"key":"SMITH"},{"floor":35.0,"key":"DIG"},{"data":"bronze:ItsAFeature","floor":60.0,"key":"SMITH"},{"data":"bronze:Library","floor":62.0,"key":"SMITH"},{"data":"Mayhem","floor":64.0,"key":"SMITH"},{"data":"expansioncontent:DashGenerateEvil","floor":74.0,"key":"SMITH"},{"data":"bronze:Assembly","floor":79.0,"key":"SMITH"},{"data":"bronze:BronzeOrb","floor":81.0,"key":"SMITH"},{"data":"infinitespire:NeuralNetwork","floor":86.0,"key":"SMITH"}],"circlet_count":0,"master_deck":["bronze:Return+1","bronze:ChosenStrike","bronze:Iterate","bronze:ChosenStrike","bronze:OilSpill+1","bronze:Iterate","bronze:ChildClass","bronze:BitShift","bronze:Goto","bronze:ItsAFeature+1","bronze:BronzeOrb+1","bronze:InfiniteLoop+1","Injury","bronze:ClassDefault+1","bronze:OilSpill+1","theJungle:Gourd","theJungle:Gourd","theJungle:Gourd","theJungle:Gourd","theJungle:Gourd","bronze:OilSpill+1","bronze:FollowUp","bronze:RecursiveStrike+1","ReplayTheSpireMod:Chaos Vortex+1","infinitespire:Gouge","bronze:RecursiveStrike","bronze:ClassDefault","bronze:BuggyMess+1","bronze:Library+1","bronze:DelayedGuard+1","bronze:ChosenStrike+1","bronze:Terminator+1","bronze:InfiniteBeams","bronze:Repulsor+1","bronze:GetLatest","bronze:FindAndReplace","expansioncontent:DashGenerateEvil+1","bronze:Optimize+1","bronze:Iterate+1","bronze:Assembly+1","bronze:WildBeam+1","bronze:Overload","bronze:FindAndReplace","Mayhem+1","bronze:ItsAFeature+1","bronze:Backtrace+1","expansioncontent:LastStand","bronze:BugBarrage+1","bronze:HardenedForm","downfall:Malfunctioning","bronze:Optimize","bronze:ClassDefault","bronze:GetLatest","bronze:DelayedSlice","bronze:ChildClass","bronze:DelayedGuard","bronze:CutThrough","ReplayTheSpireMod:??????????????????????","bronze:Verify","bronze:ItsAFeature+1","bronze:Separator","Survey Options","bronze:ClassDefault","bronze:CloningBeam+1","bronze:Overheat","Regret","bronze:Return","bronze:TinkerersToolbox","infinitespire:TheBestDefense","RitualDagger","bronze:Boost","theForsaken:PlagueCurse","bronze:FineTuning","bronze:FineTuning","bronze:Verify","bronze:Boost","Necronomicurse","bronze:OilSpill+1","bronze:Overload","infinitespire:NeuralNetwork+1","bronze:WhirlingStrike","bronze:ThunderWave","bronze:OilSpill+1","bronze:Iterate","bronze:Frontload+1","bronze:Shell","bronze:Mutator+1","bronze:BuggyMess+1","bronze:ChildClass+1","bronze:Branch+1"],"relics":["beaked:MendingPlumage","downfall:HeartsMalice","infinitespire:Cubic Diamond","Mercury Hourglass","conspire:GlowingRock","downfall:HeartBlessingRed","Juzu Bracelet","Kintsugi","Whetstone","Mummified Hand","conspire:Dentures","hubris:ScarierMask","Ancient Tea Set","ReplayTheSpireMod:Shallot","conspire:SpecialSausage","downfall:HeartBlessingGreen","bronze:SilverBullet","Membership Card","Gremlin Horn","hubris:SlimyHat","Pen Nib","Iron Hammer","Replay:Fungal Core","bronze:BottledCode","Orrery","hubris:Spice","ReplayTheSpireMod:CursedCoin","infinitespire:Golems Mask","Regal Pillow","Cursed Key","theForsaken:PlagueMask","Toolbox","hubris:BottledRain","Necronomicon","Frozen Egg 2","Sling","hubris:Towel"],"acts_visited":["Exordium","Exordium","TheBeyond","Exordium","TheCity","TheBeyond"],"potions_floor_usage":[],"damage_taken":[{"damage":0.0,"enemies":"downfall:FleeingMerchant","floor":4.0,"turns":1.0},{"damage":0.0,"enemies":"Small Slimes","floor":5.0,"turns":1.0},{"damage":0.0,"enemies":"2 Louse","floor":8.0,"turns":1.0},{"damage":6.0,"enemies":"Jaw Worm","floor":10.0,"turns":3.0},{"damage":7.0,"enemies":"Blue Slaver","floor":11.0,"turns":2.0},{"damage":12.0,"enemies":"Lagavulin","floor":13.0,"turns":5.0},{"damage":20.0,"enemies":"Gremlin Gang","floor":15.0,"turns":4.0},{"damage":13.0,"enemies":"WA_ARCHETYPE_RETAIN","floor":16.0,"turns":4.0},{"damage":18.0,"enemies":"theJungle:5_Spyders","floor":19.0,"turns":6.0},{"damage":25.0,"enemies":"theJungle:MUSHROOMGANG","floor":20.0,"turns":4.0},{"damage":3.0,"enemies":"downfall:FleeingMerchant","floor":22.0,"turns":4.0},{"damage":24.0,"enemies":"theJungle:2_Phrogs","floor":23.0,"turns":5.0},{"damage":2.0,"enemies":"Nightmare","floor":29.0,"turns":5.0},{"damage":0.0,"enemies":"theJungle:JungleHuntersEncounter","floor":30.0,"turns":2.0},{"damage":21.0,"enemies":"theJungle:2_Phrogs","floor":31.0,"turns":3.0},{"damage":0.0,"enemies":"theJungle:Lyon","floor":32.0,"turns":2.0},{"damage":18.0,"enemies":"IC_MUSHROOM_ARCHETYPE","floor":33.0,"turns":5.0},{"damage":18.0,"enemies":"3 Shapes","floor":36.0,"turns":3.0},{"damage":0.0,"enemies":"3 Darklings","floor":37.0,"turns":3.0},{"damage":44.0,"enemies":"Writhing Mass","floor":38.0,"turns":4.0},{"damage":0.0,"enemies":"downfall:FleeingMerchant","floor":39.0,"turns":4.0},{"damage":12.0,"enemies":"Spire Growth","floor":40.0,"turns":3.0},{"damage":5.0,"enemies":"Sphere and 2 Shapes","floor":42.0,"turns":2.0},{"damage":0.0,"enemies":"Giant Head","floor":43.0,"turns":4.0},{"damage":6.0,"enemies":"4 Shapes","floor":44.0,"turns":4.0},{"damage":0.0,"enemies":"3 Darklings","floor":45.0,"turns":2.0},{"damage":63.0,"enemies":"Nightmare","floor":46.0,"turns":6.0},{"damage":18.0,"enemies":"Maw","floor":49.0,"turns":5.0},{"damage":56.0,"enemies":"SI_POISON_ARCHETYPE","floor":50.0,"turns":6.0},{"damage":0.0,"enemies":"Jaw Worm","floor":53.0,"turns":1.0},{"damage":0.0,"enemies":"Cultist","floor":56.0,"turns":2.0},{"damage":0.0,"enemies":"Nightmare_Alpha","floor":57.0,"turns":1.0},{"damage":5.0,"enemies":"Lagavulin","floor":59.0,"turns":3.0},{"damage":0.0,"enemies":"2 Louse","floor":61.0,"turns":1.0},{"damage":0.0,"enemies":"Blue Slaver","floor":66.0,"turns":2.0},{"damage":0.0,"enemies":"Slime Boss","floor":67.0,"turns":2.0},{"damage":0.0,"enemies":"Spheric Guardian","floor":70.0,"turns":2.0},{"damage":12.0,"enemies":"Book of Stabbing","floor":75.0,"turns":3.0},{"damage":5.0,"enemies":"Slavers","floor":78.0,"turns":2.0},{"damage":0.0,"enemies":"downfall:LooterAlt2","floor":80.0,"turns":2.0},{"damage":0.0,"enemies":"Cultist and Chosen","floor":83.0,"turns":2.0},{"damage":0.0,"enemies":"Collector","floor":84.0,"turns":1.0},{"damage":0.0,"enemies":"3 Shapes","floor":87.0,"turns":2.0},{"damage":0.0,"enemies":"Orb Walker","floor":88.0,"turns":2.0},{"damage":15.0,"enemies":"Writhing Mass","floor":90.0,"turns":2.0},{"damage":8.0,"enemies":"Transient","floor":91.0,"turns":5.0},{"damage":0.0,"enemies":"Nightmare","floor":92.0,"turns":2.0},{"damage":25.0,"enemies":"Reptomancer","floor":95.0,"turns":3.0},{"damage":0.0,"enemies":"Reptomancer","floor":97.0,"turns":3.0},{"damage":0.0,"enemies":"Spire Growth","floor":98.0,"turns":3.0},{"damage":0.0,"enemies":"4 Shapes","floor":100.0,"turns":1.0},{"damage":52,"enemies":"conspire:OrnateMirror","floor":101,"turns":2}],"seed_played":"1381866949421183795","potions_obtained":[{"floor":10.0,"key":"Strength Potion"},{"floor":11.0,"key":"Energy Potion"},{"floor":15.0,"key":"DuplicationPotion"},{"floor":16.0,"key":"LifebloodPotion"},{"floor":19.0,"key":"AttackPotion"},{"floor":23.0,"key":"BlessingOfTheForge"},{"floor":27.0,"key":"Death Potion"},{"floor":27.0,"key":"Cursed Concoction"},{"floor":27.0,"key":"bronze:BuildAFunctionPotion"},{"floor":30.0,"key":"sneckomod:MuddlingPotion"},{"floor":33.0,"key":"hexamod:SoulburnPotion"},{"floor":38.0,"key":"bronze:BuildAFunctionPotion"},{"floor":40.0,"key":"Strength Potion"},{"floor":46.0,"key":"construct:ShiftPotion"},{"floor":49.0,"key":"Block Potion"},{"floor":50.0,"key":"LiquidBronze"},{"floor":61.0,"key":"champ:CounterPotion"},{"floor":67.0,"key":"Milkshake"},{"floor":70.0,"key":"PowerPotion"},{"floor":72.0,"key":"downfall:CursedFountainPotion"},{"floor":92.0,"key":"LifebloodPotion"},{"floor":95.0,"key":"DuplicationPotion"},{"floor":97.0,"key":"DistilledChaos"}],"is_trial":false,"path_per_floor":["R","?","?","$","M","?","T","M","R","M","M","R","E","?","M","B",null,"R","M","M","?","$","E","T","R","?","?","AVR","NM","M","E","M","B",null,"R_BF","M","M","M","$","M","T","M","E","M","M","NM","$","?","M","B",null,"R_BF","M","?","AVR","M","NM","T","E","R","M","R","$","R","?","M","B",null,"R_BF","M","?","?","$","R","E","?","?","E","R","M","R","AVR","M","B",null,"R","M","M","AVR","M","M","NM","?","$","E","?","?","M","?","M","B"],"character_chosen":"THE_AUTOMATON","items_purchased":["bronze:ChosenStrike","bronze:FollowUp","Membership Card","bronze:Repulsor","bronze:GetLatest","bronze:FindAndReplace","expansioncontent:DashGenerateEvil","Gremlin Horn","Mayhem","bronze:ItsAFeature","bronze:Backtrace+1","expansioncontent:LastStand","ReplayTheSpireMod:CursedCoin","Survey Options","bronze:ClassDefault","bronze:CloningBeam+1","bronze:Overheat","infinitespire:Golems Mask","Toolbox","hubris:BottledRain","bronze:FineTuning","hubris:Spice"],"campfire_rested":0,"item_purchase_floors":[4,22,39,39,39,39,39,39,47,47,47,47,63,63,63,63,63,63,73,73,73,94],"current_hp_per_floor":[70,70,70,70,70,70,70,70,70,70,67,67,63,63,55,54,70,70,66,55,55,67,54,54,54,54,54,54,70,70,56,69,61,70,70,61,70,37,59,62,62,65,70,70,70,24,24,24,31,15,70,70,70,60,60,60,60,68,64,64,68,68,68,68,68,68,68,68,62,68,68,68,68,68,66,66,50,63,63,68,68,68,68,68,76,76,76,76,68,60,60,68,68,60,37,37,44,44,31,43,0,0,0],"gold":240,"neow_bonus":"THREE_ENEMY_KILL","is_daily":false,"chose_seed":false,"campfire_upgraded":11,"win_rate":0.0,"timestamp":1614230687,"path_taken":["R","?","?","$","M","?","T","?","R","M","M","R","E","?","M","BOSS","R","M","M","?","$","E","T","R","?","?","AVR","NM","M","E","M","BOSS","R_BF","M","M","M","?","M","T","M","E","M","M","NM","$","?","M","BOSS","R_BF","M","?","AVR","M","NM","T","E","R","M","R","$","R","?","M","BOSS","R_BF","M","?","?","$","R","E","?","?","E","R","M","R","AVR","M","BOSS","R","M","M","AVR","M","M","NM","?","$","E","?","?","M","?","M","BOSS"],"items_purchased_type":["Card","Card","Relic","Card","Card","Card","Card","Relic","Card","Card","Card","Card","Relic","Card","Card","Card","Card","Relic","Relic","Relic","Card","Relic"],"build_version":"2020-12-22","purchased_purges":5,"victory":false,"max_hp_per_floor":[70,70,70,70,70,70,70,70,70,70,70,70,70,70,70,70,70,70,70,70,70,70,70,70,70,70,70,70,70,70,70,70,70,70,70,70,70,70,70,70,70,70,70,70,70,70,70,70,70,70,70,70,70,60,60,60,60,68,68,68,68,68,68,68,68,68,68,68,68,68,68,68,68,68,68,68,68,68,68,68,68,68,68,68,76,76,76,76,68,68,68,68,68,60,60,60,44,44,44,44,44,44,44],"card_choices":[{"not_picked":["bronze:Flail","bronze:BitShift"],"picked":"bronze:Return","floor":4.0},{"not_picked":["bronze:Deprecate","bronze:Overheat"],"picked":"bronze:Iterate","floor":5.0},{"not_picked":["bronze:Frontload","bronze:Constructor"],"picked":"bronze:ChosenStrike","floor":6.0},{"not_picked":["bronze:WildBeam","bronze:Iterate"],"picked":"bronze:OilSpill","floor":6.0},{"not_picked":["bronze:NullPointer","bronze:Constructor"],"picked":"bronze:ForLoop","floor":8.0},{"not_picked":["bronze:Safeguard","bronze:Assembly"],"picked":"bronze:Iterate","floor":10.0},{"not_picked":["bronze:Turbo","bronze:Refactor"],"picked":"bronze:ChildClass","floor":11.0},{"not_picked":["bronze:Shell","bronze:Return"],"picked":"bronze:BitShift","floor":13.0},{"not_picked":["bronze:CloningBeam","bronze:WildBeam"],"picked":"bronze:BronzeOrb","floor":15.0},{"not_picked":["bronze:HardenedForm","bronze:SpaghettiCode"],"picked":"bronze:InfiniteLoop","floor":16.0},{"not_picked":["bronze:OilSpill+1","bronze:Allocate"],"picked":"bronze:ClassDefault","floor":19.0},{"not_picked":["bronze:Flail+1","bronze:Backtrace"],"picked":"bronze:OilSpill","floor":20.0},{"not_picked":["bronze:Shield","bronze:Safeguard+1"],"picked":"bronze:OilSpill+1","floor":22.0},{"not_picked":["bronze:CloningBeam","bronze:FineTuning"],"picked":"bronze:RecursiveStrike","floor":23.0},{"not_picked":["bronze:FineTuning+1","bronze:DigitalCarnage"],"picked":"bronze:RecursiveStrike","floor":29.0},{"not_picked":["bronze:ForLoop+1","bronze:Allocate"],"picked":"bronze:ClassDefault","floor":30.0},{"not_picked":["bronze:BitShift+1","bronze:DelayedGuard+1"],"picked":"bronze:BuggyMess+1","floor":31.0},{"not_picked":["bronze:Constructor","bronze:Refactor","bronze:Overheat"],"picked":"SKIP","floor":32.0},{"not_picked":["bronze:ShipIt","bronze:Verify"],"picked":"bronze:Library","floor":33.0},{"not_picked":["bronze:Philosophize+1","bronze:Invalidate"],"picked":"bronze:DelayedGuard+1","floor":36.0},{"not_picked":["bronze:WildBeam","bronze:WhirlingStrike"],"picked":"bronze:ChosenStrike+1","floor":37.0},{"not_picked":["bronze:BuggyMess","bronze:ChosenStrike+1"],"picked":"bronze:Terminator+1","floor":38.0},{"not_picked":["bronze:DelayedGuard+1","bronze:BronzeArmor"],"picked":"bronze:InfiniteBeams","floor":39.0},{"not_picked":["bronze:Branch+1","bronze:DarkDash"],"picked":"bronze:Optimize+1","floor":40.0},{"not_picked":["bronze:Branch","bronze:Overheat+1"],"picked":"bronze:Iterate+1","floor":42.0},{"not_picked":["bronze:DelayedGuard+1","bronze:Format"],"picked":"bronze:Assembly","floor":43.0},{"not_picked":["bronze:WhirlingStrike","bronze:Turbo"],"picked":"bronze:WildBeam+1","floor":44.0},{"not_picked":["bronze:ForLoop+1","bronze:DarkDash+1"],"picked":"bronze:Overload","floor":45.0},{"not_picked":["bronze:Flail","bronze:InfiniteBeams"],"picked":"bronze:FindAndReplace","floor":46.0},{"not_picked":["bronze:ForLoop","bronze:DarkDash+1"],"picked":"bronze:BugBarrage+1","floor":49.0},{"not_picked":["bronze:HyperBeam","bronze:Mutator"],"picked":"bronze:HardenedForm","floor":50.0},{"not_picked":["bronze:Overload","bronze:Iterate"],"picked":"bronze:Optimize","floor":53.0},{"not_picked":["bronze:CloningBeam","bronze:Optimize"],"picked":"bronze:ClassDefault","floor":55.0},{"not_picked":["bronze:OilSpill","bronze:Invalidate"],"picked":"bronze:GetLatest","floor":55.0},{"not_picked":["bronze:Repulsor","bronze:Shield"],"picked":"bronze:DelayedSlice","floor":55.0},{"not_picked":["bronze:Philosophize","bronze:ClassDefault"],"picked":"bronze:ChildClass","floor":55.0},{"not_picked":["bronze:BugBarrage","bronze:Deprecate"],"picked":"bronze:DelayedGuard","floor":55.0},{"not_picked":["bronze:Iterate","bronze:Allocate"],"picked":"bronze:CutThrough","floor":56.0},{"not_picked":["Replay:Fractal Strike","infinitespire:Oblivion"],"picked":"ReplayTheSpireMod:??????????????????????","floor":57.0},{"not_picked":["bronze:Refactor","bronze:Philosophize"],"picked":"bronze:Verify","floor":57.0},{"not_picked":["bronze:DelayedGuard","bronze:Philosophize"],"picked":"bronze:ItsAFeature","floor":59.0},{"not_picked":["bronze:DelayedGuard","bronze:Deprecate"],"picked":"bronze:Separator","floor":61.0},{"not_picked":["bronze:CloningBeam","bronze:Frontload"],"picked":"bronze:Return","floor":66.0},{"not_picked":["bronze:Assembly","bronze:Mutator"],"picked":"bronze:TinkerersToolbox","floor":67.0},{"not_picked":["ReplayTheSpireMod:Haul","infinitespire:Starlight"],"picked":"infinitespire:TheBestDefense","floor":68.0},{"not_picked":["bronze:CutThrough","bronze:Repair+1"],"picked":"bronze:Boost","floor":70.0},{"not_picked":["bronze:ClassDefault","bronze:Repair+1"],"picked":"bronze:Verify","floor":75.0},{"not_picked":["bronze:Constructor","bronze:WhirlingStrike+1"],"picked":"bronze:OilSpill","floor":78.0},{"not_picked":["bronze:ForLoop","bronze:Constructor+1"],"picked":"bronze:Overload","floor":80.0},{"not_picked":["bronze:BuggyMess","bronze:Turbo+1"],"picked":"bronze:WhirlingStrike","floor":83.0},{"not_picked":["bronze:Break","bronze:Hardcode+1"],"picked":"bronze:ThunderWave","floor":84.0},{"not_picked":["bronze:BitShift+1","bronze:Constructor+1"],"picked":"bronze:OilSpill+1","floor":87.0},{"not_picked":["bronze:Turbo","bronze:WhirlingStrike+1"],"picked":"bronze:Iterate","floor":88.0},{"not_picked":["bronze:DarkDash","bronze:DelayedSlice"],"picked":"bronze:Frontload+1","floor":90.0},{"not_picked":["bronze:Constructor+1","bronze:Frontload+1"],"picked":"bronze:Shell","floor":91.0},{"not_picked":["bronze:CutThrough","bronze:Shield"],"picked":"bronze:Mutator+1","floor":92.0},{"not_picked":["bronze:Constructor","bronze:DelayedGuard"],"picked":"bronze:BuggyMess+1","floor":95.0},{"not_picked":["bronze:InfiniteBeams+1","bronze:Shield"],"picked":"hubris:SpiceAddiction","floor":97.0},{"not_picked":["bronze:Turbo+1","bronze:Deprecate"],"picked":"bronze:ChildClass+1","floor":98.0},{"not_picked":["bronze:Separator+1","bronze:FineTuning+1"],"picked":"bronze:Branch+1","floor":100}],"player_experience":288325,"relics_obtained":[{"floor":6.0,"key":"Mercury Hourglass"},{"floor":7.0,"key":"conspire:GlowingRock"},{"floor":13.0,"key":"Juzu Bracelet"},{"floor":23.0,"key":"Whetstone"},{"floor":24.0,"key":"Mummified Hand"},{"floor":29.0,"key":"Ancient Tea Set"},{"floor":31.0,"key":"ReplayTheSpireMod:Shallot"},{"floor":35.0,"key":"bronze:SilverBullet"},{"floor":41.0,"key":"hubris:SlimyHat"},{"floor":43.0,"key":"Pen Nib"},{"floor":46.0,"key":"Iron Hammer"},{"floor":58.0,"key":"hubris:Spice"},{"floor":77.0,"key":"Necronomicon"},{"floor":97.0,"key":"hubris:Spice"}],"event_choices":[{"damage_healed":0.0,"max_hp_gain":0.0,"max_hp_loss":0.0,"gold_gain":0.0,"event_name":"conspire:LoneGhost","player_choice":"Agree","floor":2.0,"gold_loss":0.0,"damage_taken":0.0},{"damage_healed":0.0,"max_hp_gain":0.0,"max_hp_loss":0.0,"gold_gain":0.0,"event_name":"Lab","player_choice":"Got Potions","floor":27.0,"gold_loss":0.0,"damage_taken":0.0},{"damage_healed":0.0,"max_hp_gain":0.0,"max_hp_loss":0.0,"gold_gain":0.0,"event_name":"conspire:Investor","player_choice":"Leave","floor":48.0,"gold_loss":0.0,"damage_taken":0.0},{"damage_healed":0.0,"max_hp_gain":0.0,"max_hp_loss":0.0,"gold_gain":0.0,"event_name":"Big Fish","player_choice":"Box","floor":65.0,"gold_loss":0.0,"damage_taken":0.0,"relics_obtained":["Regal Pillow"],"cards_obtained":["Regret"]},{"damage_healed":0.0,"max_hp_gain":0.0,"max_hp_loss":0.0,"gold_gain":0.0,"event_name":"Plague Doctor","player_choice":"Obtain Plague Curse","floor":71.0,"gold_loss":0.0,"damage_taken":0.0,"cards_obtained":["theForsaken:PlagueCurse"]},{"damage_healed":0.0,"max_hp_gain":0.0,"max_hp_loss":0.0,"gold_gain":0.0,"event_name":"The Library","player_choice":"Read","floor":76.0,"gold_loss":0.0,"damage_taken":0.0,"cards_obtained":["bronze:Boost"]},{"cards_removed":["hubris:Wrath"],"damage_healed":0.0,"max_hp_gain":0.0,"max_hp_loss":0.0,"gold_gain":0.0,"event_name":"Falling","player_choice":"Removed Attack","floor":93.0,"gold_loss":0.0,"damage_taken":0.0}],"is_beta":false,"boss_relics":[{"not_picked":["ReplayTheSpireMod:SealedPack","Replay:Wanted Poster"],"picked":"Kintsugi"},{"not_picked":["Empty Cage","SlaversCollar"],"picked":"conspire:SpecialSausage"},{"not_picked":["ReplayTheSpireMod:DimensionalGlitch","Painkiller Herb"],"picked":"Replay:Fungal Core"},{"not_picked":["Runic Dome","SacredBark"],"picked":"Cursed Key"},{"not_picked":["hubris:Backtick","infinitespire:Cupcake"],"picked":"hubris:Spice"}],"items_purged_floors":[22,28,63,82,89],"is_endless":false,"potions_floor_spawned":[10,11,15,16,19,23,30,32,33,38,40,42,46,49,50,57,61,66,67,70,78,83,92,95,97,98],"killed_by":"conspire:OrnateMirror","ascension_level":0}}