{"host":"5n1fl7z5i1vf7jan","time":1614211706,"event":{"mods":["BaseMod","Minty Spire (QoL Compilation)","Quick Restart","Relic Stats"],"gold_per_floor":[118,118,193,118,268,300,84,118,143,143,159,184,204,230,230,302,302,317,317,336,356,316,316,343,360,386,386,386],"floor_reached":27,"language":"ENG","playtime":1525,"items_purged":["Doubt"],"score":618,"play_id":"a989f447-2737-4ed4-9461-632f2814e582","local_time":"20210224160826","is_ascension_mode":true,"campfire_choices":[{"data":"Defragment","floor":10.0,"key":"SMITH"},{"floor":15,"key":"REST"},{"data":"Consume","floor":23,"key":"SMITH"}],"circlet_count":0,"master_deck":["AscendersBane","Strike_B+1","Strike_B+1","Strike_B+1","Defend_B+1","Defend_B+1","Defend_B+1","Defend_B+1","Zap","Dualcast","FTL","Sweeping Beam","Ball Lightning","Conserve Battery","Defragment+1","Compile Driver","Cold Snap","Rip and Tear","Doom and Gloom","Reboot","Ball Lightning","Barrage","Consume+1"],"relics":["Cracked Core","NeowsBlessing","Eternal Feather","Dream Catcher","Regal Pillow","Potion Belt","Omamori","Nunchaku","Inserter","Toy Ornithopter"],"acts_visited":["Exordium","TheCity"],"potions_floor_usage":[16,20,21,21,24,24,24,27],"damage_taken":[{"damage":0.0,"enemies":"2 Louse","floor":1.0,"turns":1.0},{"damage":0.0,"enemies":"Lagavulin","floor":6.0,"turns":1.0},{"damage":0.0,"enemies":"Gremlin Nob","floor":8.0,"turns":1.0},{"damage":0.0,"enemies":"Small Slimes","floor":11.0,"turns":2.0},{"damage":20.0,"enemies":"Lagavulin","floor":12.0,"turns":4.0},{"damage":0,"enemies":"Cultist","floor":13,"turns":2},{"damage":4,"enemies":"Gremlin Nob","floor":14,"turns":3},{"damage":12,"enemies":"Slime Boss","floor":16,"turns":7},{"damage":0,"enemies":"Spheric Guardian","floor":18,"turns":3},{"damage":12,"enemies":"3 Byrds","floor":20,"turns":4},{"damage":0,"enemies":"Cultist and Chosen","floor":21,"turns":5},{"damage":44,"enemies":"Slavers","floor":24,"turns":4},{"damage":5,"enemies":"Chosen and Byrds","floor":25,"turns":6},{"damage":32,"enemies":"Centurion and Healer","floor":27,"turns":4}],"seed_played":"8047385837366076192","potions_obtained":[{"floor":1.0,"key":"FearPotion"},{"floor":6.0,"key":"GamblersBrew"},{"floor":11.0,"key":"Ancient Potion"},{"floor":14,"key":"Energy Potion"},{"floor":16,"key":"EssenceOfDarkness"},{"floor":18,"key":"SpeedPotion"},{"floor":22,"key":"LiquidBronze"},{"floor":22,"key":"Ancient Potion"},{"floor":22,"key":"DuplicationPotion"},{"floor":25,"key":"Dexterity Potion"}],"is_trial":false,"path_per_floor":["M","?","?","?","?","E","$","E","T","R","M","E","M","E","R","B",null,"M","?","M","M","?","R","E","M","T","M"],"character_chosen":"DEFECT","items_purchased":["Ball Lightning","Conserve Battery","Block Potion"],"campfire_rested":1,"item_purchase_floors":[7,7,7],"current_hp_per_floor":[64,46,35,35,35,35,35,35,35,44,44,24,24,20,65,53,67,67,67,55,55,55,67,23,18,18,0,0],"gold":386,"neow_bonus":"THREE_ENEMY_KILL","is_daily":false,"chose_seed":false,"campfire_upgraded":2,"win_rate":0.0,"timestamp":1614211706,"path_taken":["M","?","?","?","?","E","$","E","T","R","M","E","M","E","R","BOSS","M","?","M","M","?","R","E","?","T","M"],"items_purchased_type":["Card","Card","Potion"],"build_version":"2020-12-22","purchased_purges":1,"victory":false,"max_hp_per_floor":[71,71,71,71,71,71,71,71,71,71,71,71,71,71,71,71,71,71,71,71,71,71,71,71,71,71,71,71],"relic_stats":{"Dream Catcher":1,"Regal Pillow":15,"Nunchaku":[6],"Inserter":[13],"counters":[14,47],"Eternal Feather":30,"obtain_stats":[{"Potion Belt":9,"Dream Catcher":6,"Regal Pillow":8,"Nunchaku":14,"Inserter":17,"NeowsBlessing":0,"Eternal Feather":2,"Omamori":12,"Cracked Core":0,"Toy Ornithopter":24},{"Potion Belt":3,"Dream Catcher":2,"Regal Pillow":3,"Nunchaku":7,"Inserter":8,"NeowsBlessing":0,"Eternal Feather":1,"Omamori":5,"Cracked Core":0,"Toy Ornithopter":12},{"Potion Belt":3,"Dream Catcher":2,"Regal Pillow":3,"Nunchaku":14,"Inserter":21,"NeowsBlessing":0,"Eternal Feather":1,"Omamori":9,"Cracked Core":0,"Toy Ornithopter":37}],"Toy Ornithopter":5},"card_choices":[{"not_picked":["Steam Power","White Noise"],"picked":"FTL","floor":1.0},{"not_picked":["Heatsinks","Compile Driver"],"picked":"Sweeping Beam","floor":6.0},{"not_picked":["Steam","Leap"],"picked":"Defragment","floor":8.0},{"not_picked":["White Noise","Steam"],"picked":"Compile Driver","floor":11.0},{"not_picked":["Sweeping Beam","Barrage"],"picked":"Cold Snap","floor":12.0},{"not_picked":["Undo","Fusion"],"picked":"Rip and Tear","floor":13},{"not_picked":["Hello World","Chaos","White Noise"],"picked":"SKIP","floor":14},{"not_picked":["White Noise","Turbo"],"picked":"Doom and Gloom","floor":15},{"not_picked":["Buffer","Meteor Strike"],"picked":"Reboot","floor":16},{"not_picked":["Genetic Algorithm","FTL"],"picked":"Ball Lightning","floor":18},{"not_picked":["Redo","Heatsinks"],"picked":"Barrage","floor":20},{"not_picked":["Coolheaded","Double Energy"],"picked":"Consume","floor":21},{"not_picked":["Barrage","Aggregate","Steam Power"],"picked":"SKIP","floor":24},{"not_picked":["Barrage","Gash","Rebound"],"picked":"SKIP","floor":25}],"player_experience":403663,"relics_obtained":[{"floor":6.0,"key":"Dream Catcher"},{"floor":8.0,"key":"Regal Pillow"},{"floor":9.0,"key":"Potion Belt"},{"floor":12.0,"key":"Omamori"},{"floor":14,"key":"Nunchaku"},{"floor":24,"key":"Toy Ornithopter"}],"event_choices":[{"damage_healed":0.0,"max_hp_gain":0.0,"max_hp_loss":0.0,"gold_gain":0.0,"event_name":"Scrap Ooze","player_choice":"Success","floor":2.0,"gold_loss":0.0,"damage_taken":18.0,"relics_obtained":["Eternal Feather"]},{"damage_healed":0.0,"max_hp_gain":0.0,"max_hp_loss":0.0,"gold_gain":75.0,"event_name":"World of Goop","player_choice":"Gather Gold","floor":3.0,"gold_loss":0.0,"damage_taken":11.0},{"cards_removed":["Strike_B"],"damage_healed":0.0,"max_hp_gain":0.0,"max_hp_loss":0.0,"gold_gain":0.0,"event_name":"The Cleric","player_choice":"Card Removal","floor":4.0,"gold_loss":75.0,"damage_taken":0.0},{"damage_healed":0.0,"max_hp_gain":0.0,"max_hp_loss":0.0,"gold_gain":150.0,"event_name":"Liars Game","player_choice":"AGREE","floor":5.0,"gold_loss":0.0,"damage_taken":0.0,"cards_obtained":["Doubt"]},{"damage_healed":0,"gold_gain":0,"player_choice":"Simplicity","damage_taken":0,"max_hp_gain":0,"max_hp_loss":0,"event_name":"Back to Basics","floor":19,"gold_loss":0,"cards_upgraded":["Strike_B","Strike_B","Strike_B","Defend_B","Defend_B","Defend_B","Defend_B"]},{"damage_healed":0,"gold_gain":0,"player_choice":"Bought 3 Potions","damage_taken":0,"max_hp_gain":0,"max_hp_loss":0,"event_name":"The Woman in Blue","floor":22,"gold_loss":0}],"is_beta":false,"boss_relics":[{"not_picked":["SlaversCollar","Busted Crown"],"picked":"Inserter"}],"items_purged_floors":[7],"is_endless":false,"potions_floor_spawned":[1,6,11,14,16,18,25],"killed_by":"Centurion and Healer","ascension_level":20}}