{"host":"ly3xxjo8nz2ssae4","time":1614230316,"event":{"mods":["BaseMod","Colored Map","DeckTracker","Highlight Path","Minty Spire (QoL Compilation)","Quick Restart"],"gold_per_floor":[114,128,139,152,163,163,178,178,226,236,54,71,104,119,119,222,222,232,232,86,99,99,132,132,146,170,185,196,221,237,253,253,352,352,372,386,386,401,146,146,177,177,203,237,237,256,256,256,256,256,256,256,59,86,86,86],"floor_reached":55,"language":"ENG","playtime":8134,"items_purged":["Strike_R","Defend_R","Parasite"],"score":775,"play_id":"4d848153-cb40-4b6e-af6f-6b637c1475e7","local_time":"20210225001836","is_ascension_mode":false,"campfire_choices":[{"data":"Uppercut","floor":6.0,"key":"SMITH"},{"data":"Carnage","floor":8.0,"key":"SMITH"},{"data":"Mayhem","floor":15.0,"key":"SMITH"},{"data":"Body Slam","floor":24.0,"key":"SMITH"},{"data":"Body Slam","floor":32.0,"key":"SMITH"},{"data":"Shockwave","floor":40.0,"key":"SMITH"},{"data":"Double Tap","floor":42.0,"key":"SMITH"},{"floor":45.0,"key":"RECALL"},{"floor":47.0,"key":"REST"},{"data":"Bash","floor":49.0,"key":"SMITH"},{"data":"Finesse","floor":52.0,"key":"SMITH"}],"circlet_count":0,"master_deck":["Strike_R","Defend_R","Defend_R","Defend_R","Bash+1","Finesse+1","Ghostly Armor","Carnage+1","Heavy Blade","Uppercut+1","Clothesline+1","Clash+1","Body Slam+1","Mayhem+1","Disarm","Ghostly Armor","Shockwave+1","Double Tap+1","Seeing Red+1","Armaments+1","Wild Strike+1","Impervious","Hemokinesis+1","Necronomicurse","Impervious","Clash","Body Slam+1","Shrug It Off+1","Bloodletting","Impervious","Battle Trance+1","Master of Strategy","Bloodletting+1","Inflame+1","Clumsy","Demon Form"],"relics":["Burning Blood","Blood Vial","Astrolabe","Necronomicon","Matryoshka","Juzu Bracelet","Ancient Tea Set","Bag of Marbles","Cursed Key","Anchor","White Beast Statue","Dream Catcher","Whetstone","Bird Faced Urn","Ornamental Fan","Boot"],"acts_visited":["Exordium","TheCity","TheBeyond","TheEnding"],"potions_floor_usage":[55,55,55,55,55],"damage_taken":[{"damage":0.0,"enemies":"2 Louse","floor":1.0,"turns":2.0},{"damage":0.0,"enemies":"Small Slimes","floor":2.0,"turns":3.0},{"damage":0.0,"enemies":"Jaw Worm","floor":3.0,"turns":5.0},{"damage":19.0,"enemies":"Exordium Thugs","floor":4.0,"turns":8.0},{"damage":7.0,"enemies":"3 Louse","floor":5.0,"turns":3.0},{"damage":5.0,"enemies":"Looter","floor":7.0,"turns":3.0},{"damage":8.0,"enemies":"Red Slaver","floor":10.0,"turns":2.0},{"damage":6.0,"enemies":"Exordium Wildlife","floor":12.0,"turns":5.0},{"damage":20.0,"enemies":"Gremlin Nob","floor":13.0,"turns":4.0},{"damage":0.0,"enemies":"Large Slime","floor":14.0,"turns":5.0},{"damage":41.0,"enemies":"The Guardian","floor":16.0,"turns":8.0},{"damage":6.0,"enemies":"Spheric Guardian","floor":18.0,"turns":4.0},{"damage":2.0,"enemies":"Chosen","floor":21.0,"turns":5.0},{"damage":2.0,"enemies":"Gremlin Leader","floor":23.0,"turns":4.0},{"damage":0.0,"enemies":"Snake Plant","floor":25.0,"turns":3.0},{"damage":6.0,"enemies":"3 Cultists","floor":27.0,"turns":4.0},{"damage":10.0,"enemies":"Centurion and Healer","floor":28.0,"turns":5.0},{"damage":37.0,"enemies":"Slavers","floor":29.0,"turns":5.0},{"damage":4.0,"enemies":"Shelled Parasite and Fungi","floor":30.0,"turns":4.0},{"damage":3.0,"enemies":"Snake Plant","floor":31.0,"turns":2.0},{"damage":16.0,"enemies":"Champ","floor":33.0,"turns":11.0},{"damage":0.0,"enemies":"Orb Walker","floor":35.0,"turns":2.0},{"damage":8.0,"enemies":"3 Shapes","floor":36.0,"turns":3.0},{"damage":24.0,"enemies":"Jaw Worm Horde","floor":38.0,"turns":4.0},{"damage":17.0,"enemies":"Nemesis","floor":41.0,"turns":7.0},{"damage":11.0,"enemies":"Giant Head","floor":44.0,"turns":7.0},{"damage":5.0,"enemies":"3 Darklings","floor":46.0,"turns":6.0},{"damage":66.0,"enemies":"Donu and Deca","floor":50.0,"turns":9.0},{"damage":18.0,"enemies":"Shield and Spear","floor":54.0,"turns":4.0},{"damage":108,"enemies":"The Heart","floor":55,"turns":8}],"seed_played":"-4396066863843626366","potions_obtained":[{"floor":1.0,"key":"Block Potion"},{"floor":3.0,"key":"Strength Potion"},{"floor":10.0,"key":"EntropicBrew"},{"floor":12.0,"key":"BloodPotion"},{"floor":16.0,"key":"AttackPotion"},{"floor":23.0,"key":"ColorlessPotion"},{"floor":29.0,"key":"Fire Potion"},{"floor":30.0,"key":"Explosive Potion"},{"floor":41.0,"key":"Explosive Potion"},{"floor":44.0,"key":"SmokeBomb"},{"floor":46.0,"key":"LiquidMemories"}],"is_trial":false,"path_per_floor":["M","M","M","M","M","R","M","R","T","M","$","M","E","M","R","B",null,"M","?","$","M","?","E","R","M","T","M","M","E","M","M","R","B",null,"M","M","?","M","$","R","E","R","T","E","R","M","R","T","R","B",null,"R","$","E","B"],"character_chosen":"IRONCLAD","items_purchased":["Mayhem","Impervious","Anchor","EssenceOfSteel"],"campfire_rested":1,"item_purchase_floors":[11,20,39,53],"current_hp_per_floor":[80,80,80,67,66,66,67,67,67,65,65,65,51,59,59,42,80,80,80,80,80,64,70,70,78,78,80,76,47,51,56,56,48,80,80,78,78,62,62,62,53,53,53,50,50,55,79,79,79,22,80,80,77,65,0,0],"gold":86,"neow_bonus":"RANDOM_COLORLESS","is_daily":false,"chose_seed":false,"campfire_upgraded":9,"win_rate":0.0,"timestamp":1614230316,"path_taken":["M","M","M","M","M","R","M","R","T","M","$","M","E","M","R","BOSS","M","?","$","M","?","E","R","M","T","M","M","E","M","M","R","BOSS","M","M","?","M","$","R","E","R","T","E","R","M","R","?","R","BOSS","R","$","E","BOSS"],"items_purchased_type":["Card","Card","Relic","Potion"],"build_version":"2020-12-22","purchased_purges":3,"victory":false,"max_hp_per_floor":[80,80,80,80,80,80,80,80,80,80,80,80,80,80,80,80,80,80,80,80,80,80,80,80,80,80,80,80,80,80,80,80,80,80,80,80,80,80,80,80,80,80,80,80,80,80,80,80,80,80,80,80,77,77,77,77],"card_choices":[{"not_picked":["Impatience","Forethought"],"picked":"Finesse","floor":0.0},{"not_picked":["Burning Pact","Intimidate"],"picked":"Ghostly Armor","floor":1.0},{"not_picked":["Dropkick","Pommel Strike"],"picked":"Carnage","floor":2.0},{"not_picked":["Clothesline","Rampage"],"picked":"Heavy Blade","floor":3.0},{"not_picked":["Seeing Red","Iron Wave"],"picked":"Uppercut","floor":4.0},{"not_picked":["Berserk","Burning Pact"],"picked":"Clothesline","floor":5.0},{"not_picked":["Cleave","Pummel"],"picked":"Clash","floor":7.0},{"not_picked":["Anger","Flex"],"picked":"Body Slam","floor":10.0},{"not_picked":["Warcry","Cleave"],"picked":"Disarm","floor":12.0},{"not_picked":["Berserk","Hemokinesis"],"picked":"Ghostly Armor","floor":13.0},{"not_picked":["Rage","Second Wind"],"picked":"Shockwave","floor":14.0},{"not_picked":["Limit Break","Brutality"],"picked":"Double Tap","floor":16.0},{"not_picked":["Twin Strike","Warcry","Thunderclap+1"],"picked":"SKIP","floor":18.0},{"not_picked":["Anger","Cleave+1"],"picked":"Hemokinesis+1","floor":21.0},{"not_picked":["Barricade","Clash+1"],"picked":"Impervious","floor":23.0},{"not_picked":["Pummel","Twin Strike"],"picked":"Clash","floor":25.0},{"not_picked":["Armaments+1","Flex"],"picked":"Body Slam","floor":27.0},{"not_picked":["Hemokinesis","Flex","Shockwave"],"picked":"SKIP","floor":28.0},{"not_picked":["Demon Form","Twin Strike"],"picked":"Shrug It Off+1","floor":29.0},{"not_picked":["Cleave","Clash"],"picked":"Bloodletting","floor":30.0},{"not_picked":["Armaments","Rupture","Body Slam"],"picked":"SKIP","floor":31.0},{"not_picked":["Brutality","Fiend Fire"],"picked":"Impervious","floor":33.0},{"not_picked":["Reckless Charge","Infernal Blade+1"],"picked":"Battle Trance+1","floor":35.0},{"not_picked":["Headbutt","Dual Wield+1","Fire Breathing+1"],"picked":"SKIP","floor":36.0},{"not_picked":["Swift Strike","Purity"],"picked":"Master of Strategy","floor":37.0},{"not_picked":["True Grit","Shrug It Off+1"],"picked":"Bloodletting+1","floor":38.0},{"not_picked":["Pummel","Thunderclap","Flex"],"picked":"SKIP","floor":41.0},{"not_picked":["Body Slam","Rupture","Perfected Strike"],"picked":"SKIP","floor":44.0},{"not_picked":["Feel No Pain+1","Clash+1"],"picked":"Inflame+1","floor":46.0},{"not_picked":["Sword Boomerang","Pommel Strike+1"],"picked":"Demon Form","floor":54.0}],"player_experience":294975,"relics_obtained":[{"floor":13.0,"key":"Blood Vial"},{"floor":22.0,"key":"Necronomicon"},{"floor":23.0,"key":"Matryoshka"},{"floor":26.0,"key":"Juzu Bracelet"},{"floor":26.0,"key":"Ancient Tea Set"},{"floor":29.0,"key":"Bag of Marbles"},{"floor":41.0,"key":"White Beast Statue"},{"floor":43.0,"key":"Dream Catcher"},{"floor":43.0,"key":"Whetstone"},{"floor":44.0,"key":"Bird Faced Urn"},{"floor":48.0,"key":"Ornamental Fan"},{"floor":54.0,"key":"Boot"}],"event_choices":[{"damage_healed":0.0,"max_hp_gain":0.0,"max_hp_loss":0.0,"gold_gain":0.0,"event_name":"Vampires","player_choice":"Ignored","floor":19.0,"gold_loss":0.0,"damage_taken":0.0},{"damage_healed":0.0,"max_hp_gain":0.0,"max_hp_loss":0.0,"gold_gain":0.0,"event_name":"Cursed Tome","player_choice":"Obtained Book","floor":22.0,"gold_loss":0.0,"damage_taken":16.0},{"damage_healed":0.0,"max_hp_gain":0.0,"max_hp_loss":0.0,"gold_gain":0.0,"event_name":"SensoryStone","player_choice":"Memory 1","floor":37.0,"gold_loss":0.0,"damage_taken":0.0}],"is_beta":false,"boss_relics":[{"not_picked":["Empty Cage","Snecko Eye"],"picked":"Astrolabe"},{"not_picked":["Coffee Dripper","SlaversCollar"],"picked":"Cursed Key"}],"items_purged_floors":[20,39,53],"is_endless":false,"potions_floor_spawned":[1,3,10,12,16,18,23,29,30,33,35,38,41,44,46,54],"killed_by":"The Heart","ascension_level":0}}