{"host":"e4wnmsyty9uvvtwf","time":1614242373,"event":{"mods":["BaseMod","Colored Map","Colored Powertips","Hermit","Minty Spire (QoL Compilation)","Replay The Spire","StSLib"],"gold_per_floor":[111,121,196,207,218,218,248,248,248,298,298,298],"floor_reached":11,"language":"ZHS","playtime":266,"items_purged":[],"score":73,"play_id":"89fe9e0e-dbcb-4b54-bfa1-ce2ac07f7580","local_time":"20210225163933","is_ascension_mode":false,"campfire_choices":[{"data":"hermit:Roughhouse","floor":6,"key":"SMITH"},{"data":"hermit:Virtue","floor":8,"key":"SMITH"}],"circlet_count":0,"master_deck":["hermit:Strike_Hermit","hermit:Strike_Hermit","hermit:Strike_Hermit","hermit:Strike_Hermit","hermit:Defend_Hermit","hermit:Defend_Hermit","hermit:Defend_Hermit","hermit:Defend_Hermit","hermit:Snapshot","hermit:Covet","hermit:Roughhouse+1","hermit:EyeOfTheStorm","hermit:Virtue+1","hermit:BodyArmor","hermit:GhostlyPresence"],"relics":["hermit:Momento","Golden Egg","Prayer Wheel"],"acts_visited":["Exordium"],"potions_floor_usage":[7],"damage_taken":[{"damage":11,"enemies":"Jaw Worm","floor":1,"turns":2},{"damage":1,"enemies":"2 Louse","floor":2,"turns":3},{"damage":0,"enemies":"Cultist","floor":4,"turns":3},{"damage":7,"enemies":"Blue Slaver","floor":5,"turns":2},{"damage":11,"enemies":"Lagavulin","floor":7,"turns":7},{"damage":46,"enemies":"Gremlin Nob","floor":11,"turns":5}],"seed_played":"-8129252531864486275","potions_obtained":[{"floor":4,"key":"hermit:Tonic"}],"is_trial":false,"path_per_floor":["M","M","?","M","M","R","E","R","T","?","E"],"character_chosen":"HERMIT","items_purchased":[],"campfire_rested":0,"item_purchase_floors":[],"current_hp_per_floor":[64,63,52,52,45,45,34,34,34,34,0,0],"gold":298,"neow_bonus":"ONE_RANDOM_RARE_CARD","is_daily":false,"chose_seed":false,"campfire_upgraded":2,"win_rate":0.0,"timestamp":1614242373,"path_taken":["M","M","?","M","M","R","E","R","T","?","E"],"items_purchased_type":[],"build_version":"2020-12-22","purchased_purges":0,"victory":false,"max_hp_per_floor":[75,75,75,75,75,75,75,75,75,75,75,75],"card_choices":[{"not_picked":["hermit:Manifest","hermit:TakeAim"],"picked":"hermit:EyeOfTheStorm","floor":1},{"not_picked":["hermit:LowProfile","hermit:Headshot"],"picked":"hermit:Virtue","floor":2},{"not_picked":["hermit:TakeAim","hermit:Feint"],"picked":"hermit:BodyArmor","floor":4},{"not_picked":["hermit:Feint","hermit:Deadeye"],"picked":"hermit:GhostlyPresence","floor":5},{"not_picked":["hermit:HighCaliber","hermit:Snipe","hermit:Manifest"],"picked":"SKIP","floor":7}],"player_experience":532571,"relics_obtained":[{"floor":7,"key":"Golden Egg"},{"floor":9,"key":"Prayer Wheel"}],"event_choices":[{"damage_healed":0,"gold_gain":75,"player_choice":"Gather Gold","damage_taken":11,"max_hp_gain":0,"max_hp_loss":0,"event_name":"World of Goop","floor":3,"gold_loss":0},{"damage_healed":0,"gold_gain":50,"player_choice":"Gained Gold","damage_taken":0,"max_hp_gain":0,"max_hp_loss":0,"event_name":"Golden Wing","floor":10,"gold_loss":0}],"is_beta":false,"boss_relics":[],"items_purged_floors":[],"is_endless":false,"potions_floor_spawned":[4],"killed_by":"Gremlin Nob","ascension_level":0}}