{"host":"u9xtr94typ21duox","time":1614230798,"event":{"mods":["Act Like it!","BaseMod","Downfall","Key Reminder","KinomotoSakuraMod(木之本樱)","LagranYue(拉格朗・月)","Luminous","Marisa（F雨　魔理沙）","Minty Spire (QoL Compilation)","Quick Restart","READ ME - Guardian Mod","Reimu（博丽灵梦）","Remilia（蕾米莉亚）","Replay The Spire","SIMod","SOS（斯巴达之子）","Shop Mod","StSLib","Td1madao Mod","The Administrix","The Bladedancer","The Bug Knight","The Construct","The Cursed","The Gatherer","The Runesmith","The Senshi","The Servant 0.9.4","WarShipGirlsR/战舰少女R mod","Warlord Emblem","Youmu（魂魄妖梦）","[GremlinLeader]The Maniac"],"gold_per_floor":[110,110,61,61,61,93,106,137,137,13,27,27,27,45,45,145,145,160,210,228,238,238,238,266,276,326,361,361,104,104,104,104,199,199,211,86,103,152,163,192,192,222,234,246,291,320,332,374,386,398,410,422,85,119,119],"floor_reached":56,"language":"ZHS","playtime":2146,"items_purged":["theSenshi:SailorKick","theSenshi:SailorBlock","theSenshi:SailorKick","theSenshi:SailorKick"],"score":2250,"play_id":"6ac0f836-c0ba-47e2-88bd-966f1a96b43b","local_time":"20210225132638","is_ascension_mode":true,"campfire_choices":[{"data":"theSenshi:SupersonicWaves","floor":12,"key":"SMITH"},{"data":"theSenshi:LateForSchool","floor":15,"key":"SMITH"},{"data":"theSenshi:LateForSchool","floor":23,"key":"SMITH"},{"data":"theSenshi:LateForSchool","floor":30,"key":"SMITH"},{"data":"theSenshi:SailorKick","floor":32,"key":"PURGE"},{"data":"theSenshi:IWillPunishYou","floor":41,"key":"SMITH"},{"floor":47,"key":"RECALL"},{"data":"theSenshi:SchoolBag","floor":49,"key":"SMITH"},{"data":"theSenshi:SailorBlock","floor":52,"key":"SMITH"}],"circlet_count":0,"master_deck":["theSenshi:SailorBlock","theSenshi:SailorBlock+1","theSenshi:SailorBlock","theSenshi:MoonPrismPowerMakeUp","theSenshi:SupersonicWaves+1","theSenshi:LateForSchool+1","theSenshi:LateForSchool+1","theSenshi:IWillPunishYou+1","theSenshi:SchoolBag+1","theSenshi:OdangoHead+1","theSenshi:LateForSchool+1","theSenshi:MoonlightKnight+1"],"relics":["theSenshi:TransformationBroochRelic","LagranYue:RandomDrawCardRelic","NeowsBlessing","Torii","ReplayTheSpireMod:Lightbulb","Sundial","RedLine:ReiMu","White Beast Statue","Potion Belt","ScarletDevilRocket","LagranYue:MagicReflectiveArmorRelic","Black Star","CatCart","Mango","Pear","MealTicket","MawBank","Mercury Hourglass","Dream Catcher","Singing Bowl","Art of War","Simple Rune","Mastiff:ReiMu","Onion Ring","construct:FoamFinger"],"acts_visited":["Exordium","TheCity","TheBeyond","TheEnding"],"potions_floor_usage":[8,18,20,55],"damage_taken":[{"damage":0,"enemies":"Jaw Worm","floor":1,"turns":1},{"damage":0,"enemies":"Lagavulin","floor":6,"turns":1},{"damage":0,"enemies":"Cultist","floor":7,"turns":1},{"damage":13,"enemies":"3 Sentries","floor":8,"turns":6},{"damage":0,"enemies":"Small Slimes","floor":11,"turns":3},{"damage":0,"enemies":"Blue Slaver","floor":14,"turns":3},{"damage":0,"enemies":"The Guardian","floor":16,"turns":4},{"damage":19,"enemies":"2 Thieves","floor":18,"turns":3},{"damage":6,"enemies":"Chosen","floor":20,"turns":3},{"damage":7,"enemies":"Shelled Parasite and Fungi","floor":21,"turns":4},{"damage":19,"enemies":"Book of Stabbing","floor":24,"turns":3},{"damage":0,"enemies":"Centurion and Healer","floor":25,"turns":1},{"damage":0,"enemies":"Gremlin Leader","floor":27,"turns":2},{"damage":0,"enemies":"Pondfish","floor":33,"turns":2},{"damage":0,"enemies":"Orb Walker","floor":35,"turns":1},{"damage":0,"enemies":"3 Darklings","floor":37,"turns":1},{"damage":0,"enemies":"Orin","floor":38,"turns":2},{"damage":0,"enemies":"Transient","floor":39,"turns":1},{"damage":0,"enemies":"Reptomancer","floor":40,"turns":1},{"damage":0,"enemies":"Nemesis","floor":42,"turns":1},{"damage":34,"enemies":"R_Hoarder","floor":45,"turns":10},{"damage":0,"enemies":"Spire Growth","floor":46,"turns":1},{"damage":0,"enemies":"Reptomancer","floor":48,"turns":1},{"damage":0,"enemies":"Donu and Deca","floor":50,"turns":1},{"damage":0,"enemies":"Shield and Spear","floor":54,"turns":1},{"damage":0,"enemies":"The Heart","floor":55,"turns":3}],"seed_played":"-250941150448089636","potions_obtained":[{"floor":1,"key":"Death Potion"},{"floor":7,"key":"SmokeBomb"},{"floor":8,"key":"ZuzhouPotion:ReiMu"},{"floor":14,"key":"Fire Potion"},{"floor":19,"key":"SkillPotion"},{"floor":25,"key":"Slimebound:ThreeZeroPotion"},{"floor":27,"key":"Explosive Potion"},{"floor":33,"key":"Fire Potion"},{"floor":46,"key":"Block Potion"}],"is_trial":false,"path_per_floor":["M","?","$","?","$","E","M","E","T","$","M","R","T","M","R","B",null,"M","?","M","M","?","R","E","M","T","E","?","$","R","$","R","B",null,"M","$","M","?","M","E","R","E","T","?","E","M","R","E","R","B",null,"R","$","E","B",null],"character_chosen":"THE_SENSHI","items_purchased":["theSenshi:SupersonicWaves","theSenshi:LateForSchool","LagranYue:MagicReflectiveArmorRelic","Mastiff:ReiMu","theSenshi:MoonlightKnight+1"],"campfire_rested":0,"item_purchase_floors":[3,10,29,53,53],"current_hp_per_floor":[75,75,75,75,75,75,75,62,62,62,62,62,62,62,62,62,75,56,56,50,43,43,43,24,24,24,24,24,24,24,24,24,24,75,75,75,75,75,75,99,99,99,99,99,70,72,72,74,74,74,105,105,105,107,107],"gold":119,"neow_bonus":"THREE_ENEMY_KILL","is_daily":false,"chose_seed":false,"campfire_upgraded":7,"win_rate":0.0,"timestamp":1614230798,"path_taken":["M","?","?","?","?","E","?","E","T","$","M","R","?","M","R","BOSS","M","?","M","M","?","R","E","M","T","E","?","$","R","$","R","BOSS","M","$","M","?","M","E","R","E","T","?","E","M","R","E","R","BOSS","R","$","E","BOSS"],"items_purchased_type":["Card","Card","Relic","Relic","Card"],"build_version":"2020-12-22","purchased_purges":4,"victory":true,"max_hp_per_floor":[75,75,75,75,75,75,75,75,75,75,75,75,75,75,75,75,75,75,75,75,75,75,75,75,75,75,75,75,75,75,75,75,75,75,75,75,75,75,75,99,99,99,99,99,101,103,103,105,105,105,105,105,105,107,107],"card_choices":[{"not_picked":["theSenshi:YouCanTalk","theSenshi:MoonTwilightFlash","theSenshi:MoonKick"],"picked":"SKIP","floor":1},{"not_picked":["theSenshi:SailorJupiterAssists","theSenshi:EncouragingSpeech","theSenshi:MoonPower"],"picked":"SKIP","floor":6},{"not_picked":["theSenshi:VenusGlamour","theSenshi:JupitersPower","theSenshi:SailorMarsAssists"],"picked":"SKIP","floor":7},{"not_picked":["theSenshi:TallSilhouette","theSenshi:SailorV"],"picked":"theSenshi:LateForSchool","floor":8},{"not_picked":["theSenshi:MoonPower","theSenshi:MoonsReflection","theSenshi:MoonHealingEscalation"],"picked":"SKIP","floor":11},{"not_picked":["theSenshi:MoonsReflection","theSenshi:SailorPlutoAssists","theSenshi:SailorMarsAssists"],"picked":"SKIP","floor":14},{"not_picked":["theSenshi:SailorPlutoAssists","theSenshi:StudyParty"],"picked":"theSenshi:IWillPunishYou","floor":16},{"not_picked":["theSenshi:MoonPrincessHalation+1","theSenshi:RainbowMoonHeartAche+1","theSenshi:SailorNeptuneAssists"],"picked":"SKIP","floor":18},{"not_picked":["theSenshi:SailorMercuryAssists","theSenshi:SailorMarsAssists"],"picked":"theSenshi:SchoolBag","floor":19},{"not_picked":["theSenshi:DramaticEntrance+1","theSenshi:VenusGlamour"],"picked":"theSenshi:OdangoHead+1","floor":20},{"not_picked":["theSenshi:SailorPlanetAttack","theSenshi:MoonKick+1","theSenshi:GatheringStrength+1"],"picked":"SKIP","floor":21},{"not_picked":["theSenshi:SailorSaturnAssists","theSenshi:SupersonicWaves","theSenshi:SailorCosmosAssists"],"picked":"SKIP","floor":24},{"not_picked":["theSenshi:MoonHealingEscalation+1","theSenshi:SailorChibiMoonAssists","theSenshi:TallSilhouette"],"picked":"SKIP","floor":25},{"not_picked":["theSenshi:MoonsReflection","theSenshi:SailorVenusAssists+1","theSenshi:SupersonicWaves"],"picked":"SKIP","floor":27},{"not_picked":["theSenshi:LunasBite","theSenshi:Sidestep+1","theSenshi:MoonTiaraMagic+1"],"picked":"SKIP","floor":35},{"not_picked":["theSenshi:DramaticEntrance+1","theSenshi:InTheNickOfTime+1","theSenshi:SchoolBag"],"picked":"SKIP","floor":37},{"not_picked":["theSenshi:SupersonicWaves+1","theSenshi:TuxedoSmokingBomber","theSenshi:DramaticEntrance"],"picked":"SKIP","floor":39},{"not_picked":["theSenshi:SchoolBag","theSenshi:SailorJupiterAssists+1","theSenshi:NeptunesGrace"],"picked":"SKIP","floor":40},{"not_picked":["theSenshi:SailorUranusAssists","theSenshi:IWillPunishYou","theSenshi:CrisisMakeUp"],"picked":"SKIP","floor":42},{"not_picked":["theSenshi:MoonCosmicPowerMakeUp+1","theSenshi:MoonKick+1","theSenshi:MoonPower+1"],"picked":"Singing Bowl","floor":45},{"not_picked":["theSenshi:MarsPride","theSenshi:NeptunesGrace","theSenshi:MoonsReflection"],"picked":"Singing Bowl","floor":46},{"not_picked":["theSenshi:EncouragingSpeech+1","theSenshi:SailorPlanetAttack+1","theSenshi:SteeledNerves"],"picked":"Singing Bowl","floor":48},{"not_picked":["theSenshi:DramaticEntrance+1","theSenshi:SaturnsMystery+1","theSenshi:SailorMercuryAssists"],"picked":"Singing Bowl","floor":54}],"player_experience":418737,"relics_obtained":[{"floor":6,"key":"Torii"},{"floor":8,"key":"ReplayTheSpireMod:Lightbulb"},{"floor":13,"key":"Sundial"},{"floor":24,"key":"White Beast Statue"},{"floor":26,"key":"Potion Belt"},{"floor":27,"key":"ScarletDevilRocket"},{"floor":38,"key":"CatCart"},{"floor":40,"key":"Mango"},{"floor":40,"key":"Pear"},{"floor":42,"key":"MealTicket"},{"floor":42,"key":"MawBank"},{"floor":43,"key":"Mercury Hourglass"},{"floor":45,"key":"Dream Catcher"},{"floor":45,"key":"Singing Bowl"},{"floor":48,"key":"Art of War"},{"floor":48,"key":"Simple Rune"},{"floor":54,"key":"Onion Ring"},{"floor":54,"key":"construct:FoamFinger"}],"event_choices":[{"damage_healed":0,"gold_gain":0,"player_choice":"Upgraded","damage_taken":0,"max_hp_gain":0,"max_hp_loss":0,"event_name":"Upgrade Shrine","floor":2,"gold_loss":0,"cards_upgraded":["theSenshi:SailorBlock"]},{"damage_healed":0,"gold_gain":0,"player_choice":"Read","damage_taken":0,"max_hp_gain":0,"max_hp_loss":0,"event_name":"The Library","floor":22,"gold_loss":0,"cards_obtained":["theSenshi:LateForSchool"]},{"damage_healed":0,"gold_gain":0,"player_choice":"Fight","damage_taken":0,"max_hp_gain":0,"max_hp_loss":0,"event_name":"OrinTheCat","floor":38,"gold_loss":0}],"is_beta":false,"boss_relics":[{"not_picked":["Philosopher\u0027s Stone","bronze:MakeshiftBattery"],"picked":"RedLine:ReiMu"},{"not_picked":["Kintsugi","SlaversCollar"],"picked":"Black Star"}],"items_purged_floors":[10,29,36,53],"is_endless":false,"potions_floor_spawned":[1,7,8,14,25,27,33,35,37,38,39,40,42,45,46,48,54],"ascension_level":3}}