{"host":"pke0xxyzw0teju56","time":1614278369,"event":{"mods":["BaseMod","Bestiary","Colored Powertips","Highlight Path","Minty Spire (QoL Compilation)","StSLib"],"gold_per_floor":[113,113,113,126,146,146,177,177,177,177,202,215,215,215,215,309,309,323,339,357,372,386,386,426,442,466,466,38,38,38,58,58,151,151,174,174,174,74,87,127,127,165,165,165,188,208,208,231,231,231,231],"floor_reached":50,"language":"ENG","playtime":1807,"items_purged":["Strike_R","Strike_R"],"score":1064,"play_id":"6821cb0f-020d-41fd-ac38-eb01245c8f2c","local_time":"20210225133929","is_ascension_mode":true,"campfire_choices":[{"data":"Cleave","floor":6,"key":"SMITH"},{"data":"Spot Weakness","floor":8,"key":"SMITH"},{"floor":10,"key":"REST"},{"data":"Hemokinesis","floor":13,"key":"SMITH"},{"data":"Metallicize","floor":15,"key":"SMITH"},{"floor":23,"key":"REST"},{"floor":27,"key":"RECALL"},{"floor":29,"key":"REST"},{"floor":32,"key":"REST"},{"floor":41,"key":"REST"},{"floor":44,"key":"REST"},{"floor":47,"key":"REST"},{"floor":49,"key":"REST"}],"circlet_count":0,"master_deck":["AscendersBane","Strike_R","Strike_R+1","Defend_R","Defend_R","Defend_R","Defend_R","Bash","Spot Weakness+1","Cleave+1","Metallicize+1","Hemokinesis+1","Ghostly Armor","Immolate","Ghostly Armor","Sword Boomerang","Reaper+1","Disarm","Apotheosis","Shrug It Off+1","Barricade","True Grit","Shockwave","Entrench"],"relics":["Burning Blood","Champion Belt","StrikeDummy","Anchor","Pear","Golden Idol","Fusion Hammer","InkBottle","Whetstone","Pen Nib","Enchiridion","Runic Pyramid","Centennial Puzzle","MealTicket"],"acts_visited":["Exordium","TheCity","TheBeyond"],"potions_floor_usage":[7,11,16,21,24,33,33,40,50,50],"damage_taken":[{"damage":1,"enemies":"Cultist","floor":1,"turns":3},{"damage":4,"enemies":"Small Slimes","floor":4,"turns":3},{"damage":9,"enemies":"Jaw Worm","floor":5,"turns":5},{"damage":34,"enemies":"Gremlin Nob","floor":7,"turns":4},{"damage":2,"enemies":"3 Sentries","floor":11,"turns":4},{"damage":2,"enemies":"3 Louse","floor":12,"turns":3},{"damage":22,"enemies":"Hexaghost","floor":16,"turns":8},{"damage":22,"enemies":"Spheric Guardian","floor":18,"turns":5},{"damage":18,"enemies":"2 Thieves","floor":19,"turns":3},{"damage":15,"enemies":"Shelled Parasite and Fungi","floor":20,"turns":4},{"damage":17,"enemies":"Snecko","floor":21,"turns":5},{"damage":5,"enemies":"3 Cultists","floor":22,"turns":4},{"damage":40,"enemies":"Gremlin Leader","floor":24,"turns":7},{"damage":21,"enemies":"Cultist and Chosen","floor":25,"turns":7},{"damage":5,"enemies":"Centurion and Healer","floor":31,"turns":4},{"damage":110,"enemies":"Automaton","floor":33,"turns":14},{"damage":2,"enemies":"Orb Walker","floor":35,"turns":3},{"damage":13,"enemies":"3 Darklings","floor":39,"turns":6},{"damage":126,"enemies":"Giant Head","floor":40,"turns":10},{"damage":70,"enemies":"Reptomancer","floor":42,"turns":9},{"damage":51,"enemies":"Transient","floor":45,"turns":6},{"damage":1,"enemies":"4 Shapes","floor":46,"turns":5},{"damage":2,"enemies":"Maw","floor":48,"turns":8},{"damage":121,"enemies":"Donu and Deca","floor":50,"turns":9}],"seed_played":"1793834729495841848","potions_obtained":[{"floor":4,"key":"Explosive Potion"},{"floor":5,"key":"FearPotion"},{"floor":11,"key":"ColorlessPotion"},{"floor":18,"key":"Fire Potion"},{"floor":19,"key":"GamblersBrew"},{"floor":22,"key":"Regen Potion"},{"floor":24,"key":"BloodPotion"},{"floor":35,"key":"Strength Potion"},{"floor":40,"key":"BloodPotion"},{"floor":45,"key":"SpeedPotion"}],"is_trial":false,"path_per_floor":["M","?","?","M","M","R","E","R","T","R","E","M","R","?","R","B",null,"M","M","M","M","M","R","E","M","T","R","$","R","?","M","R","B",null,"M","?","?","$","M","E","R","E","T","R","M","M","R","M","R","B"],"character_chosen":"IRONCLAD","items_purchased":["Apotheosis","Pen Nib"],"campfire_rested":8,"item_purchase_floors":[28,28],"current_hp_per_floor":[55,55,60,62,59,59,31,31,31,55,69,73,73,42,42,26,74,58,46,37,26,39,66,71,60,60,60,60,87,66,90,90,17,72,76,76,76,76,90,32,59,55,55,82,50,90,90,90,90,0,0],"gold":231,"neow_bonus":"ONE_RARE_RELIC","is_daily":false,"chose_seed":false,"campfire_upgraded":4,"win_rate":0.0,"timestamp":1614278369,"path_taken":["M","?","?","M","M","R","E","R","T","R","E","M","R","?","R","BOSS","M","M","M","M","M","R","E","M","T","R","$","R","?","M","R","BOSS","M","?","?","$","M","E","R","E","T","R","M","M","R","M","R","BOSS"],"items_purchased_type":["Card","Relic"],"build_version":"2020-12-22","purchased_purges":2,"victory":false,"max_hp_per_floor":[75,75,80,80,80,80,80,80,80,80,90,90,90,90,90,90,90,90,90,90,90,90,90,90,90,90,90,90,90,90,90,90,90,90,90,90,90,90,90,90,90,90,90,90,90,90,90,90,90,90,90],"card_choices":[{"not_picked":["Cleave","Sever Soul"],"picked":"Spot Weakness","floor":1},{"not_picked":["Anger","Havoc"],"picked":"Cleave","floor":5},{"not_picked":["Clothesline","Warcry"],"picked":"Metallicize","floor":7},{"not_picked":["Pommel Strike","Feel No Pain"],"picked":"Hemokinesis","floor":11},{"not_picked":["Bloodletting","Iron Wave"],"picked":"Ghostly Armor","floor":12},{"not_picked":["Fiend Fire","Juggernaut"],"picked":"Immolate","floor":16},{"not_picked":["Flex","Clash"],"picked":"Ghostly Armor","floor":19},{"not_picked":["Body Slam","Thunderclap"],"picked":"Sword Boomerang","floor":20},{"not_picked":["Thunderclap","Cleave+1"],"picked":"Reaper","floor":21},{"not_picked":["Inflame","Dual Wield"],"picked":"Disarm","floor":22},{"not_picked":["Whirlwind","Cleave","Clash"],"picked":"SKIP","floor":24},{"not_picked":["Headbutt","Whirlwind+1"],"picked":"Shrug It Off+1","floor":31},{"not_picked":["Offering","Feed"],"picked":"Barricade","floor":33},{"not_picked":["Rupture","Sword Boomerang","Intimidate"],"picked":"SKIP","floor":35},{"not_picked":["Power Through","Clothesline","Inflame"],"picked":"SKIP","floor":39},{"not_picked":["Havoc+1","Clash"],"picked":"True Grit","floor":40},{"not_picked":["Clash","Whirlwind+1"],"picked":"Shockwave","floor":42},{"not_picked":["Bludgeon","Blood for Blood","Clash"],"picked":"SKIP","floor":45},{"not_picked":["Burning Pact","Uppercut","Metallicize"],"picked":"SKIP","floor":46},{"not_picked":["Heavy Blade","Cleave"],"picked":"Entrench","floor":48}],"player_experience":5388031,"relics_obtained":[{"floor":7,"key":"StrikeDummy"},{"floor":9,"key":"Anchor"},{"floor":11,"key":"Pear"},{"floor":24,"key":"InkBottle"},{"floor":26,"key":"Whetstone"},{"floor":30,"key":"Enchiridion"},{"floor":40,"key":"Centennial Puzzle"},{"floor":42,"key":"MealTicket"}],"event_choices":[{"damage_healed":0,"gold_gain":0,"player_choice":"Ignored","damage_taken":0,"max_hp_gain":0,"max_hp_loss":0,"event_name":"Liars Game","floor":2,"gold_loss":0},{"damage_healed":0,"gold_gain":0,"player_choice":"Donut","damage_taken":0,"max_hp_gain":5,"max_hp_loss":0,"event_name":"Big Fish","floor":3,"gold_loss":0},{"damage_healed":0,"gold_gain":0,"player_choice":"Take Damage","damage_taken":31,"relics_obtained":["Golden Idol"],"max_hp_gain":0,"max_hp_loss":0,"event_name":"Golden Idol","floor":14,"gold_loss":0},{"damage_healed":0,"gold_gain":0,"player_choice":"Obtained Book","damage_taken":21,"max_hp_gain":0,"max_hp_loss":0,"event_name":"Cursed Tome","floor":30,"gold_loss":0},{"cards_removed":["Strike_R"],"damage_healed":0,"gold_gain":0,"player_choice":"Removed Attack","damage_taken":0,"max_hp_gain":0,"max_hp_loss":0,"event_name":"Falling","floor":36,"gold_loss":0},{"damage_healed":0,"gold_gain":0,"player_choice":"Ignored","damage_taken":0,"max_hp_gain":0,"max_hp_loss":0,"event_name":"Tomb of Lord Red Mask","floor":37,"gold_loss":0}],"is_beta":false,"boss_relics":[{"not_picked":["Cursed Key","Mark of Pain"],"picked":"Fusion Hammer"},{"not_picked":["SacredBark","Black Star"],"picked":"Runic Pyramid"}],"items_purged_floors":[28,38],"is_endless":false,"potions_floor_spawned":[4,5,11,18,19,22,24,35,40,45,48],"killed_by":"Donu and Deca","ascension_level":20}}