{"host":"2vsfvi9pm0ilma55","time":1614229460,"event":{"mods":["BaseMod","Bestiary","Highlight Path","Minty Spire (QoL Compilation)","Relic Stats","StSLib","The Marked","The Warlock"],"gold_per_floor":[116,132,145,164,164,164,179,212,212,244,244,254,274,304,304,382,382,354,34,34,53,101,131,131,160,160,189,222,222,237,252,252,326,376,392,614,614,614,4,36,36,36,36,56,70,96,112,140,140,140,140],"floor_reached":50,"language":"ENG","playtime":3448,"items_purged":["Ritualist:StrikeMagenta","Ritualist:StrikeMagenta"],"score":1320,"play_id":"ba4d5bc5-ab85-42e9-89a7-313442e3d4c8","local_time":"20210224210420","is_ascension_mode":true,"campfire_choices":[{"data":"Ritualist:InitiationRite","floor":6.0,"key":"SMITH"},{"floor":11.0,"key":"REST"},{"data":"Ritualist:SoulOpening","floor":15.0,"key":"SMITH"},{"floor":24.0,"key":"REST"},{"floor":29,"key":"REST"},{"data":"1","floor":32,"key":"LIFT"},{"floor":42,"key":"REST"},{"floor":49,"key":"REST"}],"circlet_count":0,"master_deck":["AscendersBane","Ritualist:StrikeMagenta","Ritualist:StrikeMagenta","Ritualist:DefendMagenta","Ritualist:DefendMagenta","Ritualist:DefendMagenta","Ritualist:DefendMagenta+1","Ritualist:InitiationRite+1","Ritualist:SummonAgiel","Ritualist:DemonArm","Ritualist:RudeInterruption","Ritualist:EarlyReturn","Ritualist:ImpFeast","Ritualist:IndKnifing","Ritualist:ShallowCut","Ritualist:SoulOpening+1","Ritualist:RudeInterruption","Ritualist:Precognition","Ritualist:Repatriate","Ritualist:SoulParasite","Ritualist:DrainStrength","Ritualist:CostlyPreparation","Ritualist:WinningGambit","Ritualist:CleanseByBlood","Ritualist:BranchingPaths","Ritualist:DeadlyBlows","Ritualist:BarrierOfBone","Ritualist:BloodBoil","Ritualist:Retreat","PanicButton","Ritualist:PrepareHost","Ritualist:DarkRitual+1","Parasite","Ritualist:ShallowCut"],"relics":["Ritualist:StarterRelic","CaptainsWheel","White Beast Statue","Orichalcum","InkBottle","Busted Crown","Medical Kit","Happy Flower","Gambling Chip","Mango","Shuriken","Red Mask","Girya","Tiny House","Pantograph","HandDrill","Nunchaku","Sundial","Bag of Marbles","Regal Pillow"],"acts_visited":["Exordium","TheCity","TheBeyond"],"potions_floor_usage":[28,30,31,33,46,47,48,48,50],"damage_taken":[{"damage":0.0,"enemies":"2 Louse","floor":1.0,"turns":2.0},{"damage":12.0,"enemies":"Small Slimes","floor":2.0,"turns":3.0},{"damage":1.0,"enemies":"Jaw Worm","floor":3.0,"turns":3.0},{"damage":5.0,"enemies":"Blue Slaver","floor":4.0,"turns":3.0},{"damage":10.0,"enemies":"Exordium Wildlife","floor":7.0,"turns":4.0},{"damage":20.0,"enemies":"Lagavulin","floor":8.0,"turns":6.0},{"damage":11.0,"enemies":"Gremlin Nob","floor":10.0,"turns":4.0},{"damage":2.0,"enemies":"Exordium Thugs","floor":12.0,"turns":3.0},{"damage":0.0,"enemies":"2 Fungi Beasts","floor":13.0,"turns":3.0},{"damage":1.0,"enemies":"Lagavulin","floor":14.0,"turns":4.0},{"damage":21.0,"enemies":"The Guardian","floor":16.0,"turns":6.0},{"damage":12.0,"enemies":"2 Thieves","floor":18.0,"turns":4.0},{"damage":7.0,"enemies":"Chosen","floor":21.0,"turns":3.0},{"damage":29.0,"enemies":"Slavers","floor":23.0,"turns":6.0},{"damage":0.0,"enemies":"Book of Stabbing","floor":25.0,"turns":4.0},{"damage":0.0,"enemies":"Masked Bandits","floor":27.0,"turns":2.0},{"damage":42,"enemies":"Gremlin Leader","floor":28,"turns":4},{"damage":0,"enemies":"Snake Plant","floor":30,"turns":3},{"damage":2,"enemies":"Chosen and Byrds","floor":31,"turns":5},{"damage":47,"enemies":"Automaton","floor":33,"turns":8},{"damage":8,"enemies":"3 Shapes","floor":35,"turns":5},{"damage":28,"enemies":"Reptomancer","floor":40,"turns":6},{"damage":0,"enemies":"3 Darklings","floor":44,"turns":4},{"damage":2,"enemies":"Jaw Worm Horde","floor":45,"turns":4},{"damage":11,"enemies":"Giant Head","floor":46,"turns":6},{"damage":11,"enemies":"Writhing Mass","floor":47,"turns":4},{"damage":42,"enemies":"Reptomancer","floor":48,"turns":7},{"damage":87,"enemies":"Time Eater","floor":50,"turns":9}],"seed_played":"8409128252716061667","potions_obtained":[{"floor":1.0,"key":"LiquidBronze"},{"floor":2.0,"key":"SteroidPotion"},{"floor":8.0,"key":"Swift Potion"},{"floor":10.0,"key":"SneckoOil"},{"floor":12.0,"key":"ColorlessPotion"},{"floor":13.0,"key":"ColorlessPotion"},{"floor":14.0,"key":"PowerPotion"},{"floor":16.0,"key":"Weak Potion"},{"floor":18.0,"key":"ColorlessPotion"},{"floor":21.0,"key":"BlessingOfTheForge"},{"floor":23.0,"key":"AttackPotion"},{"floor":25.0,"key":"Fire Potion"},{"floor":27.0,"key":"SmokeBomb"},{"floor":28,"key":"LiquidBronze"},{"floor":30,"key":"SneckoOil"},{"floor":31,"key":"Fruit Juice"},{"floor":33,"key":"Block Potion"},{"floor":34,"key":"FearPotion"},{"floor":40,"key":"CultistPotion"},{"floor":44,"key":"LiquidMemories"},{"floor":46,"key":"Explosive Potion"},{"floor":47,"key":"Block Potion"},{"floor":48,"key":"PowerPotion"}],"is_trial":false,"path_per_floor":["M","M","M","M","?","R","M","E","T","E","R","M","M","E","R","B",null,"M","$","?","M","T","E","R","E","T","?","E","R","M","M","R","B",null,"M","?","?","?","$","E","$","R","T","M","M","E","M","E","R","B"],"character_chosen":"RITUALIST","items_purchased":["Ritualist:DrainStrength","Medical Kit","Pantograph","HandDrill","Ritualist:PrepareHost"],"campfire_rested":5,"item_purchase_floors":[19,19,39,39,39],"current_hp_per_floor":[74,62,61,56,61,61,51,31,31,20,45,43,43,42,42,21,70,58,58,58,51,51,22,47,61,61,61,19,49,49,52,52,5,85,77,77,77,77,77,49,49,80,80,80,78,67,56,14,60,0,0],"gold":140,"neow_bonus":"TEN_PERCENT_HP_BONUS","is_daily":false,"chose_seed":false,"campfire_upgraded":2,"win_rate":0.0,"timestamp":1614229460,"path_taken":["M","M","M","M","?","R","M","E","T","E","R","M","M","E","R","BOSS","M","$","?","M","?","E","R","E","T","?","E","R","M","?","R","BOSS","M","?","?","?","$","E","?","R","T","M","M","E","?","E","R","BOSS"],"items_purchased_type":["Card","Relic","Relic","Relic","Card"],"build_version":"2020-12-22","purchased_purges":2,"victory":false,"max_hp_per_floor":[81,81,81,81,86,86,86,86,86,86,86,86,86,86,86,86,86,86,86,86,86,86,86,86,100,100,100,100,100,100,105,105,105,110,110,110,110,104,104,104,104,104,104,104,104,104,104,104,104,104,104],"relic_stats":{"Regal Pillow":15,"Happy Flower":[25],"counters":[28,125],"Orichalcum":[168],"Medical Kit":[6],"Nunchaku":[7],"Busted Crown":36,"Shuriken":[21],"Sundial":[4],"Gambling Chip":[54],"Pantograph":25,"HandDrill":[40],"obtain_stats":[{"Girya":28,"Regal Pillow":48,"Tiny House":34,"Happy Flower":22,"Mango":25,"Orichalcum":10,"Medical Kit":19,"White Beast Statue":9,"CaptainsWheel":8,"Nunchaku":40,"Busted Crown":17,"Shuriken":26,"Sundial":43,"Gambling Chip":23,"Pantograph":39,"Red Mask":27,"HandDrill":39,"Bag of Marbles":46,"Ritualist:StarterRelic":0,"InkBottle":14},{"Girya":17,"Regal Pillow":27,"Tiny House":20,"Happy Flower":13,"Mango":15,"Orichalcum":7,"Medical Kit":12,"White Beast Statue":6,"CaptainsWheel":6,"Nunchaku":22,"Busted Crown":11,"Shuriken":15,"Sundial":22,"Gambling Chip":14,"Pantograph":21,"Red Mask":16,"HandDrill":21,"Bag of Marbles":25,"Ritualist:StarterRelic":0,"InkBottle":10},{"Girya":64,"Regal Pillow":116,"Tiny House":80,"Happy Flower":48,"Mango":58,"Orichalcum":25,"Medical Kit":45,"White Beast Statue":21,"CaptainsWheel":21,"Nunchaku":91,"Busted Crown":41,"Shuriken":58,"Sundial":91,"Gambling Chip":54,"Pantograph":85,"Red Mask":60,"HandDrill":85,"Bag of Marbles":105,"Ritualist:StarterRelic":0,"InkBottle":35}],"InkBottle":[38]},"card_choices":[{"not_picked":["Ritualist:CleanseByBlood","Ritualist:EvilIntentions"],"picked":"Ritualist:DemonArm","floor":1.0},{"not_picked":["Ritualist:HeavyInfection","Ritualist:LongCon"],"picked":"Ritualist:RudeInterruption","floor":2.0},{"not_picked":["Ritualist:StrategicCut","Ritualist:HeavyInfection"],"picked":"Ritualist:EarlyReturn","floor":3.0},{"not_picked":["Ritualist:DrainStrength","Ritualist:Momentum"],"picked":"Ritualist:ImpFeast","floor":4.0},{"not_picked":["Ritualist:Precognition","Ritualist:StrategicCut"],"picked":"Ritualist:IndKnifing","floor":7.0},{"not_picked":["Ritualist:SummonMaat","Ritualist:IndKnifing"],"picked":"Ritualist:ShallowCut","floor":8.0},{"not_picked":["Ritualist:Tenderize","Ritualist:Precognition"],"picked":"Ritualist:SoulOpening","floor":10.0},{"not_picked":["Ritualist:Impale","Ritualist:Hex"],"picked":"Ritualist:RudeInterruption","floor":12.0},{"not_picked":["Ritualist:CleanseByBlood","Ritualist:DeadlyBlows"],"picked":"Ritualist:Precognition","floor":13.0},{"not_picked":["Ritualist:Galvanize","Ritualist:PullFromBeyond"],"picked":"Ritualist:Repatriate","floor":14.0},{"not_picked":["Ritualist:ThroughTheBreach","Ritualist:Repatriate"],"picked":"Ritualist:SoulParasite","floor":16.0},{"not_picked":["Ritualist:Tenderize"],"picked":"SKIP","floor":18.0},{"not_picked":[],"picked":"Ritualist:CostlyPreparation","floor":21.0},{"not_picked":[],"picked":"Ritualist:WinningGambit","floor":23.0},{"not_picked":[],"picked":"Ritualist:CleanseByBlood","floor":25.0},{"not_picked":[],"picked":"Ritualist:BranchingPaths","floor":27.0},{"not_picked":[],"picked":"Ritualist:DeadlyBlows","floor":28},{"not_picked":[],"picked":"Ritualist:BarrierOfBone","floor":30},{"not_picked":["Ritualist:TwinWave"],"picked":"SKIP","floor":31},{"not_picked":[],"picked":"Ritualist:BloodBoil","floor":34},{"not_picked":[],"picked":"Ritualist:Retreat","floor":35},{"not_picked":[],"picked":"PanicButton","floor":37},{"not_picked":["Ritualist:BloodyVigor"],"picked":"SKIP","floor":40},{"not_picked":["Ritualist:Tenderize+1"],"picked":"SKIP","floor":44},{"not_picked":["Ritualist:PrepareHost"],"picked":"SKIP","floor":45},{"not_picked":[],"picked":"Ritualist:DarkRitual+1","floor":46},{"not_picked":["Ritualist:CleanseByBlood"],"picked":"SKIP","floor":47},{"not_picked":[],"picked":"Ritualist:ShallowCut","floor":48}],"player_experience":629747,"relics_obtained":[{"floor":8.0,"key":"CaptainsWheel"},{"floor":9.0,"key":"White Beast Statue"},{"floor":10.0,"key":"Orichalcum"},{"floor":14.0,"key":"InkBottle"},{"floor":22.0,"key":"Happy Flower"},{"floor":23.0,"key":"Gambling Chip"},{"floor":25.0,"key":"Mango"},{"floor":26.0,"key":"Shuriken"},{"floor":27.0,"key":"Red Mask"},{"floor":28,"key":"Girya"},{"floor":40,"key":"Nunchaku"},{"floor":43,"key":"Sundial"},{"floor":46,"key":"Bag of Marbles"},{"floor":48,"key":"Regal Pillow"}],"event_choices":[{"damage_healed":0.0,"max_hp_gain":5.0,"max_hp_loss":0.0,"gold_gain":0.0,"event_name":"Big Fish","player_choice":"Donut","floor":5.0,"gold_loss":0.0,"damage_taken":0.0},{"damage_healed":0.0,"max_hp_gain":0.0,"max_hp_loss":0.0,"gold_gain":0.0,"event_name":"The Mausoleum","player_choice":"Ignored","floor":20.0,"gold_loss":0.0,"damage_taken":0.0},{"damage_healed":0.0,"max_hp_gain":0.0,"max_hp_loss":0.0,"gold_gain":0.0,"event_name":"Masked Bandits","player_choice":"Fought Bandits","floor":27.0,"gold_loss":0.0,"damage_taken":0.0},{"damage_healed":0,"gold_gain":222,"player_choice":"Wore Mask","damage_taken":0,"max_hp_gain":0,"max_hp_loss":0,"event_name":"Tomb of Lord Red Mask","floor":36,"gold_loss":0},{"damage_healed":0,"gold_gain":0,"player_choice":"Memory 1","damage_taken":0,"max_hp_gain":0,"max_hp_loss":0,"event_name":"SensoryStone","floor":37,"gold_loss":0},{"damage_healed":0,"gold_gain":0,"player_choice":"Max HP","damage_taken":0,"max_hp_gain":0,"max_hp_loss":6,"event_name":"Winding Halls","floor":38,"gold_loss":0}],"is_beta":false,"boss_relics":[{"not_picked":["Velvet Choker","Philosopher\u0027s Stone"],"picked":"Busted Crown"},{"not_picked":["Snecko Eye","Coffee Dripper"],"picked":"Tiny House"}],"items_purged_floors":[19,39],"is_endless":false,"potions_floor_spawned":[1,2,8,10,12,13,14,16,18,21,23,25,27,28,30,31,33,35,40,44,45,46,47,48],"killed_by":"Time Eater","ascension_level":20}}