{"host":"feffzurv61v3a0s2","time":1614252722,"event":{"mods":["2.2 Compatiblity","BaseMod","Bestiary","Colored Map","Colored Powertips","Dark Map","Downfall","Hermit","Highlight Path","Minty Spire (QoL Compilation)","Quick Restart","Random Character Button","Random Character Mod","Rare Cards Sparkle","Relic Stats","StSLib","Synergy Search","The Cursed","The Disciple","The Hierophant","The Runesmith"],"gold_per_floor":[99,99,99,99,99,133,202,102,116,147,147,147,147,147],"floor_reached":12,"language":"ENG","playtime":713,"items_purged":[],"score":82,"play_id":"5a4983c4-4501-40fd-a11c-23507dd264a2","local_time":"20210225033202","is_ascension_mode":false,"campfire_choices":[{"data":"bronze:Goto","floor":1.0,"key":"SMITH"},{"floor":8,"key":"RECALL"}],"circlet_count":0,"master_deck":["bronze:Strike","bronze:Strike","bronze:Strike","bronze:Defend","bronze:Defend","bronze:Replicate","bronze:Goto+1","bronze:Flail","bronze:ForLoop","bronze:BronzeOrb","bronze:GetLatest","Doubt"],"relics":["bronze:BronzeCore","downfall:HeartsMalice","bronze:BottledCode","Letter Opener","downfall:HeartBlessingBlue"],"acts_visited":["Exordium"],"potions_floor_usage":[10,12],"damage_taken":[{"damage":0.0,"enemies":"Cultist","floor":2.0,"turns":1.0},{"damage":0.0,"enemies":"Small Slimes","floor":3.0,"turns":1.0},{"damage":0,"enemies":"Jaw Worm","floor":5,"turns":1},{"damage":17,"enemies":"3 Sentries","floor":6,"turns":3},{"damage":0,"enemies":"Lots of Slimes","floor":9,"turns":2},{"damage":36,"enemies":"Lagavulin","floor":10,"turns":7},{"damage":30,"enemies":"Gremlin Nob","floor":12,"turns":3}],"seed_played":"5155368053870617433","potions_obtained":[{"floor":6,"key":"Swift Potion"},{"floor":9,"key":"Ancient Potion"}],"is_trial":false,"path_per_floor":["R","M","M","?","M","E","T","R","M","E","?","E"],"character_chosen":"THE_AUTOMATON","items_purchased":[],"campfire_rested":0,"item_purchase_floors":[],"current_hp_per_floor":[70,70,70,60,60,43,43,53,53,17,17,0,0,0],"gold":147,"neow_bonus":"THREE_ENEMY_KILL","is_daily":false,"chose_seed":false,"campfire_upgraded":1,"win_rate":0.0,"timestamp":1614252722,"path_taken":["R","M","?","?","M","E","T","R","M","E","?","E"],"items_purchased_type":[],"build_version":"2020-12-22","purchased_purges":0,"victory":false,"max_hp_per_floor":[70,70,70,60,60,60,60,70,70,70,70,70,70,70],"relic_stats":{"counters":[7,15],"Letter Opener":[25],"obtain_stats":[{"bronze:BottledCode":4,"bronze:BronzeCore":0,"downfall:HeartBlessingBlue":8,"downfall:HeartsMalice":0,"Letter Opener":6},{"bronze:BottledCode":2,"bronze:BronzeCore":0,"downfall:HeartBlessingBlue":4,"downfall:HeartsMalice":0,"Letter Opener":4},{"bronze:BottledCode":0,"bronze:BronzeCore":0,"downfall:HeartBlessingBlue":3,"downfall:HeartsMalice":0,"Letter Opener":3}]},"card_choices":[{"not_picked":["bronze:ItsAFeature","bronze:Deprecate"],"picked":"bronze:Flail","floor":2.0},{"not_picked":["bronze:Overheat","bronze:BuggyMess"],"picked":"bronze:ForLoop","floor":3.0},{"not_picked":["bronze:Turbo","bronze:Invalidate","bronze:Shield"],"picked":"SKIP","floor":5},{"not_picked":["bronze:Philosophize","bronze:Repulsor","bronze:Shield"],"picked":"SKIP","floor":6},{"not_picked":["bronze:DelayedGuard","bronze:HardenedForm"],"picked":"bronze:BronzeOrb","floor":9},{"not_picked":["bronze:Boost","bronze:Invalidate"],"picked":"bronze:GetLatest","floor":10}],"player_experience":150211,"relics_obtained":[{"floor":6,"key":"Letter Opener"}],"event_choices":[],"is_beta":false,"boss_relics":[],"items_purged_floors":[],"is_endless":false,"potions_floor_spawned":[6,9],"killed_by":"Gremlin Nob","ascension_level":0}}