{"host":"uzp1tn8qxn9571p9","time":1614252012,"event":{"mods":["Aspiration","BaseMod","Better Third Choice","Better Vampires","Bossed Relics","Colored Map","Colored Powertips","Curses Come First","Hermit","Marisa£®ÏF”Í°°ƒß¿Ì…≥£©","Minty Spire (QoL Compilation)","StSLib","The Jungle","The Marked","The Runesmith"],"gold_per_floor":[112,287,297,222,222,222,241,252,252,252,268,298,310,342,342,447,447,459,472,165,165,15,41,41,72,72,88,115,115,131,162,162,262,262,278,12,32,32,32,32,32,66,145,4,4,24,53,63,63,63,63,63,13,41,41],"floor_reached":56,"language":"ZHS","playtime":2854,"items_purged":["Doubt","hermit:Defend_Hermit","Writhe","hermit:Snapshot"],"score":1446,"play_id":"d8e67e6f-dcea-4d23-a344-ab1520cb638b","local_time":"20210225192012","is_ascension_mode":true,"campfire_choices":[{"data":"hermit:Showdown","floor":6,"key":"SMITH"},{"data":"hermit:Quickdraw","floor":10,"key":"SMITH"},{"data":"hermit:Gestalt","floor":15,"key":"SMITH"},{"data":"hermit:Showdown","floor":24,"key":"SMITH"},{"floor":32,"key":"REST"},{"floor":40,"key":"REST"},{"floor":45,"key":"REST"},{"floor":49,"key":"RECALL"},{"data":"1","floor":52,"key":"LIFT"}],"circlet_count":0,"master_deck":["hermit:Strike_Hermit","hermit:Strike_Hermit","hermit:Strike_Hermit","hermit:Strike_Hermit","hermit:Defend_Hermit","hermit:Covet","hermit:Showdown+1","hermit:Gestalt+1","hermit:Quickdraw+1","hermit:LuckOfTheDraw","hermit:Glare","CurseOfTheBell","hermit:HighCaliber+1","hermit:FullyLoaded","hermit:Showdown+1","hermit:Gestalt+1","hermit:HeroicBravado","hermit:Maintenance+1","Flash of Steel","hermit:LuckOfTheDraw"],"relics":["Philosopher\u0027s Stone","Shuriken","Lizard Tail","Smiling Mask","Calling Bell","Bag of Marbles","hermit:Spyglass","Girya","Lantern","Blood Vial","Calipers","aspiration:Nostalgia","theMarked:ArtifactOfAir","Sundial","Oddly Smooth Stone","Tiny House","Membership Card","Bottled Lightning","Pocketwatch","aspiration:FetidBarrel","Eternal Feather","aspiration:SeaSaltIceCream","StrikeDummy"],"acts_visited":["Exordium","TheCity","TheBeyond","TheEnding"],"potions_floor_usage":[19,23,31,31,37,47,47],"damage_taken":[{"damage":2,"enemies":"2 Louse","floor":1,"turns":3},{"damage":0,"enemies":"Small Slimes","floor":3,"turns":3},{"damage":0,"enemies":"Cultist","floor":7,"turns":2},{"damage":3,"enemies":"Looter","floor":8,"turns":3},{"damage":0,"enemies":"Exordium Wildlife","floor":11,"turns":2},{"damage":14,"enemies":"3 Sentries","floor":12,"turns":4},{"damage":4,"enemies":"Gremlin Gang","floor":13,"turns":4},{"damage":0,"enemies":"Lagavulin","floor":14,"turns":3},{"damage":19,"enemies":"Hexaghost","floor":16,"turns":4},{"damage":4,"enemies":"Shell Parasite","floor":18,"turns":2},{"damage":29,"enemies":"3 Byrds","floor":19,"turns":3},{"damage":3,"enemies":"Gremlin Leader","floor":23,"turns":4},{"damage":43,"enemies":"Slavers","floor":25,"turns":3},{"damage":18,"enemies":"Snake Plant","floor":27,"turns":2},{"damage":20,"enemies":"Gremlin Leader","floor":28,"turns":4},{"damage":9,"enemies":"3 Cultists","floor":30,"turns":3},{"damage":2,"enemies":"Slavers","floor":31,"turns":3},{"damage":21,"enemies":"Collector","floor":33,"turns":4},{"damage":49,"enemies":"3 Shapes","floor":35,"turns":4},{"damage":29,"enemies":"3 Darklings","floor":37,"turns":4},{"damage":34,"enemies":"Nemesis","floor":42,"turns":5},{"damage":2,"enemies":"Transient","floor":46,"turns":5},{"damage":4,"enemies":"Reptomancer","floor":47,"turns":3},{"damage":1,"enemies":"Maw","floor":48,"turns":5},{"damage":21,"enemies":"Awakened One","floor":50,"turns":7},{"damage":35,"enemies":"Shield and Spear","floor":54,"turns":4},{"damage":22,"enemies":"The Heart","floor":55,"turns":9}],"seed_played":"-8712533892519017333","potions_obtained":[{"floor":1,"key":"Strength Potion"},{"floor":8,"key":"FairyPotion"},{"floor":12,"key":"Dexterity Potion"},{"floor":18,"key":"Ancient Potion"},{"floor":19,"key":"DuplicationPotion"},{"floor":28,"key":"LiquidMemories"},{"floor":30,"key":"SneckoOil"},{"floor":35,"key":"hermit:Tonic"},{"floor":46,"key":"DistilledChaos"}],"is_trial":false,"path_per_floor":["M","?","M","$","?","R","M","M","T","R","M","E","M","E","R","B",null,"M","M","$","?","$","E","R","E","T","M","E","?","M","E","R","B",null,"M","$","M","?","?","R","?","E","T","$","R","M","E","M","R","B",null,"R","$","E","B",null],"character_chosen":"HERMIT","items_purchased":["hermit:FullyLoaded","Lantern","hermit:Showdown","Blood Vial","Membership Card","Bottled Lightning","FairyPotion","Regen Potion"],"campfire_rested":3,"item_purchase_floors":[20,20,20,22,36,36,44,44],"current_hp_per_floor":[73,73,73,73,73,73,73,70,70,70,70,56,52,52,52,33,75,71,42,42,42,42,41,41,22,22,6,25,11,4,4,28,9,80,31,31,4,4,4,28,48,16,16,16,40,40,47,48,60,41,80,80,80,45,25],"gold":41,"neow_bonus":"BOSS_RELIC","is_daily":false,"chose_seed":false,"campfire_upgraded":4,"win_rate":0.0,"timestamp":1614252012,"path_taken":["M","?","M","$","?","R","M","M","T","R","M","E","M","E","R","BOSS","M","M","$","?","?","E","R","E","T","M","E","?","?","E","R","BOSS","M","$","?","?","?","R","?","E","T","$","R","M","E","M","R","BOSS","R","$","E","BOSS"],"items_purchased_type":["Card","Relic","Card","Relic","Relic","Relic","Potion","Potion"],"build_version":"2020-12-22","purchased_purges":4,"victory":true,"max_hp_per_floor":[75,75,75,75,75,75,75,75,75,75,75,75,75,75,75,75,75,75,75,75,75,75,75,75,75,75,75,75,80,80,80,80,80,80,80,80,80,80,80,80,80,80,80,80,80,80,80,80,80,80,80,80,80,80,80],"card_choices":[{"not_picked":["hermit:LowProfile","hermit:Feint"],"picked":"hermit:Showdown","floor":1},{"not_picked":["hermit:Malice","hermit:LowProfile","hermit:BodyArmor"],"picked":"SKIP","floor":3},{"not_picked":["hermit:ShadowCloak","hermit:LowProfile"],"picked":"hermit:Gestalt","floor":7},{"not_picked":["hermit:HoleUp","hermit:Enervate"],"picked":"hermit:Quickdraw","floor":8},{"not_picked":["hermit:Enervate","hermit:Manifest"],"picked":"hermit:LuckOfTheDraw","floor":11},{"not_picked":["hermit:Manifest","hermit:Coalescence","hermit:BigShot"],"picked":"SKIP","floor":12},{"not_picked":["hermit:Quickdraw","hermit:NoHoldsBarred"],"picked":"hermit:Glare","floor":13},{"not_picked":["hermit:Horror","hermit:LowProfile","hermit:Feint"],"picked":"SKIP","floor":14},{"not_picked":["hermit:Purgatory","hermit:Reprieve"],"picked":"hermit:OverwhelmingPower","floor":16},{"not_picked":["hermit:Manifest","hermit:SprayPray+1"],"picked":"hermit:HighCaliber+1","floor":18},{"not_picked":["hermit:GhostlyPresence","hermit:LoneWolf","hermit:Quickdraw+1"],"picked":"SKIP","floor":19},{"not_picked":["hermit:Coalescence+1","hermit:FlashPowder"],"picked":"hermit:Gestalt+1","floor":23},{"not_picked":["hermit:Headshot","hermit:Malice","hermit:BodyArmor"],"picked":"SKIP","floor":25},{"not_picked":["hermit:Headshot","hermit:Grudge","hermit:Manifest"],"picked":"SKIP","floor":27},{"not_picked":["hermit:WideOpen","hermit:ShadowCloak"],"picked":"hermit:HeroicBravado","floor":28},{"not_picked":["hermit:BodyArmor+1","hermit:Grudge+1"],"picked":"hermit:Maintenance+1","floor":30},{"not_picked":["hermit:Glare","hermit:HoleUp","hermit:GhostlyPresence+1"],"picked":"SKIP","floor":31},{"not_picked":["hermit:Snipe","hermit:Manifest+1","hermit:WideOpen+1"],"picked":"SKIP","floor":35},{"not_picked":["hermit:Midnight+1","hermit:Scavenge+1","hermit:ItchyTrigger"],"picked":"SKIP","floor":37},{"not_picked":["Panacea","Dramatic Entrance"],"picked":"Flash of Steel","floor":39},{"not_picked":["hermit:Dive","hermit:WideOpen+1","hermit:Scavenge"],"picked":"SKIP","floor":42},{"not_picked":["hermit:FlashPowder+1","hermit:Scavenge+1","hermit:Glare+1"],"picked":"SKIP","floor":46},{"not_picked":["hermit:HeroicBravado","hermit:PistolWhip+1","hermit:ItchyTrigger"],"picked":"SKIP","floor":47},{"not_picked":["hermit:FlashPowder+1","hermit:Coalescence+1","hermit:ShadowCloak+1"],"picked":"SKIP","floor":48},{"not_picked":["hermit:Desperado","hermit:Glare"],"picked":"hermit:LuckOfTheDraw","floor":54}],"player_experience":451118,"relics_obtained":[{"floor":9,"key":"Shuriken"},{"floor":12,"key":"Lizard Tail"},{"floor":14,"key":"Smiling Mask"},{"floor":17,"key":"Bag of Marbles"},{"floor":17,"key":"hermit:Spyglass"},{"floor":17,"key":"Girya"},{"floor":23,"key":"Calipers"},{"floor":25,"key":"aspiration:Nostalgia"},{"floor":28,"key":"Sundial"},{"floor":31,"key":"Oddly Smooth Stone"},{"floor":42,"key":"Pocketwatch"},{"floor":43,"key":"aspiration:FetidBarrel"},{"floor":47,"key":"Eternal Feather"},{"floor":54,"key":"aspiration:SeaSaltIceCream"}],"event_choices":[{"damage_healed":0,"gold_gain":175,"player_choice":"AGREE","damage_taken":112,"max_hp_gain":0,"max_hp_loss":0,"event_name":"betterThird:BetterSerpent","floor":2,"gold_loss":0},{"cards_removed":["hermit:Defend_Hermit"],"damage_healed":0,"gold_gain":0,"player_choice":"Forget","damage_taken":0,"max_hp_gain":0,"max_hp_loss":0,"event_name":"Living Wall","floor":5,"gold_loss":0},{"cards_removed":["hermit:Defend_Hermit"],"damage_healed":0,"gold_gain":0,"player_choice":"Purged","damage_taken":0,"max_hp_gain":0,"max_hp_loss":0,"event_name":"Purifier","floor":21,"gold_loss":0},{"damage_healed":0,"gold_gain":0,"player_choice":"Shed Blood","damage_taken":19,"max_hp_gain":5,"max_hp_loss":0,"event_name":"Forgotten Altar","floor":29,"gold_loss":0},{"cards_removed":["hermit:OverwhelmingPower"],"damage_healed":0,"gold_gain":0,"player_choice":"Removed Power","damage_taken":0,"max_hp_gain":0,"max_hp_loss":0,"event_name":"Falling","floor":38,"gold_loss":0},{"damage_healed":0,"gold_gain":0,"player_choice":"Memory 1","damage_taken":0,"max_hp_gain":0,"max_hp_loss":0,"event_name":"SensoryStone","floor":39,"gold_loss":0},{"damage_healed":20,"gold_gain":0,"player_choice":"Writhe","damage_taken":0,"max_hp_gain":0,"max_hp_loss":0,"event_name":"Winding Halls","floor":41,"gold_loss":0,"cards_obtained":["Writhe"]}],"is_beta":false,"boss_relics":[{"not_picked":["aspiration:DefectSkillbook","Cursed Key"],"picked":"Calling Bell"},{"not_picked":["hermit:DentedPlate","aspiration:RunicSpoon"],"picked":"Tiny House"}],"items_purged_floors":[4,20,44,53],"is_endless":false,"potions_floor_spawned":[1,8,12,16,18,19,28,30,35,46],"ascension_level":3}}