{"host":"90jl2h70xtuoeg0i","time":1614260962,"event":{"mods":["AchievementEnabler","BaseMod","Colored Map","Colored Powertips","Minty Spire (QoL Compilation)","Relic Stats","ojb\u0027s Better Paths Mod","ojb\u0027s Info Mod"],"gold_per_floor":[115,115,115,190,207,207,232,232,232,265,291,291,320,361,361,361,361],"floor_reached":16,"language":"ENG","playtime":824,"items_purged":[],"score":286,"play_id":"c8dafee4-fe36-406d-b64b-dc844be7093d","local_time":"20210225084922","is_ascension_mode":true,"campfire_choices":[{"data":"Predator","floor":6.0,"key":"SMITH"},{"data":"After Image","floor":8.0,"key":"SMITH"},{"data":"Neutralize","floor":12.0,"key":"SMITH"},{"data":"Riddle With Holes","floor":15,"key":"SMITH"}],"circlet_count":0,"master_deck":["AscendersBane","Strike_G","Strike_G","Strike_G","Strike_G","Strike_G","Defend_G","Defend_G","Defend_G","Defend_G","Survivor","Neutralize+1","Predator+1","After Image+1","Backstab","Adrenaline","Riddle With Holes+1"],"relics":["Ring of the Snake","NeowsBlessing","Vajra","Pear","CeramicFish","Ginger"],"acts_visited":["Exordium"],"potions_floor_usage":[14],"damage_taken":[{"damage":0.0,"enemies":"Cultist","floor":1.0,"turns":1.0},{"damage":0.0,"enemies":"2 Louse","floor":5.0,"turns":1.0},{"damage":0.0,"enemies":"Gremlin Nob","floor":7.0,"turns":1.0},{"damage":23.0,"enemies":"Lagavulin","floor":10.0,"turns":6.0},{"damage":0.0,"enemies":"Small Slimes","floor":11.0,"turns":3.0},{"damage":0.0,"enemies":"Looter","floor":13.0,"turns":3.0},{"damage":19,"enemies":"3 Sentries","floor":14,"turns":11},{"damage":49,"enemies":"Hexaghost","floor":16,"turns":12}],"seed_played":"7830034084606765218","potions_obtained":[{"floor":7.0,"key":"DuplicationPotion"},{"floor":10.0,"key":"BlessingOfTheForge"},{"floor":11.0,"key":"FairyPotion"}],"is_trial":false,"path_per_floor":["M","?","?","?","M","R","E","R","T","E","M","R","M","E","R","B"],"character_chosen":"THE_SILENT","items_purchased":[],"campfire_rested":0,"item_purchase_floors":[],"current_hp_per_floor":[59,64,64,53,53,53,53,53,63,40,40,40,40,21,21,0,0],"gold":361,"neow_bonus":"THREE_ENEMY_KILL","is_daily":false,"chose_seed":false,"campfire_upgraded":4,"win_rate":0.0,"timestamp":1614260962,"path_taken":["M","?","?","?","M","R","E","R","T","E","M","R","M","E","R","BOSS"],"items_purchased_type":[],"build_version":"2020-12-22","purchased_purges":0,"victory":false,"max_hp_per_floor":[66,71,71,71,71,71,71,71,81,81,81,81,81,81,81,81,81],"relic_stats":{"counters":[8,38],"CeramicFish":27,"Ginger":[0],"obtain_stats":[{"Pear":9,"NeowsBlessing":0,"CeramicFish":10,"Vajra":7,"Ginger":14,"Ring of the Snake":0},{"Pear":3,"NeowsBlessing":0,"CeramicFish":4,"Vajra":3,"Ginger":7,"Ring of the Snake":0},{"Pear":3,"NeowsBlessing":0,"CeramicFish":9,"Vajra":3,"Ginger":26,"Ring of the Snake":0}],"Ring of the Snake":[16]},"card_choices":[{"not_picked":["Acrobatics","Flying Knee"],"picked":"Predator","floor":1.0},{"not_picked":["Escape Plan","Backflip","Deflect"],"picked":"SKIP","floor":5.0},{"not_picked":["Underhanded Strike","Dagger Throw","Outmaneuver"],"picked":"SKIP","floor":7.0},{"not_picked":["Quick Slash","Prepared","Dodge and Roll"],"picked":"SKIP","floor":10.0},{"not_picked":["Quick Slash","Eviscerate"],"picked":"Backstab","floor":11.0},{"not_picked":["Accuracy","Dagger Throw"],"picked":"Adrenaline","floor":13.0},{"not_picked":["Dagger Throw","Quick Slash"],"picked":"Riddle With Holes","floor":14}],"player_experience":1502916,"relics_obtained":[{"floor":7.0,"key":"Vajra"},{"floor":9.0,"key":"Pear"},{"floor":10.0,"key":"CeramicFish"},{"floor":14,"key":"Ginger"}],"event_choices":[{"damage_healed":0.0,"max_hp_gain":5.0,"max_hp_loss":0.0,"gold_gain":0.0,"event_name":"Big Fish","player_choice":"Donut","floor":2.0,"gold_loss":0.0,"damage_taken":0.0},{"damage_healed":0.0,"max_hp_gain":0.0,"max_hp_loss":0.0,"gold_gain":0.0,"cards_transformed":["Defend_G"],"event_name":"Living Wall","player_choice":"Change","floor":3.0,"gold_loss":0.0,"damage_taken":0.0,"cards_obtained":["After Image"]},{"damage_healed":0.0,"max_hp_gain":0.0,"max_hp_loss":0.0,"gold_gain":75.0,"event_name":"World of Goop","player_choice":"Gather Gold","floor":4.0,"gold_loss":0.0,"damage_taken":11.0}],"is_beta":false,"boss_relics":[],"items_purged_floors":[],"is_endless":false,"potions_floor_spawned":[7,10,11],"killed_by":"Hexaghost","ascension_level":20}}