{"host":"q0zivyteofxuwz3g","time":1614269373,"event":{"mods":["AchievementEnabler","BaseMod","BetterRewards","Minty Spire (QoL Compilation)","Relic Filter","StSLib"],"gold_per_floor":[116,136,156,331,342,374,388,388,459,132,150,150,178,188,188,283,283,299,71,84,112,128,128,128,128],"floor_reached":24,"language":"ENG","playtime":2270,"items_purged":["Doubt"],"score":210,"play_id":"4bdc3f53-3f35-45bb-b147-f0973f9c52eb","local_time":"20210225130933","is_ascension_mode":false,"campfire_choices":[{"floor":8,"key":"REST"},{"floor":12,"key":"REST"},{"floor":15,"key":"REST"},{"data":"Eruption","floor":23,"key":"SMITH"}],"circlet_count":0,"master_deck":["Strike_P","Strike_P","Strike_P","Strike_P","Defend_P","Defend_P","Defend_P","Defend_P","Eruption+1","Vigilance","BattleHymn","Nirvana","Consecrate","FollowUp","EmptyMind","DevaForm","Halt","Judgement","FearNoEvil","LikeWater","CutThroughFate","JustLucky","ThirdEye","DevaForm","CurseOfTheBell","Evaluate","FlyingSleeves+1","SignatureMove","LikeWater"],"relics":["PureWater","Mummified Hand","StoneCalendar","Pear","Matryoshka","Question Card","Bird Faced Urn","Calling Bell","Bronze Scales","Darkstone Periapt","Incense Burner","Bag of Marbles","Red Mask"],"acts_visited":["Exordium","TheCity"],"potions_floor_usage":[6,16,16,24,24,24],"damage_taken":[{"damage":9,"enemies":"2 Louse","floor":1,"turns":2},{"damage":2,"enemies":"Small Slimes","floor":2,"turns":3},{"damage":6,"enemies":"Jaw Worm","floor":3,"turns":2},{"damage":12,"enemies":"Exordium Thugs","floor":5,"turns":4},{"damage":27,"enemies":"Gremlin Nob","floor":6,"turns":4},{"damage":25,"enemies":"Blue Slaver","floor":7,"turns":4},{"damage":13,"enemies":"Red Slaver","floor":11,"turns":5},{"damage":28,"enemies":"3 Sentries","floor":13,"turns":6},{"damage":9,"enemies":"3 Louse","floor":14,"turns":2},{"damage":21,"enemies":"Hexaghost","floor":16,"turns":8},{"damage":11,"enemies":"Shell Parasite","floor":18,"turns":6},{"damage":0,"enemies":"Spheric Guardian","floor":20,"turns":2},{"damage":27,"enemies":"Masked Bandits","floor":21,"turns":3},{"damage":16,"enemies":"Snake Plant","floor":22,"turns":4},{"damage":64,"enemies":"Slavers","floor":24,"turns":4}],"seed_played":"4242977882672578985","potions_obtained":[{"floor":1,"key":"PowerPotion"},{"floor":6,"key":"Strength Potion"},{"floor":7,"key":"Ancient Potion"},{"floor":11,"key":"SpeedPotion"},{"floor":20,"key":"FearPotion"},{"floor":21,"key":"Ancient Potion"},{"floor":22,"key":"Energy Potion"}],"is_trial":false,"path_per_floor":["M","M","M","?","M","E","M","R","T","$","M","R","E","M","R","B",null,"M","$","M","?","M","R","E"],"character_chosen":"WATCHER","items_purchased":["Mummified Hand","BattleHymn","Nirvana","Consecrate","Question Card","LikeWater","Bag of Marbles"],"campfire_rested":3,"item_purchase_floors":[0,0,0,0,10,10,19],"current_hp_per_floor":[63,61,55,55,43,26,1,25,25,25,12,36,8,5,29,16,82,75,75,77,58,52,52,0,0],"gold":128,"neow_bonus":"","is_daily":false,"chose_seed":false,"campfire_upgraded":1,"win_rate":0.0,"timestamp":1614269373,"path_taken":["M","M","M","?","M","E","M","R","T","$","M","R","E","M","R","BOSS","M","$","M","?","M","R","E"],"items_purchased_type":["Relic","Card","Card","Card","Relic","Card","Relic"],"build_version":"2020-12-22","purchased_purges":1,"victory":false,"max_hp_per_floor":[72,72,72,72,72,82,82,82,82,82,82,82,82,82,82,82,82,82,82,82,82,82,82,82,82],"card_choices":[{"not_picked":["FlurryOfBlows","EmptyBody"],"picked":"FollowUp","floor":1},{"not_picked":["BowlingBash","ClearTheMind"],"picked":"EmptyMind","floor":2},{"not_picked":["Protect","ClearTheMind"],"picked":"DevaForm","floor":3},{"not_picked":["EmptyBody","TalkToTheHand"],"picked":"Halt","floor":5},{"not_picked":["ThirdEye","CarveReality"],"picked":"Judgement","floor":6},{"not_picked":["JustLucky","PathToVictory"],"picked":"FearNoEvil","floor":7},{"not_picked":["ThirdEye","Vengeance","SashWhip"],"picked":"CutThroughFate","floor":11},{"not_picked":["BowlingBash","WaveOfTheHand","Swivel"],"picked":"JustLucky","floor":13},{"not_picked":["Consecrate","FlurryOfBlows","PathToVictory"],"picked":"ThirdEye","floor":14},{"not_picked":["Vault","ConjureBlade","Establishment"],"picked":"DevaForm","floor":16},{"not_picked":["Sanctity+1","TalkToTheHand","FlyingSleeves"],"picked":"Evaluate","floor":18},{"not_picked":["ConjureBlade","ThirdEye","DeceiveReality"],"picked":"FlyingSleeves+1","floor":20},{"not_picked":["CutThroughFate","ThirdEye","Meditate"],"picked":"SignatureMove","floor":21},{"not_picked":["Indignation","FlurryOfBlows","BowlingBash+1"],"picked":"LikeWater","floor":22}],"player_experience":202094,"relics_obtained":[{"floor":6,"key":"Pear"},{"floor":9,"key":"Matryoshka"},{"floor":13,"key":"Bird Faced Urn"},{"floor":17,"key":"Bronze Scales"},{"floor":17,"key":"Darkstone Periapt"},{"floor":17,"key":"Incense Burner"},{"floor":21,"key":"Red Mask"}],"event_choices":[{"damage_healed":0,"gold_gain":175,"player_choice":"AGREE","damage_taken":0,"max_hp_gain":0,"max_hp_loss":0,"event_name":"Liars Game","floor":4,"gold_loss":0,"cards_obtained":["Doubt"]},{"damage_healed":0,"gold_gain":0,"player_choice":"Fought Bandits","damage_taken":0,"max_hp_gain":0,"max_hp_loss":0,"event_name":"Masked Bandits","floor":21,"gold_loss":0}],"is_beta":false,"boss_relics":[{"not_picked":["Tiny House","Snecko Eye"],"picked":"Calling Bell"}],"items_purged_floors":[19],"is_endless":false,"potions_floor_spawned":[1,6,7,11,14,20,21,22],"killed_by":"Slavers","ascension_level":0}}