{"host":"gfmcepcjap0l8d24","time":1614284601,"event":{"mods":["AchievementEnabler","Act Like it!","BaseMod","BetterRewards","Card Filter","Card Forge","Colored Map","Colored Powertips","Custom Start","DeckTracker","Defuse TimeMaze Blight","Gold Saver","Key Reminder","Minty Spire (QoL Compilation)","Permanent Neow","Practice Mode","Quick Restart","Relic Filter","Shop Mod","StSLib","SuperFastMode"],"gold_per_floor":[1237,1249,1265,1282,1299,1299,1311,1311,1338,1367,1380,1380,1397,1417,1417,1516,1516,1529,1546,1395,1414,1329,1357,1357,772,799,812,591,591,608,624,624,723,723,734,753,767,407,426,426,441,441,441,454,156,156,156,8,8,8,8,8,8,37,37],"floor_reached":56,"language":"JPN","playtime":3728,"items_purged":["Strike_B","Strike_B","Strike_B","Defend_B","Defend_B","Self Repair"],"score":1477,"play_id":"6e947eeb-cb98-450a-ac07-29edfbdb41d1","local_time":"20210226052321","is_ascension_mode":false,"campfire_choices":[{"data":"Consume","floor":6,"key":"SMITH"},{"floor":15,"key":"RECALL"},{"data":"Loop","floor":32,"key":"SMITH"},{"data":"Reboot","floor":40,"key":"SMITH"},{"data":"Turbo","floor":42,"key":"SMITH"},{"data":"Seek","floor":49,"key":"SMITH"},{"data":"Aggregate","floor":52,"key":"SMITH"}],"circlet_count":0,"master_deck":["Zap+1","Dualcast+1","Defragment+1","Aggregate+1","Turbo+1","Redo+1","Capacitor+1","Ball Lightning+1","Chill+1","Consume+1","Glacier","Blizzard","Capacitor","Conserve Battery","Coolheaded+1","Seek+1","Hologram","Electrodynamics","Reboot+1","Stack+1","Hologram","Glacier","Turbo+1","Reboot+1","Buffer+1","Core Surge+1","Reboot+1","Consume+1","Biased Cognition+1","Reinforced Body+1","Machine Learning+1","Coolheaded+1","Force Field+1","Coolheaded+1","Master of Strategy+1","Impatience+1","Fission+1"],"relics":["Cracked Core","Hammer of Thor","Seething Fire","Anvil of the Gods","Kunai","Inserter","Matryoshka","Toxic Egg 2","DataDisk","Cables","Sozu","Bottled Tornado","Akabeko","Strange Spoon","Centennial Puzzle"],"acts_visited":["Exordium","TheCity","TheBeyond","TheEnding"],"potions_floor_usage":[10,55],"damage_taken":[{"damage":6,"enemies":"2 Louse","floor":1,"turns":2},{"damage":0,"enemies":"Cultist","floor":2,"turns":4},{"damage":0,"enemies":"Small Slimes","floor":3,"turns":3},{"damage":9,"enemies":"Gremlin Gang","floor":4,"turns":6},{"damage":0,"enemies":"2 Fungi Beasts","floor":5,"turns":4},{"damage":14,"enemies":"Blue Slaver","floor":7,"turns":3},{"damage":25,"enemies":"Gremlin Nob","floor":10,"turns":5},{"damage":6,"enemies":"Exordium Wildlife","floor":11,"turns":4},{"damage":0,"enemies":"Looter","floor":13,"turns":4},{"damage":0,"enemies":"3 Louse","floor":14,"turns":3},{"damage":10,"enemies":"The Guardian","floor":16,"turns":9},{"damage":18,"enemies":"Shell Parasite","floor":18,"turns":6},{"damage":0,"enemies":"Chosen","floor":19,"turns":5},{"damage":14,"enemies":"Snake Plant","floor":21,"turns":8},{"damage":16,"enemies":"Gremlin Leader","floor":23,"turns":7},{"damage":11,"enemies":"Shelled Parasite and Fungi","floor":27,"turns":7},{"damage":0,"enemies":"Centurion and Healer","floor":30,"turns":5},{"damage":0,"enemies":"Sentry and Sphere","floor":31,"turns":5},{"damage":5,"enemies":"Champ","floor":33,"turns":7},{"damage":0,"enemies":"3 Shapes","floor":35,"turns":3},{"damage":0,"enemies":"Orb Walker","floor":36,"turns":4},{"damage":0,"enemies":"Spire Growth","floor":37,"turns":4},{"damage":0,"enemies":"4 Shapes","floor":39,"turns":3},{"damage":0,"enemies":"Sphere and 2 Shapes","floor":41,"turns":3},{"damage":0,"enemies":"Jaw Worm Horde","floor":44,"turns":3},{"damage":0,"enemies":"Time Eater","floor":50,"turns":8},{"damage":0,"enemies":"Shield and Spear","floor":54,"turns":6},{"damage":24,"enemies":"The Heart","floor":55,"turns":12}],"seed_played":"-1588086570601319584","potions_obtained":[{"floor":3,"key":"PotionOfCapacity"},{"floor":4,"key":"Swift Potion"},{"floor":5,"key":"FairyPotion"},{"floor":23,"key":"LiquidBronze"}],"is_trial":false,"path_per_floor":["M","M","M","M","M","R","M","?","T","E","M","?","M","M","R","B",null,"M","M","$","M","?","E","?","$","T","M","$","?","M","M","R","B",null,"M","M","M","$","M","R","M","R","T","M","$","?","?","$","R","B",null,"R","$","E","B",null],"character_chosen":"DEFECT","items_purchased":["Defragment","Aggregate","Redo","Hologram","Buffer","Core Surge","Reboot+1","Biased Cognition","Master of Strategy+1","Impatience+1","Strange Spoon"],"campfire_rested":0,"item_purchase_floors":[0,0,0,20,25,25,25,28,38,45,48],"current_hp_per_floor":[69,69,69,67,67,67,53,53,53,35,29,29,36,43,43,40,75,64,71,71,64,64,55,55,55,55,44,44,44,44,51,51,46,75,75,75,75,75,75,75,75,75,75,75,75,71,71,71,71,71,71,71,71,71,47],"gold":37,"neow_bonus":"","is_daily":false,"chose_seed":false,"campfire_upgraded":6,"win_rate":0.0,"timestamp":1614284601,"path_taken":["M","M","M","M","M","R","M","?","T","E","M","?","?","M","R","BOSS","M","M","$","M","?","E","?","$","T","?","$","?","M","M","R","BOSS","M","M","M","$","M","R","M","R","T","?","$","?","?","?","R","BOSS","R","$","E","BOSS"],"items_purchased_type":["Card","Card","Card","Card","Card","Card","Card","Card","Card","Card","Relic"],"build_version":"2020-12-22","purchased_purges":6,"victory":true,"max_hp_per_floor":[75,75,75,75,75,75,75,75,75,75,75,75,75,75,75,75,75,75,75,75,75,75,75,75,75,75,75,75,75,75,75,75,75,75,75,75,75,75,75,75,75,75,75,75,75,71,71,71,71,71,71,71,71,71,71],"card_choices":[{"not_picked":["Steam","Static Discharge","Beam Cell"],"picked":"SKIP","floor":1},{"not_picked":["Redo","Ball Lightning"],"picked":"Blizzard","floor":2},{"not_picked":["Gash","Leap"],"picked":"Self Repair","floor":3},{"not_picked":["Leap","Steam"],"picked":"Loop","floor":4},{"not_picked":["Blizzard","Leap"],"picked":"Capacitor","floor":5},{"not_picked":["FTL","Steam"],"picked":"Conserve Battery","floor":7},{"not_picked":["Conserve Battery","Static Discharge"],"picked":"Coolheaded","floor":10},{"not_picked":["Conserve Battery","Ball Lightning"],"picked":"Seek","floor":11},{"not_picked":["Consume","Stack"],"picked":"Hologram","floor":13},{"not_picked":["Beam Cell","Hologram"],"picked":"Electrodynamics","floor":14},{"not_picked":["Fission","Hyperbeam"],"picked":"Reboot","floor":16},{"not_picked":["Steam+1","Go for the Eyes+1"],"picked":"Stack","floor":18},{"not_picked":["Go for the Eyes","Conserve Battery","Leap"],"picked":"SKIP","floor":19},{"not_picked":["Aggregate","Coolheaded"],"picked":"Glacier","floor":21},{"not_picked":["Scrape","Capacitor"],"picked":"Turbo+1","floor":23},{"not_picked":["Cold Snap+1","Turbo+1"],"picked":"Consume+1","floor":27},{"not_picked":["Blizzard","Meteor Strike"],"picked":"Reinforced Body+1","floor":30},{"not_picked":["Leap+1","Rebound+1","Streamline"],"picked":"SKIP","floor":31},{"not_picked":["All For One","Creative AI"],"picked":"Machine Learning","floor":33},{"not_picked":["Streamline","Steam+1","Gash+1"],"picked":"SKIP","floor":35},{"not_picked":["Conserve Battery+1","Steam+1"],"picked":"Force Field+1","floor":36},{"not_picked":["Steam+1","Creative AI"],"picked":"Coolheaded+1","floor":37},{"not_picked":["Sweeping Beam","Self Repair+1","Barrage+1"],"picked":"SKIP","floor":39},{"not_picked":["Cold Snap","Ball Lightning+1","Gash+1"],"picked":"SKIP","floor":41},{"not_picked":["Beam Cell","Ball Lightning+1","Redo+1"],"picked":"SKIP","floor":44},{"not_picked":["Cold Snap","Barrage+1","Melter"],"picked":"SKIP","floor":54}],"player_experience":225101,"relics_obtained":[{"floor":10,"key":"Kunai"},{"floor":23,"key":"Toxic Egg 2"},{"floor":26,"key":"DataDisk"},{"floor":26,"key":"Cables"},{"floor":43,"key":"Bottled Tornado"},{"floor":43,"key":"Akabeko"},{"floor":54,"key":"Centennial Puzzle"}],"event_choices":[{"damage_healed":0,"gold_gain":0,"player_choice":"Ignored","damage_taken":0,"max_hp_gain":0,"max_hp_loss":0,"event_name":"Liars Game","floor":8,"gold_loss":0},{"damage_healed":0,"gold_gain":0,"player_choice":"Bought 0 Potions","damage_taken":0,"max_hp_gain":0,"max_hp_loss":0,"event_name":"The Woman in Blue","floor":12,"gold_loss":0},{"damage_healed":0,"gold_gain":0,"player_choice":"Obtained Relic","damage_taken":0,"relics_obtained":["Matryoshka"],"max_hp_gain":0,"max_hp_loss":0,"event_name":"Addict","floor":22,"gold_loss":85},{"damage_healed":0,"gold_gain":0,"player_choice":"Copied","damage_taken":0,"max_hp_gain":0,"max_hp_loss":0,"event_name":"Duplicator","floor":24,"gold_loss":0,"cards_obtained":["Reboot"]},{"damage_healed":0,"gold_gain":0,"player_choice":"Forge","damage_taken":0,"max_hp_gain":0,"max_hp_loss":0,"event_name":"Accursed Blacksmith","floor":29,"gold_loss":0,"cards_upgraded":["Buffer"]},{"damage_healed":0,"gold_gain":0,"player_choice":"Max HP","damage_taken":0,"max_hp_gain":0,"max_hp_loss":4,"event_name":"Winding Halls","floor":46,"gold_loss":0},{"cards_removed":["Loop"],"damage_healed":0,"gold_gain":0,"player_choice":"Removed Power","damage_taken":0,"max_hp_gain":0,"max_hp_loss":0,"event_name":"Falling","floor":47,"gold_loss":0}],"is_beta":false,"boss_relics":[{"not_picked":["Calling Bell","Tiny House"],"picked":"Inserter"},{"not_picked":["Fusion Hammer","Runic Pyramid"],"picked":"Sozu"}],"items_purged_floors":[0,20,25,28,38,45],"is_endless":false,"potions_floor_spawned":[3,4,5,7,14,16,19,23,27,36,37,54],"ascension_level":0}}