{"host":"wppa8gky53tnknhf","time":1614259418,"event":{"mods":["AchievementEnabler","Act Like it!","BaseMod","Better Third Choice","BetterRewards","Card Forge","Colored Powertips","Hubris","Infinite Spire","Marked Mod","Minty Spire (QoL Compilation)","Permanent Neow","Quick Restart","Rare Cards Sparkle","Relic Stats","Reliquary","Remove Card Discount Mod","Replay The Spire","Spikes Relics","Spire Birthday Party","StSLib","Wandering Minibosses","thorton"],"gold_per_floor":[217,217,492,512,254,291,311,333,333,377,401,427,466,493,493,506,506,506],"floor_reached":16,"language":"ENG","playtime":762,"items_purged":[],"score":130,"play_id":"73be4260-042d-430c-a253-200796b162b2","local_time":"20210225132338","is_ascension_mode":true,"campfire_choices":[{"floor":15,"key":"REST"}],"circlet_count":0,"master_deck":["thethorton:Strike+1","thethorton:Strike+1","thethorton:Strike+1","thethorton:Strike+1","thethorton:Defend+1","thethorton:Defend+1","thethorton:Defend+1","thethorton:Defend+1","thethorton:Heckle+1","thethorton:CreditCard+1","thethorton:WhirlingBriefcase+1","thethorton:LongTermPayoff+1","thethorton:Rebalance+1","thethorton:BookBash+1","thethorton:MomentaryBreak+1","thethorton:LongTermPayoff+1","thethorton:DockPay+1"],"relics":["thethorton:CouragePotion","Hammer of Thor","Seething Fire","Anvil of the Gods","hubris:SphereOfDissonance","reliquary:Spinner","Molten Egg 2"],"acts_visited":["Exordium"],"potions_floor_usage":[10,10,11,12,16],"damage_taken":[{"damage":14,"enemies":"Small Slimes","floor":1,"turns":5},{"damage":0,"enemies":"Cultist","floor":4,"turns":2},{"damage":13,"enemies":"Lagavulin","floor":6,"turns":5},{"damage":3,"enemies":"Jaw Worm","floor":7,"turns":3},{"damage":3,"enemies":"3 Louse","floor":8,"turns":2},{"damage":14,"enemies":"3 Sentries","floor":10,"turns":6},{"damage":0,"enemies":"Blue Slaver","floor":11,"turns":4},{"damage":2,"enemies":"2 Fungi Beasts","floor":12,"turns":3},{"damage":24,"enemies":"Gremlin Nob","floor":13,"turns":5},{"damage":3,"enemies":"Exordium Thugs","floor":14,"turns":4},{"damage":27,"enemies":"Slime Boss","floor":16,"turns":7}],"seed_played":"7781332043630243950","potions_obtained":[{"floor":1,"key":"Weak Potion"},{"floor":6,"key":"PowerPotion"},{"floor":8,"key":"LiquidMemories"},{"floor":10,"key":"Weak Potion"},{"floor":13,"key":"Elixir"}],"is_trial":false,"path_per_floor":["M","?","?","M","$","E","M","M","T","E","M","M","E","M","R","B"],"character_chosen":"THE_THORT","items_purchased":["hubris:SphereOfDissonance"],"campfire_rested":1,"item_purchase_floors":[5],"current_hp_per_floor":[54,54,54,54,54,41,38,35,35,24,27,25,4,5,25,2,2,2],"gold":506,"neow_bonus":"HUNDRED_GOLD","is_daily":false,"chose_seed":false,"campfire_upgraded":0,"win_rate":0.0,"timestamp":1614259418,"path_taken":["M","?","?","M","$","E","?","M","T","E","M","M","E","M","R","BOSS"],"items_purchased_type":["Relic"],"build_version":"2020-12-22","purchased_purges":0,"victory":false,"max_hp_per_floor":[68,68,68,68,68,68,68,68,68,68,68,68,68,68,68,68,68,68],"relic_stats":{"counters":[11,46],"obtain_stats":[{"Anvil of the Gods":0,"hubris:SphereOfDissonance":5,"Molten Egg 2":10,"Hammer of Thor":0,"thethorton:CouragePotion":0,"Seething Fire":0,"reliquary:Spinner":6},{"Anvil of the Gods":0,"hubris:SphereOfDissonance":2,"Molten Egg 2":6,"Hammer of Thor":0,"thethorton:CouragePotion":0,"Seething Fire":0,"reliquary:Spinner":3},{"Anvil of the Gods":0,"hubris:SphereOfDissonance":7,"Molten Egg 2":23,"Hammer of Thor":0,"thethorton:CouragePotion":0,"Seething Fire":0,"reliquary:Spinner":12}]},"card_choices":[{"not_picked":["thethorton:MomentaryBreak","thethorton:BusinessBash"],"picked":"thethorton:WhirlingBriefcase","floor":1},{"not_picked":["thethorton:BookBash","thethorton:RichRun"],"picked":"thethorton:LongTermPayoff","floor":4},{"not_picked":["thethorton:MidnightStrike","thethorton:ToxicGreed"],"picked":"thethorton:Rebalance","floor":6},{"not_picked":["thethorton:DesperateRun","thethorton:Crash"],"picked":"thethorton:BookBash","floor":7},{"not_picked":["thethorton:ElbowSmash","thethorton:DownPayment"],"picked":"thethorton:MomentaryBreak","floor":8},{"not_picked":["thethorton:BookBash+1","thethorton:DownPayment","thethorton:LongDaysWork+1"],"picked":"SKIP","floor":10},{"not_picked":["thethorton:DownPayment","thethorton:TakeAccounts+1","thethorton:CallIn"],"picked":"SKIP","floor":11},{"not_picked":["thethorton:CannonShot+1","thethorton:FearfulRun"],"picked":"thethorton:LongTermPayoff","floor":12},{"not_picked":["thethorton:BusinessBoom+1","thethorton:DodgeAndRollAndRun"],"picked":"thethorton:DockPay+1","floor":13},{"not_picked":["thethorton:BookBash+1","thethorton:FearfulRun","thethorton:HedgeFund+1"],"picked":"SKIP","floor":14}],"player_experience":742291,"relics_obtained":[{"floor":6,"key":"reliquary:Spinner"},{"floor":10,"key":"Molten Egg 2"}],"event_choices":[{"damage_healed":0,"gold_gain":275,"player_choice":"Desecrate","damage_taken":0,"max_hp_gain":0,"max_hp_loss":0,"event_name":"Golden Shrine","floor":3,"gold_loss":0,"cards_obtained":["Regret"]}],"is_beta":false,"boss_relics":[],"items_purged_floors":[],"is_endless":false,"potions_floor_spawned":[1,6,8,10,13],"killed_by":"Slime Boss","ascension_level":1}}