{"host":"kdt6w7ix8lwe69i9","time":1614267244,"event":{"mods":["100% Spire Juice","BaseMod","ChefMod","Evolution","Koishi","Minty Spire (QoL Compilation)","Poor People Problems","Reimu（博丽灵梦）","Robot Space Explorer","Shade Mod","Shapeshifter Mod","StSLib","The Druid","The Gatherer","The Poker Player","The Servant 0.9.4","TheSurvivalist"],"gold_per_floor":[112,112,112,112,112,152,171,215,238,238,239,239,237,228,228,332,332,330,600,600,525,525,525,16,16,16,54,54,72,97,117,117,251,251,274,274,284,141,499,533,533,553,553,513,573,573,573,594,594,591],"floor_reached":51,"language":"ENG","playtime":13065,"items_purged":["Pain"],"score":851,"play_id":"c0506e50-cd73-421d-9270-d90d943034bf","local_time":"20210225103404","is_ascension_mode":false,"campfire_choices":[{"floor":12.0,"key":"REST"},{"data":"StSShapeShifter:ReplenishingNectar","floor":15.0,"key":"SMITH"},{"floor":23.0,"key":"REST"},{"floor":25.0,"key":"RECALL"},{"data":"StSShapeShifter:ThornedSkin","floor":32.0,"key":"SMITH"},{"floor":41.0,"key":"REST"},{"data":"1","floor":49.0,"key":"LIFT"}],"circlet_count":0,"master_deck":["StSShapeShifter:AdaptiveStrikes+1","StSShapeShifter:AdaptiveStrikes","StSShapeShifter:AdaptiveStrikes+1","StSShapeShifter:AdaptiveStrikes","StSShapeShifter:AdaptiveStrikes","StSShapeShifter:FallingLeaves","StSShapeShifter:FallingLeaves","StSShapeShifter:FallingLeaves","StSShapeShifter:FallingLeaves","StSShapeShifter:VineHandcuffs","StSShapeShifter:StormGryphonForm+1","Discovery","Injury","StSShapeShifter:CosmicShifter","StSShapeShifter:PoisonIvy","StSShapeShifter:ReplenishingNectar+1","StSShapeShifter:FesteringBite","StSShapeShifter:BladeOfGrass","StSShapeShifter:ThornedSkin+1","StSShapeShifter:Summer","StSShapeShifter:RockSlide","StSShapeShifter:BarkSkin+1","StSShapeShifter:BladeOfGrass","StSShapeShifter:ClimbTree+1","StSShapeShifter:MysticalSeed","StSShapeShifter:Flourish+1","StSShapeShifter:BloomingSlash+1","StSShapeShifter:BurstingSpore+1","StSShapeShifter:RockSlide","StSShapeShifter:BladeOfGrass+1","StSShapeShifter:BladeOfGrass","Madness","Madness","StSShapeShifter:DeerForm"],"relics":["StSShapeShifter:AnimalHeart","StSShapeShifter:TheShapeShiftersMagnolia","EVO:Axolotl","Juzu Bracelet","Golden Idol","Potion Belt","StSShapeShifter:MysticalFossil","Whetstone","YidongShenshe:ReiMu","RedLine:ReiMu","Nilry\u0027s Codex","WarpedTongs","TungstenRod","ClockworkSouvenir","StSShapeShifter:FrogOfVitality","Centennial Puzzle","StSShapeShifter:BeastkeepersGift","CrazyTorch:ReiMu","SlaversCollar","Cauldron","Old Coin","Bag of Marbles","StSShapeShifter:ThornsOfSummi","Girya"],"acts_visited":["Exordium","TheCity","TheBeyond"],"potions_floor_usage":[50,50,50,50,50,50,50,50],"damage_taken":[{"damage":0.0,"enemies":"2 Louse","floor":1.0,"turns":2.0},{"damage":15.0,"enemies":"3 Sentries","floor":6.0,"turns":7.0},{"damage":0.0,"enemies":"Cultist","floor":7.0,"turns":2.0},{"damage":26.0,"enemies":"Lagavulin","floor":8.0,"turns":6.0},{"damage":11.0,"enemies":"Jaw Worm","floor":11.0,"turns":4.0},{"damage":4.0,"enemies":"Gremlin Gang","floor":13.0,"turns":3.0},{"damage":0.0,"enemies":"Large Slime","floor":14.0,"turns":4.0},{"damage":13.0,"enemies":"Hexaghost","floor":16.0,"turns":10.0},{"damage":1.0,"enemies":"Shell Parasite","floor":18.0,"turns":5.0},{"damage":0.0,"enemies":"Gremlin Leader","floor":27.0,"turns":7.0},{"damage":0.0,"enemies":"Chosen","floor":29.0,"turns":4.0},{"damage":0.0,"enemies":"Snake Plant","floor":30.0,"turns":4.0},{"damage":0.0,"enemies":"Shelled Parasite and Fungi","floor":31.0,"turns":5.0},{"damage":2.0,"enemies":"Champ","floor":33.0,"turns":10.0},{"damage":8.0,"enemies":"3 Shapes","floor":35.0,"turns":2.0},{"damage":0.0,"enemies":"Orb Walker","floor":37.0,"turns":2.0},{"damage":24.0,"enemies":"2 Orb Walkers","floor":39.0,"turns":6.0},{"damage":68.0,"enemies":"Giant Head","floor":40.0,"turns":11.0},{"damage":29.0,"enemies":"Writhing Mass","floor":42.0,"turns":7.0},{"damage":0.0,"enemies":"Mind Bloom Boss Battle","floor":45.0,"turns":7.0},{"damage":19.0,"enemies":"Spire Growth","floor":48.0,"turns":5.0},{"damage":34,"enemies":"Awakened One","floor":50,"turns":9}],"seed_played":"-7787368201758901457","potions_obtained":[{"floor":6.0,"key":"Regen Potion"},{"floor":8.0,"key":"ColorlessPotion"},{"floor":14.0,"key":"Explosive Potion"},{"floor":29.0,"key":"Block Potion"},{"floor":30.0,"key":"Ancient Potion"},{"floor":31.0,"key":"Explosive Potion"},{"floor":33.0,"key":"ColorlessPotion"},{"floor":38.0,"key":"LiquidMemories"},{"floor":38.0,"key":"Fruit Juice"},{"floor":38.0,"key":"EssenceOfSteel"},{"floor":38.0,"key":"GrandPatriotsElixir:ReiMu"},{"floor":39.0,"key":"Swift Potion"},{"floor":44.0,"key":"Strength Potion"},{"floor":44.0,"key":"MagicPotion:ReiMu"},{"floor":46.0,"key":"SteroidPotion"},{"floor":46.0,"key":"EntropicBrew"}],"is_trial":false,"path_per_floor":["M","?","?","?","?","E","M","E","T","?","M","R","M","M","R","B",null,"M","?","?","?","?","R","$","R","T","E","?","M","M","M","R","B",null,"M","?","M","$","?","E","R","M","T","?","?","?","?","M","R","B",null],"character_chosen":"SHAPESHIFTER","items_purchased":["TungstenRod","ClockworkSouvenir","Cauldron"],"campfire_rested":3,"item_purchase_floors":[24,24,38],"current_hp_per_floor":[96,96,87,87,87,72,72,61,61,61,51,79,77,77,77,67,96,95,68,52,52,52,80,80,80,80,89,89,99,100,101,101,102,102,95,95,95,100,92,47,80,75,75,75,99,99,86,91,91,93],"gold":591,"neow_bonus":"RANDOM_COMMON_RELIC","is_daily":false,"chose_seed":false,"campfire_upgraded":2,"win_rate":0.0,"timestamp":1614267244,"path_taken":["M","?","?","?","?","E","M","E","T","?","M","R","M","M","R","BOSS","M","?","?","?","?","R","$","R","T","E","?","M","M","M","R","BOSS","M","?","M","$","?","E","R","M","T","?","?","?","?","M","R","BOSS"],"items_purchased_type":["Relic","Relic","Relic"],"build_version":"2020-12-22","purchased_purges":1,"victory":true,"max_hp_per_floor":[96,96,96,96,96,96,96,96,96,96,96,96,96,96,96,96,96,96,96,96,96,96,96,96,96,96,98,98,99,100,101,101,102,102,103,103,103,108,109,111,111,112,112,112,115,115,115,116,116,119],"card_choices":[{"not_picked":["StSShapeShifter:OakBlade","StSShapeShifter:FallingLeaves"],"picked":"StSShapeShifter:VineHandcuffs","floor":1.0},{"not_picked":["StSShapeShifter:AdaptiveStrikes","StSShapeShifter:FallingLeaves"],"picked":"StSShapeShifter:CosmicShifter","floor":6.0},{"not_picked":["StSShapeShifter:TopazSkin","StSShapeShifter:BloomingSlash"],"picked":"StSShapeShifter:PoisonIvy","floor":7.0},{"not_picked":["StSShapeShifter:Autumn","StSShapeShifter:ThornedSkin"],"picked":"StSShapeShifter:ReplenishingNectar","floor":8.0},{"not_picked":["StSShapeShifter:HummingbirdForm","StSShapeShifter:ShiftingStrike"],"picked":"StSShapeShifter:FesteringBite","floor":11.0},{"not_picked":["StSShapeShifter:Sapling","StSShapeShifter:FoxForm"],"picked":"StSShapeShifter:BladeOfGrass","floor":13.0},{"not_picked":["StSShapeShifter:SunflowerShuriken","StSShapeShifter:ShiftingStrike"],"picked":"StSShapeShifter:ThornedSkin","floor":14.0},{"not_picked":["StSShapeShifter:Uproot_Redwood","StSShapeShifter:MammothForm"],"picked":"StSShapeShifter:Summer","floor":16.0},{"not_picked":["StSShapeShifter:ShiftingStrike","StSShapeShifter:BaskInBloom"],"picked":"StSShapeShifter:RockSlide","floor":18.0},{"not_picked":["StSShapeShifter:BurstingSpore","StSShapeShifter:BulwarkOfDiscovery"],"picked":"StSShapeShifter:BarkSkin+1","floor":27.0},{"not_picked":["StSShapeShifter:ShiftingStrike+1","StSShapeShifter:MonkeyForm"],"picked":"StSShapeShifter:BladeOfGrass","floor":29.0},{"not_picked":["StSShapeShifter:Flood","StSShapeShifter:FlowerShield"],"picked":"StSShapeShifter:Evolution","floor":30.0},{"not_picked":["StSShapeShifter:Rest","StSShapeShifter:MonkeyForm"],"picked":"StSShapeShifter:ClimbTree+1","floor":31.0},{"not_picked":["StSShapeShifter:DragonForm","StSShapeShifter:Uproot_Redwood"],"picked":"StSShapeShifter:MysticalSeed","floor":33.0},{"not_picked":["StSShapeShifter:Guard+1","StSShapeShifter:OakBlade"],"picked":"StSShapeShifter:Flourish+1","floor":35.0},{"not_picked":["StSShapeShifter:SunflowerShuriken+1","StSShapeShifter:RatForm"],"picked":"StSShapeShifter:BloomingSlash+1","floor":37.0},{"not_picked":["StSShapeShifter:TopazSkin","StSShapeShifter:ThornToss+1"],"picked":"StSShapeShifter:BurstingSpore+1","floor":39.0},{"not_picked":["StSShapeShifter:Earthquake","StSShapeShifter:CursedApple"],"picked":"StSShapeShifter:RockSlide","floor":40.0},{"not_picked":["StSShapeShifter:BurstingSpore","StSShapeShifter:WolfForm+1"],"picked":"StSShapeShifter:BladeOfGrass+1","floor":42.0},{"not_picked":["StSShapeShifter:ShiftingStrike","StSShapeShifter:FallingLeaves"],"picked":"StSShapeShifter:BladeOfGrass","floor":45.0},{"not_picked":["StSShapeShifter:FlowerShield","StSShapeShifter:Guard"],"picked":"StSShapeShifter:DeerForm","floor":48.0}],"player_experience":1777586,"relics_obtained":[{"floor":6.0,"key":"Potion Belt"},{"floor":8.0,"key":"StSShapeShifter:MysticalFossil"},{"floor":9.0,"key":"Whetstone"},{"floor":20.0,"key":"Nilry\u0027s Codex"},{"floor":26.0,"key":"StSShapeShifter:FrogOfVitality"},{"floor":27.0,"key":"Centennial Puzzle"},{"floor":33.0,"key":"CrazyTorch:ReiMu"},{"floor":39.0,"key":"Old Coin"},{"floor":40.0,"key":"Bag of Marbles"},{"floor":43.0,"key":"StSShapeShifter:ThornsOfSummi"},{"floor":45.0,"key":"Girya"}],"event_choices":[{"cards_removed":["StSShapeShifter:FallingLeaves"],"damage_healed":5.0,"max_hp_gain":0.0,"max_hp_loss":0.0,"gold_gain":0.0,"event_name":"Bonfire Elementals","player_choice":"Offered Common","floor":2.0,"gold_loss":0.0,"damage_taken":0.0},{"cards_removed":["StSShapeShifter:FallingLeaves"],"damage_healed":5.0,"max_hp_gain":0.0,"max_hp_loss":0.0,"gold_gain":0.0,"event_name":"Bonfire Elementals","player_choice":"Offered Special","floor":2.0,"gold_loss":0.0,"damage_taken":0.0},{"damage_healed":0.0,"max_hp_gain":0.0,"max_hp_loss":0.0,"gold_gain":0.0,"event_name":"Match and Keep!","player_choice":"1 cards matched","floor":4.0,"gold_loss":0.0,"damage_taken":0.0,"cards_obtained":["Discovery"]},{"damage_healed":0.0,"max_hp_gain":0.0,"max_hp_loss":0.0,"gold_gain":0.0,"event_name":"Golden Idol","player_choice":"Take Wound","floor":5.0,"gold_loss":0.0,"damage_taken":0.0,"relics_obtained":["Golden Idol"],"cards_obtained":["Injury"]},{"damage_healed":0.0,"max_hp_gain":0.0,"max_hp_loss":0.0,"gold_gain":0.0,"event_name":"yidonshenshe","player_choice":"Take Tiny Shrine away","floor":10.0,"gold_loss":0.0,"damage_taken":0.0,"relics_obtained":["YidongShenshe:ReiMu"],"cards_obtained":["Poor:ReiMu"]},{"damage_healed":0.0,"max_hp_gain":0.0,"max_hp_loss":0.0,"gold_gain":270.0,"event_name":"Knowing Skull","player_choice":"GOLD GOLD GOLD ","floor":19.0,"potions_obtained":[],"gold_loss":0.0,"damage_taken":27.0,"cards_obtained":[]},{"damage_healed":0.0,"max_hp_gain":0.0,"max_hp_loss":0.0,"gold_gain":0.0,"event_name":"Cursed Tome","player_choice":"Obtained Book","floor":20.0,"gold_loss":0.0,"damage_taken":16.0},{"cards_removed":["Poor:ReiMu"],"damage_healed":0.0,"max_hp_gain":0.0,"max_hp_loss":0.0,"gold_gain":0.0,"event_name":"Beggar","player_choice":"Gave Gold","floor":21.0,"gold_loss":75.0,"damage_taken":0.0},{"damage_healed":0.0,"max_hp_gain":0.0,"max_hp_loss":0.0,"gold_gain":0.0,"event_name":"Accursed Blacksmith","player_choice":"Rummage","floor":22.0,"gold_loss":0.0,"damage_taken":0.0,"relics_obtained":["WarpedTongs"],"cards_obtained":["Pain"]},{"damage_healed":0.0,"max_hp_gain":0.0,"max_hp_loss":0.0,"gold_gain":0.0,"event_name":"The Mausoleum","player_choice":"Opened","floor":28.0,"gold_loss":0.0,"damage_taken":0.0,"relics_obtained":["StSShapeShifter:BeastkeepersGift"]},{"cards_removed":["StSShapeShifter:Evolution"],"damage_healed":0.0,"max_hp_gain":0.0,"max_hp_loss":0.0,"gold_gain":0.0,"event_name":"Falling","player_choice":"Removed Power","floor":36.0,"gold_loss":0.0,"damage_taken":0.0},{"damage_healed":0.0,"max_hp_gain":0.0,"max_hp_loss":0.0,"gold_gain":0.0,"event_name":"Mysterious Sphere","player_choice":"Fight","floor":39.0,"gold_loss":0.0,"damage_taken":0.0},{"damage_healed":0.0,"max_hp_gain":0.0,"max_hp_loss":0.0,"gold_gain":0.0,"event_name":"The Woman in Blue","player_choice":"Bought 3 Potions","floor":44.0,"gold_loss":0.0,"damage_taken":0.0},{"damage_healed":0.0,"max_hp_gain":0.0,"max_hp_loss":0.0,"gold_gain":0.0,"event_name":"MindBloom","player_choice":"Fight","floor":45.0,"gold_loss":0.0,"damage_taken":0.0},{"damage_healed":0.0,"max_hp_gain":0.0,"max_hp_loss":0.0,"gold_gain":0.0,"event_name":"Lab","player_choice":"Got Potions","floor":46.0,"gold_loss":0.0,"damage_taken":0.0},{"damage_healed":0.0,"max_hp_gain":0.0,"max_hp_loss":0.0,"gold_gain":0.0,"event_name":"Winding Halls","player_choice":"Embrace Madness","floor":47.0,"gold_loss":0.0,"damage_taken":14.0,"cards_obtained":["Madness","Madness"]}],"is_beta":false,"boss_relics":[{"not_picked":["Sozu","Snecko Eye"],"picked":"RedLine:ReiMu"},{"not_picked":["Runic Dome","Fusion Hammer"],"picked":"SlaversCollar"}],"items_purged_floors":[24],"is_endless":false,"potions_floor_spawned":[6,8,14,29,30,31,33,39,40],"ascension_level":0}}