{"host":"6q9h3h73mwjrc2ra","time":1614267122,"event":{"mods":["AchievementEnabler","Act Like it!","BaseMod","BetterRewards","Colored Map","Colored Powertips","DeckTracker","Keyboard Shortcuts","Library of Ruina","Library of Ruina Extra","Minty Spire (QoL Compilation)","Permanent Neow","Replay The Spire","Ruina","Shop Mod","StSLib","SuperFastMode"],"gold_per_floor":[115,131,147,322,322,322,337,337,387,462,492,507,507,527,527,628,628,647,662,662,678,678,708,317,317,317,317,341,61,92,92,104,117,117,214,214,225,244,260,58,72,72,72,100,112,140,239,251,281,306,318,330,342,354,366,89,124,124],"floor_reached":59,"language":"KOR","playtime":2126,"items_purged":["ChargeUp","Pot Of Greed","BackAttack+1"],"score":1473,"play_id":"d95baa32-5526-4746-870b-d8eb2a660e98","local_time":"20210226003202","is_ascension_mode":true,"campfire_choices":[{"data":"Unlock1","floor":6.0,"key":"SMITH"},{"data":"DegradedLock","floor":8.0,"key":"SMITH"},{"data":"Faith","floor":13.0,"key":"SMITH"},{"data":"DegradedShockwave","floor":15.0,"key":"SMITH"},{"data":"Faith","floor":25.0,"key":"SMITH"},{"data":"Pot Of Greed","floor":31.0,"key":"SMITH"},{"data":"Unlock1","floor":34.0,"key":"SMITH"},{"floor":42.0,"key":"RECALL"},{"data":"FrontalAssault","floor":48.0,"key":"SMITH"},{"data":"PuppetBlockade","floor":51.0,"key":"SMITH"},{"data":"DegradedPillar","floor":55,"key":"SMITH"}],"circlet_count":0,"master_deck":["DegradedFairy","DegradedFairy","DegradedFairy","DegradedChain","DegradedChain+1","DegradedLock+1","DegradedPillar","DegradedPillar+1","DegradedShockwave+1","Unlock1+1","Juggling","Faith+1","Unlock1+1","Faith+1","GrazeTheGrass","FrontalAssault+1","PuppetBlockade+1","Pot Of Greed+1","Diversion","Diversion","Observe","FrontalAssault","Unlock1+1","FrontalAssault","Pot Of Greed","Beam Cell+1"],"relics":["PageOfLibrarian","Spirit Poop","Replay:Wax Seal","PageOfBlackSwan","Potion Belt","ReplayTheSpireMod:Lightbulb","Grinning Jar","Membership Card","Lantern","Replay:Kaleidoscope","Runic Pyramid","Molten Egg 2","PrismaticShard","MawBank","White Beast Statue","ReplayTheSpireMod:TigerMarble","Sling","PageOfTodaysShyLook","Pantograph"],"acts_visited":["Exordium","ruina:Briah","TheBeyond","TheEnding"],"potions_floor_usage":[58,58,58,58],"damage_taken":[{"damage":0.0,"enemies":"Cultist","floor":1.0,"turns":1.0},{"damage":0.0,"enemies":"Jaw Worm","floor":2.0,"turns":1.0},{"damage":0.0,"enemies":"Small Slimes","floor":3.0,"turns":1.0},{"damage":0.0,"enemies":"Red Slaver","floor":7.0,"turns":2.0},{"damage":0.0,"enemies":"Gremlin Nob","floor":11.0,"turns":2.0},{"damage":0.0,"enemies":"3 Louse","floor":12.0,"turns":1.0},{"damage":0.0,"enemies":"Gremlin Gang","floor":14.0,"turns":1.0},{"damage":0.0,"enemies":"Hexaghost","floor":16.0,"turns":3.0},{"damage":0.0,"enemies":"ruina:3_Bats","floor":18.0,"turns":1.0},{"damage":10.0,"enemies":"ruina:BadWolf","floor":19.0,"turns":3.0},{"damage":0.0,"enemies":"ruina:KnightOfDespair","floor":21.0,"turns":3.0},{"damage":0.0,"enemies":"ruina:ServantOfWrath","floor":23.0,"turns":3.0},{"damage":0.0,"enemies":"ruina:Mountain","floor":30.0,"turns":3.0},{"damage":0.0,"enemies":"ruina:Woodsman","floor":32.0,"turns":1.0},{"damage":0.0,"enemies":"ruina:KingOfGreed","floor":33.0,"turns":2.0},{"damage":0.0,"enemies":"ruina:Ozma","floor":35.0,"turns":3.0},{"damage":0.0,"enemies":"3 Darklings","floor":37.0,"turns":1.0},{"damage":0.0,"enemies":"3 Shapes","floor":38.0,"turns":1.0},{"damage":0.0,"enemies":"Spire Growth","floor":39.0,"turns":1.0},{"damage":0.0,"enemies":"Transient","floor":41.0,"turns":5.0},{"damage":0.0,"enemies":"Nemesis","floor":44.0,"turns":3.0},{"damage":0.0,"enemies":"Maw","floor":46.0,"turns":2.0},{"damage":0.0,"enemies":"3 Darklings","floor":49.0,"turns":1.0},{"damage":0.0,"enemies":"Transient","floor":50.0,"turns":5.0},{"damage":0.0,"enemies":"Donu and Deca","floor":52.0,"turns":5.0},{"damage":0,"enemies":"Shield and Spear","floor":57,"turns":1},{"damage":16,"enemies":"The Heart","floor":58,"turns":6}],"seed_played":"2778241248092111573","potions_obtained":[{"floor":3.0,"key":"Fire Potion"},{"floor":7.0,"key":"Flashbang"},{"floor":11.0,"key":"Explosive Potion"},{"floor":21.0,"key":"SpeedPotion"},{"floor":30.0,"key":"Energy Potion"},{"floor":32.0,"key":"Energy Potion"},{"floor":37.0,"key":"Dexterity Potion"},{"floor":38.0,"key":"Fire Potion"},{"floor":46.0,"key":"Swift Potion"},{"floor":49.0,"key":"GamblersBrew"},{"floor":50.0,"key":"EssenceOfSteel"}],"is_trial":false,"path_per_floor":["M","M","M","?","?","R","M","R","T","?","E","M","R","M","R_BF","B",null,"M","M","?","M","?","E","$","R","PTL","PTL","T","$","E","R","M","M","R","B",null,"M","M","M","$","M","R","$","E","T","M","?","R","M","M","R","B",null,null,"R","$","E","B",null],"character_chosen":"Librarian","items_purchased":["FrontalAssault","PuppetBlockade","ReplayTheSpireMod:Lightbulb","Membership Card","Lantern","Molten Egg 2","PrismaticShard","FrontalAssault","Sling","PageOfTodaysShyLook","Doom Potion"],"campfire_rested":0,"item_purchase_floors":[24,24,24,29,29,40,40,56,56,56,56],"current_hp_per_floor":[60,60,60,60,60,60,60,60,60,51,51,51,51,51,51,51,90,90,80,96,96,96,96,96,96,96,96,96,96,96,96,96,96,96,96,106,106,106,106,106,106,106,106,106,106,106,80,80,80,80,80,80,81,106,106,106,106,90],"gold":124,"neow_bonus":"RANDOM_EVENT","is_daily":false,"chose_seed":false,"campfire_upgraded":10,"win_rate":0.0,"timestamp":1614267122,"path_taken":["M","M","?","?","?","R","?","R","T","?","E","M","R","M","R_BF","BOSS","M","?","?","M","?","E","$","R","PTL","PTL","T","$","E","R","M","M","R","BOSS","M","?","M","$","M","R","$","E","T","M","?","R","M","M","R","BOSS","R","$","E","BOSS"],"items_purchased_type":["Card","Card","Relic","Relic","Relic","Relic","Relic","Card","Relic","Relic","Potion"],"build_version":"2020-12-22","purchased_purges":3,"victory":true,"max_hp_per_floor":[90,90,90,90,90,90,90,90,90,90,90,90,90,90,90,90,90,90,90,106,106,106,106,106,106,106,106,106,106,106,106,106,106,106,106,106,106,106,106,106,106,106,106,106,106,106,106,106,106,106,106,106,106,106,106,106,106,106],"card_choices":[{"not_picked":["GreatSerpentsImpact","HandleRequest","SnakesPrey","SerpentineBarrier","BlowItUp","Reload","StrikeDown","RapidGashes","Pound"],"picked":"SKIP","floor":1.0},{"not_picked":["BoundaryOfDeath","HandleRequest","Tailoring","Parry2","SuppressingShot","MultiHit","Bvapour","BiAn"],"picked":"Unlock1","floor":2.0},{"not_picked":["HighKick","Parry2","Rampage_lor","TendonChords","IngredientHunt","IllEndYou","SilentMist","TimeForALittleTest"],"picked":"Juggling","floor":3.0},{"not_picked":["SuppressingShot","SpearedSweep","SharpenedBlade","HiddenBlade","HighKick","TieShanKao","BackAttack","GreatSerpentsImpact","CoordinatedAssault"],"picked":"SKIP","floor":7.0},{"not_picked":["GreatSerpentsImpact","DefenseOrder","Bvapour","NightInTheBackstreets","SharpenedBlade","EnergyShield","UpbeatPerformance","Transpierce","QuickAttack"],"picked":"SKIP","floor":11.0},{"not_picked":["Quickness","SunsetBlade","Diversion","BizarreAttack","GreatSerpentsImpact","AsThePrescriptOrders","StrikeDown","Creak"],"picked":"Faith","floor":12.0},{"not_picked":["Overpower","PinpointShot","Juggling","IdentifyWeakpoint","FlowOfTheSword","Thrust","ShrineToMusic","SharpSwipe","MultiHit"],"picked":"SKIP","floor":14.0},{"not_picked":["TrashDisposal","DaringDecision"],"picked":"ChargeUp","floor":16.0},{"not_picked":["ButterflySlash","ClassAndRespect","StrikeDown","SuppressingShot+1","TimeForALittleTest+1","EnergyBeam","IdentifyWeakpoint","FendThisOffIfYouCan"],"picked":"Unlock1","floor":18.0},{"not_picked":["SuppressingShot","RatsGuideToSurvival","BackstreetsDash+1","RapidGashes","Slice_lor","PinpointShot","SinglePointStab","Outburst"],"picked":"Faith","floor":19.0},{"not_picked":["DesperateStruggle","EnergyConversion","NonstopAssault","VioletBlade","TimeForALittleTest","EnergyStrike","InhaleSmoke+1","NightInTheBackstreets","BladeWhirl"],"picked":"SKIP","floor":21.0},{"not_picked":["DarkCloud","ChopItOff+1","DesperateStruggle+1","GreatSerpentsImpact+1","EnergyBeam","FleshFillet","SilentNight","ExtractFuel"],"picked":"GrazeTheGrass","floor":23.0},{"not_picked":["MirageStorm","Parry2","WrathOfTorment","DesperateStruggle+1","Crush+1","YoureTooSlow","Struggle","DefenseOrder+1"],"picked":"Diversion","floor":30.0},{"not_picked":["AssaultOrder+1","QuickSuppression","HiddenBlade+1","MultiHit+1","TimeForALittleTest","DarkCloud","QuickAttack+1","DefenseOrder","GatherIntel"],"picked":"SKIP","floor":32.0},{"not_picked":["SuanNi","GuardingStance","SharpSwipe","Collision","Standoff+1","BiAn","EnergyConversion","CoordinatedAssault"],"picked":"Diversion","floor":33.0},{"not_picked":["Disposal","FleshFillet"],"picked":"Observe","floor":35.0},{"not_picked":["CutIn","Parry2","GreatSerpentsImpact","HardRehearsal+1","AsThePrescriptOrders+1","GuidanceOfTheGears+1","WillOfThePrescript","MultiBlock+1"],"picked":"FrontalAssault","floor":37.0},{"not_picked":["Transpierce","SummaryJudgment+1","FieryWaltz+1","Bvapour","FleetFootsteps+1","Multislash+1","Slice_lor","GroundSmash"],"picked":"Unlock1+1","floor":38.0},{"not_picked":["StrikeDown+1","TrimTheIngredients+1","VenomousFangs","InnerArdor+1","Thirst","TendonChords","StructuralAnalysis+1","DirtyBlow"],"picked":"BackAttack+1","floor":39.0},{"not_picked":["ReadyUp","Tactician","Leap_lor+1","Catalyst","ReplayTheSpireMod:Strike From Hell+1","PreparedMind","PiercingWail","Wild Strike+1","Impatience"],"picked":"SKIP","floor":41.0},{"not_picked":["ToOvercomeCrisis+1","DesperateStruggle+1","AssaultOrder+1","RulesOfTheBackstreets+1","FierceCharge+1","HardRehearsal+1","BlowItUp+1","Tantrum+1","Caltrops"],"picked":"SKIP","floor":44.0},{"not_picked":["Outmaneuver","Replay:DivineShield+1","QuickAttack+1","Auto Shields","Streamline+1","Sanctity+1","Redo","Quickness+1","ClearTheMind+1"],"picked":"SKIP","floor":46.0},{"not_picked":["Halt","Force Field","Replay:Anticipation","ThirdEye+1","Burning Pact+1","Hologram","Midas Touch","ReplayTheSpireMod:Uncanny Aura","EmptyBody+1"],"picked":"SKIP","floor":49.0},{"not_picked":["Underhanded Strike+1","SetFire+1","SerpentSwordTechnique","Self Repair+1","Steam","Riposte+1","Recycle","BackAttack","Blade Dance"],"picked":"SKIP","floor":50.0},{"not_picked":["StrikeDown+1","GatherIntel+1","ReplayTheSpireMod:Strike From Hell+1","SnakeSlit+1","Clone","Overcharge+1","SuppressingShot+1","Thirst+1"],"picked":"Beam Cell+1","floor":57}],"player_experience":114380,"relics_obtained":[{"floor":11.0,"key":"Replay:Wax Seal"},{"floor":23.0,"key":"Potion Belt"},{"floor":28.0,"key":"Grinning Jar"},{"floor":30.0,"key":"Replay:Kaleidoscope"},{"floor":44.0,"key":"MawBank"},{"floor":45.0,"key":"White Beast Statue"},{"floor":47.0,"key":"ReplayTheSpireMod:TigerMarble"},{"floor":57,"key":"Pantograph"}],"event_choices":[{"damage_healed":0.0,"max_hp_gain":0.0,"max_hp_loss":0.0,"gold_gain":175.0,"event_name":"Liars Game","player_choice":"AGREE","floor":4.0,"gold_loss":0.0,"damage_taken":0.0,"cards_obtained":["Doubt"]},{"cards_removed":["Doubt"],"damage_healed":0.0,"max_hp_gain":0.0,"max_hp_loss":0.0,"gold_gain":0.0,"event_name":"Bonfire Elementals","player_choice":"Offered Curse","floor":5.0,"gold_loss":0.0,"damage_taken":0.0,"relics_obtained":["Spirit Poop"]},{"damage_healed":0.0,"max_hp_gain":0.0,"max_hp_loss":0.0,"gold_gain":75.0,"event_name":"FaceTrader","player_choice":"Touch","floor":10.0,"gold_loss":0.0,"damage_taken":9.0}],"is_beta":false,"boss_relics":[{"not_picked":["ReplayTheSpireMod:DimensionalGlitch","Velvet Choker"],"picked":"PageOfBlackSwan"},{"not_picked":["Fusion Hammer","Cursed Key"],"picked":"Runic Pyramid"}],"items_purged_floors":[24,29,56],"is_endless":false,"potions_floor_spawned":[3,7,11,16,21,30,32,37,38,46,49,50,57],"ascension_level":3}}