{"host":"jt67skv49snb75sm","time":1614286273,"event":{"mods":["BaseMod","Bestiary","Minty Spire (QoL Compilation)","Relic Stats"],"gold_per_floor":[112,126,126,126,142,142,158,174,174,174,191,191,116,144,144,144,144],"floor_reached":16,"language":"ENG","playtime":508,"items_purged":["Strike_G"],"score":204,"play_id":"b32a39f0-a495-4565-a460-139e2d4420e3","local_time":"20210225215113","is_ascension_mode":true,"campfire_choices":[{"data":"Predator","floor":6,"key":"SMITH"},{"floor":12,"key":"REST"},{"floor":15,"key":"REST"}],"circlet_count":0,"master_deck":["AscendersBane","Strike_G","Defend_G","Defend_G+1","Defend_G","Defend_G","Defend_G+1","Survivor","Neutralize","Adrenaline","Quick Slash","Caltrops","Predator+1","Riddle With Holes","Envenom","Glass Knife","Blade Dance","Bullet Time"],"relics":["Ring of the Snake","War Paint","Art of War"],"acts_visited":["Exordium"],"potions_floor_usage":[16],"damage_taken":[{"damage":2,"enemies":"2 Louse","floor":1,"turns":3},{"damage":1,"enemies":"Cultist","floor":2,"turns":4},{"damage":0,"enemies":"Jaw Worm","floor":5,"turns":5},{"damage":5,"enemies":"Large Slime","floor":7,"turns":7},{"damage":0,"enemies":"Red Slaver","floor":8,"turns":4},{"damage":3,"enemies":"Looter","floor":11,"turns":3},{"damage":22,"enemies":"Lagavulin","floor":14,"turns":6},{"damage":44,"enemies":"The Guardian","floor":16,"turns":6}],"seed_played":"7823703546052836092","potions_obtained":[{"floor":1,"key":"DistilledChaos"},{"floor":5,"key":"Explosive Potion"}],"is_trial":false,"path_per_floor":["M","M","?","?","M","R","M","M","T","?","M","R","$","E","R","B"],"character_chosen":"THE_SILENT","items_purchased":[],"campfire_rested":2,"item_purchase_floors":[],"current_hp_per_floor":[42,41,34,34,34,34,29,29,29,29,26,45,45,23,42,0,0],"gold":144,"neow_bonus":"THREE_RARE_CARDS","is_daily":false,"chose_seed":false,"campfire_upgraded":1,"win_rate":0.0,"timestamp":1614286273,"path_taken":["M","M","?","?","M","R","?","M","T","?","?","R","$","E","R","BOSS"],"items_purchased_type":[],"build_version":"2020-12-22","purchased_purges":1,"victory":false,"max_hp_per_floor":[66,66,66,66,66,66,66,66,66,66,66,66,66,66,66,66,66],"relic_stats":{"counters":[8,38],"Art of War":[1],"War Paint":["Defend_G","Defend_G"],"obtain_stats":[{"Art of War":14,"War Paint":9,"Ring of the Snake":0},{"Art of War":7,"War Paint":5,"Ring of the Snake":0},{"Art of War":32,"War Paint":23,"Ring of the Snake":0}],"Ring of the Snake":[16]},"card_choices":[{"not_picked":["Burst","Phantasmal Killer"],"picked":"Adrenaline","floor":0},{"not_picked":["Backflip","Catalyst"],"picked":"Quick Slash","floor":1},{"not_picked":["Expertise","Prepared"],"picked":"Caltrops","floor":2},{"not_picked":["Underhanded Strike","Dagger Throw"],"picked":"Predator","floor":5},{"not_picked":["PiercingWail","Prepared"],"picked":"Riddle With Holes","floor":7},{"not_picked":["Setup","Quick Slash"],"picked":"Envenom","floor":8},{"not_picked":["Heel Hook","Crippling Poison"],"picked":"Blade Dance","floor":11},{"not_picked":["Tactician","Blade Dance"],"picked":"Bullet Time","floor":14}],"player_experience":907579,"relics_obtained":[{"floor":9,"key":"War Paint"},{"floor":14,"key":"Art of War"}],"event_choices":[{"cards_removed":["Strike_G"],"damage_healed":0,"gold_gain":0,"player_choice":"Card Removal","damage_taken":7,"max_hp_gain":0,"max_hp_loss":0,"event_name":"Golden Wing","floor":3,"gold_loss":0},{"cards_removed":["Strike_G"],"damage_healed":0,"gold_gain":0,"player_choice":"Purged","damage_taken":0,"max_hp_gain":0,"max_hp_loss":0,"event_name":"Purifier","floor":4,"gold_loss":0},{"damage_healed":0,"gold_gain":0,"cards_transformed":["Strike_G"],"player_choice":"Transformed","damage_taken":0,"max_hp_gain":0,"max_hp_loss":0,"event_name":"Transmorgrifier","floor":10,"gold_loss":0,"cards_obtained":["Glass Knife"]}],"is_beta":false,"boss_relics":[],"items_purged_floors":[13],"is_endless":false,"potions_floor_spawned":[1,5,8,11],"killed_by":"The Guardian","ascension_level":20}}