{"host":"y0i0tbisecj7yjyn","time":1614217877,"event":{"mods":["2.2 Compatiblity","AchievementEnabler","AlwaysNeverKeys","BaseMod","Better Third Choice","BetterRewards","Colored Map","Colored Powertips","Curses Come First","Disable Question Mark Monsters","Displayed Cursed Tome","Highlight Path","Keyboard Shortcuts","Minty Spire (QoL Compilation)","Quick Restart","Random Character Button","Rare Cards Sparkle","Relic Stats","Reliquary","Smile Girya","StSLib","SuperFastMode","Transform Curses","Weighted Paths"],"gold_per_floor":[113,0,0,18,32,58,58,88,138,138,157,157,172,219,219,322,322,332,343,343,361,377,377,403,403,403,403,423,435,468,468,468,573,573,589,605,622,622,671,697,697,697,697],"floor_reached":42,"language":"ENG","playtime":3846,"items_purged":[],"score":607,"play_id":"15ab79bc-c475-4876-b3b1-c3c78069cd7e","local_time":"20210224195117","is_ascension_mode":true,"campfire_choices":[{"floor":7.0,"key":"REST"},{"data":"Blade Dance","floor":12.0,"key":"SMITH"},{"data":"Infinite Blades","floor":15.0,"key":"SMITH"},{"floor":23.0,"key":"REST"},{"floor":25.0,"key":"REST"},{"data":"Envenom","floor":32.0,"key":"SMITH"},{"floor":41,"key":"REST"}],"circlet_count":0,"master_deck":["Strike_G","Strike_G","Strike_G","Strike_G","Strike_G","Defend_G","Defend_G","Defend_G","Defend_G","Defend_G","Survivor","Neutralize","Blade Dance+1","Backstab","Slice","Die Die Die","Deflect","Infinite Blades+1","Bullet Time","Endless Agony","Envenom+1","Backflip+1","Distraction+1","Envenom","Catalyst+1","Infinite Blades","Caltrops","Metamorphosis","Acrobatics+1","Catalyst"],"relics":["WristBlade","The Courier","Ancient Tea Set","reliquary:RadioactivePellet","reliquary:Spinner","reliquary:TuningFork","SlaversCollar","Bottled Flame","MealTicket","Enchiridion","Thread and Needle","HoveringKite","reliquary:Pushpin","reliquary:HotPoker"],"acts_visited":["Exordium","TheCity","TheBeyond"],"potions_floor_usage":[37,37,42,42],"damage_taken":[{"damage":3.0,"enemies":"Jaw Worm","floor":1.0,"turns":5.0},{"damage":1.0,"enemies":"Small Slimes","floor":4.0,"turns":3.0},{"damage":1.0,"enemies":"Cultist","floor":5.0,"turns":3.0},{"damage":36.0,"enemies":"Lagavulin","floor":6.0,"turns":6.0},{"damage":7.0,"enemies":"3 Sentries","floor":8.0,"turns":6.0},{"damage":0.0,"enemies":"2 Fungi Beasts","floor":11.0,"turns":2.0},{"damage":0.0,"enemies":"Gremlin Gang","floor":13.0,"turns":4.0},{"damage":16.0,"enemies":"Hexaghost","floor":16.0,"turns":8.0},{"damage":17.0,"enemies":"Shell Parasite","floor":18.0,"turns":4.0},{"damage":3.0,"enemies":"Spheric Guardian","floor":19.0,"turns":3.0},{"damage":11.0,"enemies":"Centurion and Healer","floor":21.0,"turns":5.0},{"damage":5.0,"enemies":"Cultist and Chosen","floor":22.0,"turns":5.0},{"damage":43.0,"enemies":"Gremlin Leader","floor":24.0,"turns":7.0},{"damage":1.0,"enemies":"Snake Plant","floor":28.0,"turns":3.0},{"damage":7.0,"enemies":"Sentry and Sphere","floor":29.0,"turns":4.0},{"damage":12.0,"enemies":"Book of Stabbing","floor":30.0,"turns":5.0},{"damage":2.0,"enemies":"Automaton","floor":33.0,"turns":8.0},{"damage":0.0,"enemies":"Orb Walker","floor":35.0,"turns":3.0},{"damage":8.0,"enemies":"3 Shapes","floor":36.0,"turns":4.0},{"damage":27,"enemies":"Writhing Mass","floor":37,"turns":4},{"damage":22,"enemies":"2 Orb Walkers","floor":39,"turns":4},{"damage":0,"enemies":"Giant Head","floor":40,"turns":5},{"damage":48,"enemies":"Nemesis","floor":42,"turns":3}],"seed_played":"8474563264055667133","potions_obtained":[{"floor":4.0,"key":"Energy Potion"},{"floor":6.0,"key":"Swift Potion"},{"floor":13.0,"key":"Poison Potion"},{"floor":16.0,"key":"SpeedPotion"},{"floor":19.0,"key":"Weak Potion"},{"floor":24.0,"key":"CunningPotion"},{"floor":29.0,"key":"FearPotion"},{"floor":33.0,"key":"DistilledChaos"},{"floor":39,"key":"Fire Potion"},{"floor":40,"key":"SteroidPotion"}],"is_trial":false,"path_per_floor":["M","?","?","M","M","E","R","E","T","?","M","R","M","T","R","B",null,"M","M","$","M","M","R","E","R","T","?","M","M","E","?","R","B",null,"M","M","M","?","?","E","R","E"],"character_chosen":"THE_SILENT","items_purchased":[],"campfire_rested":4,"item_purchase_floors":[],"current_hp_per_floor":[67,73,73,72,71,35,57,50,50,55,55,55,55,55,55,39,76,59,56,56,45,40,62,19,41,41,25,24,17,5,76,76,74,76,76,68,41,41,19,19,41,0,0],"gold":697,"neow_bonus":"BOSS_RELIC","is_daily":false,"chose_seed":false,"campfire_upgraded":3,"win_rate":0.0,"timestamp":1614217877,"path_taken":["M","?","?","?","M","E","R","E","T","?","?","R","M","?","R","BOSS","M","M","$","M","M","R","E","R","T","?","M","M","E","?","R","BOSS","M","M","M","?","?","E","R","E"],"items_purchased_type":[],"build_version":"2020-12-22","purchased_purges":0,"victory":false,"max_hp_per_floor":[70,76,76,76,76,76,76,76,76,76,76,76,76,76,76,76,76,76,76,76,76,76,76,76,76,76,76,76,76,76,76,76,76,76,76,76,76,76,76,76,76,76,76],"relic_stats":{"counters":[34,158],"HoveringKite":[3],"MealTicket":0,"obtain_stats":[{"Darkstone Periapt":12,"reliquary:Boomerang":9,"NeowsBlessing":0,"reliquary:Sideboard":5,"Enchiridion":27,"HoveringKite":34,"Mango":10,"Thread and Needle":30,"The Courier":3,"reliquary:Spinner":9,"Cursed Key":17,"Ancient Tea Set":6,"reliquary:Pushpin":39,"Akabeko":13,"Blood Vial":7,"SlaversCollar":17,"Bottled Flame":24,"reliquary:HotPoker":40,"WristBlade":0,"MealTicket":26,"reliquary:TuningFork":14,"reliquary:RadioactivePellet":8,"Ring of the Snake":0},{"Darkstone Periapt":4,"reliquary:Boomerang":3,"NeowsBlessing":0,"reliquary:Sideboard":2,"Enchiridion":24,"HoveringKite":28,"Mango":4,"Thread and Needle":27,"The Courier":12,"reliquary:Spinner":16,"Cursed Key":6,"Ancient Tea Set":15,"reliquary:Pushpin":32,"Akabeko":4,"Blood Vial":3,"SlaversCollar":19,"Bottled Flame":24,"reliquary:HotPoker":33,"WristBlade":11,"MealTicket":24,"reliquary:TuningFork":18,"reliquary:RadioactivePellet":16,"Ring of the Snake":0},{"Darkstone Periapt":11,"reliquary:Boomerang":3,"NeowsBlessing":0,"reliquary:Sideboard":2,"Enchiridion":115,"HoveringKite":135,"Mango":11,"Thread and Needle":127,"The Courier":59,"reliquary:Spinner":77,"Cursed Key":27,"Ancient Tea Set":71,"reliquary:Pushpin":150,"Akabeko":11,"Blood Vial":3,"SlaversCollar":91,"Bottled Flame":115,"reliquary:HotPoker":155,"WristBlade":54,"MealTicket":115,"reliquary:TuningFork":83,"reliquary:RadioactivePellet":77,"Ring of the Snake":0}]},"card_choices":[{"not_picked":["Deadly Poison","Flechettes"],"picked":"Blade Dance","floor":1.0},{"not_picked":["Acrobatics","Underhanded Strike"],"picked":"Backstab","floor":4.0},{"not_picked":["Dodge and Roll","Dash"],"picked":"Slice","floor":5.0},{"not_picked":["Deadly Poison","Well Laid Plans"],"picked":"Die Die Die","floor":6.0},{"not_picked":["All Out Attack","Outmaneuver"],"picked":"Prepared","floor":8.0},{"not_picked":["Dagger Throw","PiercingWail"],"picked":"Deflect","floor":11.0},{"not_picked":["Prepared","Blade Dance"],"picked":"Infinite Blades","floor":13.0},{"not_picked":["Doppelganger","Grand Finale"],"picked":"Bullet Time","floor":16.0},{"not_picked":["Flying Knee","Dash+1","Sucker Punch"],"picked":"SKIP","floor":18.0},{"not_picked":["Well Laid Plans","Flying Knee"],"picked":"Endless Agony","floor":19.0},{"not_picked":["Poisoned Stab","Bouncing Flask","Blur"],"picked":"SKIP","floor":21.0},{"not_picked":["Poisoned Stab","Underhanded Strike","Dodge and Roll"],"picked":"SKIP","floor":22.0},{"not_picked":["Flying Knee","Poisoned Stab"],"picked":"Envenom","floor":24.0},{"not_picked":["PiercingWail","Deadly Poison","Masterful Stab"],"picked":"SKIP","floor":28.0},{"not_picked":["Quick Slash","Dodge and Roll"],"picked":"Backflip+1","floor":29.0},{"not_picked":["Infinite Blades+1","Slice"],"picked":"Distraction+1","floor":30.0},{"not_picked":["Malaise","Doppelganger"],"picked":"Envenom","floor":33.0},{"not_picked":["Escape Plan","PiercingWail"],"picked":"Catalyst+1","floor":35.0},{"not_picked":["Dodge and Roll","Cloak And Dagger"],"picked":"Infinite Blades","floor":36.0},{"not_picked":["Tools of the Trade","Poisoned Stab"],"picked":"Caltrops","floor":37},{"not_picked":["Impatience","Enlightenment"],"picked":"Metamorphosis","floor":38},{"not_picked":["Prepared+1","Endless Agony"],"picked":"Acrobatics+1","floor":39},{"not_picked":["Cloak And Dagger","Infinite Blades+1"],"picked":"Catalyst","floor":40}],"player_experience":550360,"relics_obtained":[{"floor":6.0,"key":"Ancient Tea Set"},{"floor":8.0,"key":"reliquary:RadioactivePellet"},{"floor":9.0,"key":"reliquary:Spinner"},{"floor":14.0,"key":"reliquary:TuningFork"},{"floor":24.0,"key":"Bottled Flame"},{"floor":26.0,"key":"MealTicket"},{"floor":30.0,"key":"Thread and Needle"},{"floor":39,"key":"reliquary:Pushpin"},{"floor":40,"key":"reliquary:HotPoker"}],"event_choices":[{"damage_healed":0.0,"max_hp_gain":0.0,"max_hp_loss":0.0,"gold_gain":0.0,"event_name":"betterThird:BetterSerpent","player_choice":"RENOUNCE","floor":2.0,"gold_loss":113.0,"damage_taken":113.0,"cards_obtained":["Enlightenment"]},{"cards_removed":["Enlightenment"],"damage_healed":0.0,"max_hp_gain":0.0,"max_hp_loss":0.0,"gold_gain":0.0,"event_name":"WeMeetAgain","player_choice":"Gave Card","floor":3.0,"gold_loss":0.0,"damage_taken":0.0,"relics_obtained":["The Courier"]},{"cards_removed":["Prepared"],"damage_healed":5.0,"max_hp_gain":0.0,"max_hp_loss":0.0,"gold_gain":0.0,"event_name":"Bonfire Elementals","player_choice":"Offered Common","floor":10.0,"gold_loss":0.0,"damage_taken":0.0},{"cards_removed":["Prepared"],"damage_healed":5.0,"max_hp_gain":0.0,"max_hp_loss":0.0,"gold_gain":0.0,"event_name":"Bonfire Elementals","player_choice":"Offered Special","floor":10.0,"gold_loss":0.0,"damage_taken":0.0},{"damage_healed":0.0,"max_hp_gain":0.0,"max_hp_loss":0.0,"gold_gain":0.0,"event_name":"Cursed Tome","player_choice":"Obtained Book","floor":27.0,"gold_loss":0.0,"damage_taken":16.0},{"damage_healed":71.0,"max_hp_gain":0.0,"max_hp_loss":0.0,"gold_gain":0.0,"event_name":"Wheel of Change","player_choice":"Full Heal","floor":31.0,"gold_loss":0.0,"damage_taken":0.0},{"damage_healed":0,"gold_gain":0,"player_choice":"Memory 1","damage_taken":0,"max_hp_gain":0,"max_hp_loss":0,"event_name":"SensoryStone","floor":38,"gold_loss":0},{"damage_healed":0,"gold_gain":0,"player_choice":"Fight","damage_taken":0,"max_hp_gain":0,"max_hp_loss":0,"event_name":"Mysterious Sphere","floor":39,"gold_loss":0}],"is_beta":false,"boss_relics":[{"not_picked":["Astrolabe","Tiny House"],"picked":"SlaversCollar"},{"not_picked":["reliquary:Craggleroot","Empty Cage"],"picked":"HoveringKite"}],"items_purged_floors":[],"is_endless":false,"potions_floor_spawned":[4,6,13,16,19,24,29,33,39,40],"killed_by":"Nemesis","ascension_level":3}}