{"host":"hahe3lxotqh08ugn","time":1614231601,"event":{"mods":["AchievementEnabler","BaseMod","Googly Eyes","Hermit","Minty Spire (QoL Compilation)","Quick Restart","StSLib","The Cursed","The Hierophant"],"gold_per_floor":[110,178,178,198,198,198,225,244,244,258,147,147,158,175,175,278,278,292,292,292,311,327,327,327,252,252,272,287,287,287,60,60,60,60],"floor_reached":33,"language":"ENG","playtime":1463,"items_purged":["Strike_G"],"score":360,"play_id":"ec6b1fcd-45c9-401a-8dd5-abd01124cfd2","local_time":"20210225004001","is_ascension_mode":true,"campfire_choices":[{"floor":6,"key":"REST"},{"floor":12,"key":"REST"},{"floor":15,"key":"REST"},{"floor":23,"key":"REST"},{"floor":32,"key":"REST"}],"circlet_count":0,"master_deck":["Defend_G+1","Defend_G+1","Defend_G+1","Defend_G+1","Defend_G+1","Survivor","Neutralize+1","Poisoned Stab","Terror","Poisoned Stab","PiercingWail+1","Caltrops","Dodge and Roll+1","Bane","Dodge and Roll+1","Dagger Spray","Noxious Fumes"],"relics":["Ring of the Snake","Ninja Scroll","Omamori","Toxic Egg 2","Philosopher\u0027s Stone","MutagenicStrength","Meat on the Bone","Juzu Bracelet"],"acts_visited":["Exordium","TheCity"],"potions_floor_usage":[7,16,30,30],"damage_taken":[{"damage":0,"enemies":"Cultist","floor":1,"turns":5},{"damage":0,"enemies":"Jaw Worm","floor":4,"turns":3},{"damage":21,"enemies":"3 Sentries","floor":7,"turns":13},{"damage":2,"enemies":"Small Slimes","floor":8,"turns":4},{"damage":13,"enemies":"Gremlin Gang","floor":10,"turns":5},{"damage":1,"enemies":"Blue Slaver","floor":13,"turns":3},{"damage":2,"enemies":"Lots of Slimes","floor":14,"turns":5},{"damage":51,"enemies":"Slime Boss","floor":16,"turns":14},{"damage":6,"enemies":"Chosen","floor":18,"turns":5},{"damage":2,"enemies":"2 Thieves","floor":21,"turns":4},{"damage":20,"enemies":"Snake Plant","floor":22,"turns":5},{"damage":25,"enemies":"Snecko","floor":27,"turns":6},{"damage":9,"enemies":"Shelled Parasite and Fungi","floor":28,"turns":7},{"damage":18,"enemies":"Gremlin Leader","floor":30,"turns":6},{"damage":59,"enemies":"Automaton","floor":33,"turns":6}],"seed_played":"-479989287458564287","potions_obtained":[{"floor":1,"key":"SmokeBomb"},{"floor":4,"key":"EssenceOfSteel"},{"floor":7,"key":"SmokeBomb"},{"floor":14,"key":"BlessingOfTheForge"},{"floor":21,"key":"LiquidBronze"}],"is_trial":false,"path_per_floor":["M","T","?","M","?","R","E","M","T","M","$","R","M","M","R","B",null,"M","?","?","M","M","R","?","?","T","M","M","?","E","$","R","B"],"character_chosen":"THE_SILENT","items_purchased":["Caltrops","Noxious Fumes","Juzu Bracelet"],"campfire_rested":5,"item_purchase_floors":[11,31,31],"current_hp_per_floor":[63,63,56,56,56,70,49,47,47,34,34,55,54,52,70,19,57,51,51,51,49,29,50,37,37,37,24,27,27,21,21,43,0,0],"gold":60,"neow_bonus":"UPGRADE_CARD","is_daily":false,"chose_seed":false,"campfire_upgraded":0,"win_rate":0.0,"timestamp":1614231601,"path_taken":["M","?","?","M","?","R","E","?","T","M","$","R","M","M","R","BOSS","M","?","?","M","?","R","?","?","T","M","M","?","E","?","R","BOSS"],"items_purchased_type":["Card","Card","Relic"],"build_version":"2020-12-22","purchased_purges":1,"victory":false,"max_hp_per_floor":[70,70,70,70,70,70,70,70,70,70,70,70,70,70,70,70,70,70,70,70,70,70,70,75,75,75,75,75,75,75,75,75,75,75],"card_choices":[{"not_picked":["Distraction","Deadly Poison"],"picked":"Poisoned Stab","floor":1},{"not_picked":["Slice","Dagger Spray"],"picked":"Terror","floor":4},{"not_picked":["Outmaneuver","Terror"],"picked":"Poisoned Stab","floor":7},{"not_picked":["Dagger Throw","Expertise","Eviscerate"],"picked":"SKIP","floor":8},{"not_picked":["Deadly Poison+1","Slice"],"picked":"PiercingWail+1","floor":10},{"not_picked":["Endless Agony","Dagger Throw","Predator"],"picked":"SKIP","floor":13},{"not_picked":["Storm of Steel+1","Sucker Punch","Eviscerate"],"picked":"SKIP","floor":14},{"not_picked":["Underhanded Strike+1","Slice"],"picked":"Dodge and Roll+1","floor":18},{"not_picked":["Choke","Dagger Throw+1"],"picked":"Bane","floor":21},{"not_picked":["Cloak And Dagger+1","Sucker Punch","Calculated Gamble+1"],"picked":"SKIP","floor":22},{"not_picked":["Acrobatics+1","A Thousand Cuts"],"picked":"Dodge and Roll+1","floor":27},{"not_picked":["Eviscerate+1","Cloak And Dagger+1"],"picked":"Dagger Spray","floor":28}],"player_experience":301395,"relics_obtained":[{"floor":2,"key":"Ninja Scroll"},{"floor":7,"key":"Omamori"},{"floor":9,"key":"Toxic Egg 2"},{"floor":26,"key":"Meat on the Bone"}],"event_choices":[{"cards_removed":["Strike_G"],"damage_healed":0,"gold_gain":0,"player_choice":"Card Removal","damage_taken":7,"max_hp_gain":0,"max_hp_loss":0,"event_name":"Golden Wing","floor":3,"gold_loss":0},{"cards_removed":["Strike_G"],"damage_healed":0,"gold_gain":0,"player_choice":"Purged","damage_taken":0,"max_hp_gain":0,"max_hp_loss":0,"event_name":"Purifier","floor":5,"gold_loss":0},{"damage_healed":0,"gold_gain":0,"player_choice":"Inject Mutagens","damage_taken":0,"relics_obtained":["MutagenicStrength"],"max_hp_gain":0,"max_hp_loss":0,"event_name":"Drug Dealer","floor":19,"gold_loss":0},{"cards_removed":["Strike_G"],"damage_healed":0,"gold_gain":0,"player_choice":"Offered Basic","damage_taken":0,"max_hp_gain":0,"max_hp_loss":0,"event_name":"Bonfire Elementals","floor":20,"gold_loss":0},{"damage_healed":0,"gold_gain":0,"player_choice":"Shed Blood","damage_taken":18,"max_hp_gain":5,"max_hp_loss":0,"event_name":"Forgotten Altar","floor":24,"gold_loss":0},{"cards_removed":["Strike_G"],"damage_healed":0,"gold_gain":0,"player_choice":"Gave Gold","damage_taken":0,"max_hp_gain":0,"max_hp_loss":0,"event_name":"Beggar","floor":25,"gold_loss":75},{"damage_healed":0,"gold_gain":0,"player_choice":"Simplicity","damage_taken":0,"max_hp_gain":0,"max_hp_loss":0,"event_name":"Back to Basics","floor":29,"gold_loss":0,"cards_upgraded":["Defend_G","Defend_G","Defend_G","Defend_G","Defend_G"]}],"is_beta":false,"boss_relics":[{"not_picked":["Snecko Eye","Coffee Dripper"],"picked":"Philosopher\u0027s Stone"}],"items_purged_floors":[11],"is_endless":false,"potions_floor_spawned":[1,4,7,14,21,27],"killed_by":"Automaton","ascension_level":7}}