{"host":"7am2it9afgpzdoy6","time":1614258909,"event":{"mods":["2.2 Compatiblity","ATMod(°¢èªMod)","Act Like it!","Aspiration","BaseMod","Become a monster °Ù±ä¹Ö","Colored Powertips","Conspire","Downfall","Friendly Minions","Gensokyo","Hubris","Infinite Spire","Koishi","Library of Ruina","Library of Ruina Extra","Lobotomy","LobotomyExtend","Minty Spire (QoL Compilation)","Quick Restart","Reimu£¨²©ÀöÁéÃÎ£©","Remilia£¨ÀÙÃ×ÀòÑÇ£©","Replay The Spire","RumiaBox-Â¶Ã×æ«µÄÉñÃØºÐ×Ó","Shop Mod","StSLib","The Jungle","Waifu the Spire","Wandering Minibosses","Yuyuko","[IsaacMod]ÒÔÈö¼âËþ","¡¾ÒÅÎï¿¨ÅÆ¡¿REMEMod"],"gold_per_floor":[116,41,41,41,116,116,116,134,134,147,167,595,42,56,56,181,181,181,181,0,0],"floor_reached":20,"language":"ZHS","playtime":2573,"items_purged":["LightDefense"],"score":187,"play_id":"5a5c0580-4e80-4a3b-a383-729c6639ee87","local_time":"20210225211509","is_ascension_mode":false,"campfire_choices":[{"data":"AutomatedMovement","floor":6,"key":"SMITH"},{"floor":15,"key":"DIG"}],"circlet_count":0,"master_deck":["Dodge","LightDefense","LightDefense","LightDefense","AT_EmpoweredMortalDraw+1","BloodySeventeenLaser","Outburst","AutomatedMovement+1","OSAHOGD","BiAn","Wellcheers","FieryBird","Reload","BiXi","Alriune","QuickAttack","HereticApostle","SuanNi","Bite","Bite","Bite","Bite","Bite"],"relics":["PageOfLibrarian","HushsDoor","AT_ATBox","REME_ComplimentaryCards","YumHeart","CogitoBucket","LetterFromLob","Golden Idol","InkBottle","wanderingMiniBosses:LockLocket","Pen Nib","hubris:EmptyBottle","MerchantsRug","AdjustmentMirror","PageOfUniverseFragment","Black Star"],"acts_visited":["Exordium","TheCity"],"potions_floor_usage":[12,16,16],"damage_taken":[{"damage":0,"enemies":"Small Slimes","floor":1,"turns":3},{"damage":5,"enemies":"Jaw Worm","floor":8,"turns":3},{"damage":0,"enemies":"2 Louse","floor":10,"turns":2},{"damage":0,"enemies":"2 Fungi Beasts","floor":11,"turns":4},{"damage":42,"enemies":"Looter","floor":12,"turns":21},{"damage":19,"enemies":"3 Louse","floor":14,"turns":5},{"damage":36,"enemies":"The Guardian","floor":16,"turns":10},{"damage":17,"enemies":"3 Byrds","floor":20,"turns":2}],"seed_played":"5435936867630332440","potions_obtained":[{"floor":1,"key":"Block Potion"},{"floor":10,"key":"Weak Potion"},{"floor":12,"key":"Reflective Coating"}],"is_trial":false,"path_per_floor":["M","$","?","?","?","R","?","M","T","M","M","M","$","M","R","B",null,"M","?","M"],"character_chosen":"Librarian","items_purchased":["AutomatedMovement","Pen Nib","hubris:EmptyBottle","MerchantsRug","BiXi"],"campfire_rested":0,"item_purchase_floors":[2,13,13,13,13],"current_hp_per_floor":[60,60,41,41,55,55,55,65,65,76,78,51,51,59,59,72,72,1,1,0,0],"gold":0,"neow_bonus":"","is_daily":false,"chose_seed":false,"campfire_upgraded":1,"win_rate":0.0,"timestamp":1614258909,"path_taken":["M","$","?","?","?","R","?","M","T","M","?","?","?","M","R","BOSS","M","?","M"],"items_purchased_type":["Card","Relic","Relic","Relic","Card"],"build_version":"2020-12-22","purchased_purges":1,"victory":false,"max_hp_per_floor":[76,76,76,76,76,76,76,76,76,78,78,78,78,78,76,76,76,1,1,1,1],"card_choices":[{"not_picked":["MHz","LaLuna","Murderer"],"picked":"Singing Bowl","floor":1},{"not_picked":["PuppetBlockade","Rampage_lor","TendonChords","Rewind","FaintMemories","HiddenBlade","CoordinatedAssault","EnergyCycle"],"picked":"Outburst","floor":1},{"not_picked":["VoidDream","UniverseFragment"],"picked":"OSAHOGD","floor":8},{"not_picked":["FrontalAssault","HandlingWork","DesperateStruggle","Overcharge","FleetEdge","SerpentSwordTechnique","AutomatedMovement","BackAttack"],"picked":"BiAn","floor":8},{"not_picked":["HappyTeddy","MeatLantern","PunishingBird"],"picked":"Singing Bowl","floor":10},{"not_picked":["CherryBlossoms","ShyLook"],"picked":"Wellcheers","floor":10},{"not_picked":["UpbeatPerformance","DefenseOrder","PreemptiveStrike","JiaoTu","ShrineToMusic","TimeForALittleTest","Rewind","Eject","Brawl"],"picked":"SKIP","floor":10},{"not_picked":["CrumblingArmor","LittlePrince"],"picked":"FieryBird","floor":11},{"not_picked":["Riposte","Diversion","BurningFlash","BackAttack","FieryWaltz","ShrineToMusic","Wallop_lor","SuanNi"],"picked":"Reload","floor":11},{"not_picked":["Murderer","PunishingBird","Scorched"],"picked":"Singing Bowl","floor":12},{"not_picked":["YoureTooSlow","PreemptiveStrike","SharpSwipe","HandleRequest","BindingChains","Tailoring","Leap_lor","TasteMyFlamingBat","FlashOfSunup"],"picked":"SKIP","floor":12},{"not_picked":["CherryBlossoms","WallGazer","HeroicMonk"],"picked":"Singing Bowl","floor":14},{"not_picked":["FairyFestival","WallGazer"],"picked":"Alriune","floor":14},{"not_picked":["FleetFootsteps","SinglePointStab","FlashOfSunup","SkyClearingCut","ViolentFlame","CoordinatedAssault","Reload","FleetEdge"],"picked":"QuickAttack","floor":14},{"not_picked":["CrumblingArmor","ShyLook","SpiderBud"],"picked":"Singing Bowl","floor":16},{"not_picked":["CrumblingArmor","RedShoes"],"picked":"WhiteNight","floor":16},{"not_picked":["GroundSmash","MirageStorm"],"picked":"SuanNi","floor":16}],"player_experience":245764,"relics_obtained":[{"floor":1,"key":"LetterFromLob"},{"floor":9,"key":"InkBottle"},{"floor":12,"key":"wanderingMiniBosses:LockLocket"},{"floor":15,"key":"PageOfUniverseFragment"}],"event_choices":[{"damage_healed":0,"gold_gain":0,"player_choice":"Take Damage","damage_taken":19,"relics_obtained":["Golden Idol"],"max_hp_gain":0,"max_hp_loss":0,"event_name":"Golden Idol","floor":3,"gold_loss":0},{"damage_healed":0,"gold_gain":0,"player_choice":"Grow","damage_taken":0,"max_hp_gain":0,"max_hp_loss":0,"event_name":"Living Wall","floor":4,"gold_loss":0,"cards_upgraded":["AT_EmpoweredMortalDraw"]},{"damage_healed":0,"gold_gain":75,"player_choice":"Gather Gold","damage_taken":11,"max_hp_gain":0,"max_hp_loss":0,"event_name":"World of Goop","floor":5,"gold_loss":0},{"damage_healed":0,"gold_gain":0,"player_choice":"Leave","damage_taken":0,"max_hp_gain":0,"max_hp_loss":0,"event_name":"conspire:Investor","floor":7,"gold_loss":0},{"damage_healed":0,"gold_gain":0,"player_choice":"Became a vampire","damage_taken":0,"max_hp_gain":0,"max_hp_loss":0,"event_name":"Vampires","floor":19,"gold_loss":0,"cards_obtained":["Bite","Bite","Bite","Bite","Bite"]}],"is_beta":false,"boss_relics":[{"not_picked":["hubris:CrackedHourglass","Snecko Eye"],"picked":"Black Star"},{"not_picked":[]}],"items_purged_floors":[13],"is_endless":false,"potions_floor_spawned":[1,10,12],"killed_by":"3 Byrds","ascension_level":0}}