{"host":"u5p72gjg7qm9i6r4","time":1614234048,"event":{"mods":["AchievementEnabler","BaseMod","Curses Come First","Highlight Path","Minty Spire (QoL Compilation)","Rare Cards Sparkle","StSLib"],"gold_per_floor":[115,115,125,137,153,153,182,196,246,273,273,273,273,293,293,293,293],"floor_reached":16,"language":"ENG","playtime":432,"items_purged":[],"score":182,"play_id":"e09ded1d-684b-4d60-a54d-386d8a3fb73f","local_time":"20210225002048","is_ascension_mode":true,"campfire_choices":[{"floor":6,"key":"REST"},{"floor":11,"key":"REST"},{"data":"Iron Wave","floor":13,"key":"SMITH"},{"data":"Bludgeon","floor":15,"key":"SMITH"}],"circlet_count":0,"master_deck":["Strike_R","Strike_R","Strike_R","Strike_R","Defend_R","Defend_R","Defend_R","Defend_R","Bash+1","Sword Boomerang","Iron Wave+1","Cleave","Cleave","Bludgeon+1"],"relics":["Burning Blood","Strawberry","Mummified Hand"],"acts_visited":["Exordium"],"potions_floor_usage":[7],"damage_taken":[{"damage":6,"enemies":"Cultist","floor":1,"turns":3},{"damage":7,"enemies":"Small Slimes","floor":3,"turns":3},{"damage":11,"enemies":"2 Louse","floor":4,"turns":3},{"damage":38,"enemies":"Gremlin Gang","floor":5,"turns":5},{"damage":32,"enemies":"Gremlin Nob","floor":7,"turns":4},{"damage":11,"enemies":"Blue Slaver","floor":8,"turns":4},{"damage":25,"enemies":"3 Sentries","floor":10,"turns":7},{"damage":5,"enemies":"2 Fungi Beasts","floor":14,"turns":4},{"damage":97,"enemies":"Hexaghost","floor":16,"turns":8}],"seed_played":"-372768092930902432","potions_obtained":[{"floor":1,"key":"Dexterity Potion"},{"floor":4,"key":"LiquidBronze"}],"is_trial":false,"path_per_floor":["M","?","M","M","M","R","E","M","T","E","R","?","R","M","R","B"],"character_chosen":"IRONCLAD","items_purchased":[],"campfire_rested":2,"item_purchase_floors":[],"current_hp_per_floor":[72,65,64,59,27,51,32,27,27,8,34,97,97,97,97,0,0],"gold":293,"neow_bonus":"UPGRADE_CARD","is_daily":false,"chose_seed":false,"campfire_upgraded":2,"win_rate":0.0,"timestamp":1614234048,"path_taken":["M","?","M","M","M","R","E","M","T","E","R","?","R","M","R","BOSS"],"items_purchased_type":[],"build_version":"2020-12-22","purchased_purges":0,"victory":false,"max_hp_per_floor":[80,80,80,80,80,80,87,87,87,87,87,97,97,97,97,97,97],"card_choices":[{"not_picked":["Seeing Red","Shockwave"],"picked":"Sword Boomerang","floor":1},{"not_picked":["Dual Wield","True Grit"],"picked":"Iron Wave","floor":3},{"not_picked":["Reckless Charge","Perfected Strike"],"picked":"Cleave","floor":4},{"not_picked":["Warcry","Fire Breathing","Perfected Strike"],"picked":"SKIP","floor":5},{"not_picked":["Entrench","Searing Blow","Shockwave"],"picked":"SKIP","floor":7},{"not_picked":["Warcry","Shockwave"],"picked":"Bludgeon","floor":8},{"not_picked":["Clothesline","Twin Strike"],"picked":"Cleave","floor":10},{"not_picked":["Shockwave","Pommel Strike"],"picked":"Bludgeon","floor":14}],"player_experience":168543,"relics_obtained":[{"floor":7,"key":"Strawberry"},{"floor":10,"key":"Mummified Hand"}],"event_choices":[{"cards_removed":["Strike_R"],"damage_healed":0,"gold_gain":0,"player_choice":"Card Removal","damage_taken":7,"max_hp_gain":0,"max_hp_loss":0,"event_name":"Golden Wing","floor":2,"gold_loss":0},{"cards_removed":["Bludgeon"],"damage_healed":53,"gold_gain":0,"player_choice":"Offered Rare","damage_taken":0,"max_hp_gain":10,"max_hp_loss":0,"event_name":"Bonfire Elementals","floor":12,"gold_loss":0}],"is_beta":false,"boss_relics":[],"items_purged_floors":[],"is_endless":false,"potions_floor_spawned":[1,4],"killed_by":"Hexaghost","ascension_level":8}}