{"host":"pzefa11dvor2x0v7","time":1614258649,"event":{"mods":["AchievementEnabler","BaseMod","Colored Powertips","Minty Spire (QoL Compilation)","Rare Cards Sparkle","StSLib"],"gold_per_floor":[111,122,122,138,10,41,53,53,98,124,184,184,194,206,206,284,284,295,295,83,99,99,99,99],"floor_reached":23,"language":"ENG","playtime":672,"items_purged":["Strike_B"],"score":402,"play_id":"d6122831-a0e1-4c36-8b8d-f1850be087e8","local_time":"20210225151049","is_ascension_mode":true,"campfire_choices":[{"data":"Static Discharge","floor":8,"key":"SMITH"},{"floor":12,"key":"REST"},{"floor":15,"key":"REST"}],"circlet_count":0,"master_deck":["AscendersBane","Zap+1","Dualcast","Sweeping Beam+1","Rebound","Seek","Streamline","Tempest","Static Discharge+1","Cold Snap","Turbo","Hyperbeam","Rip and Tear","Barrage","Multi-Cast","Chill","Auto Shields","Heatsinks","Stack","Go for the Eyes","Sweeping Beam"],"relics":["Cracked Core","Blue Candle","Boot","MealTicket","White Beast Statue","Pandora\u0027s Box","Medical Kit"],"acts_visited":["Exordium","TheCity"],"potions_floor_usage":[6,11,16,18,21],"damage_taken":[{"damage":2,"enemies":"Jaw Worm","floor":1,"turns":4},{"damage":0,"enemies":"Cultist","floor":2,"turns":2},{"damage":3,"enemies":"2 Louse","floor":4,"turns":2},{"damage":11,"enemies":"Gremlin Nob","floor":6,"turns":3},{"damage":7,"enemies":"Looter","floor":7,"turns":3},{"damage":20,"enemies":"3 Sentries","floor":10,"turns":5},{"damage":18,"enemies":"3 Sentries","floor":11,"turns":4},{"damage":13,"enemies":"Exordium Thugs","floor":13,"turns":3},{"damage":0,"enemies":"2 Fungi Beasts","floor":14,"turns":2},{"damage":25,"enemies":"The Guardian","floor":16,"turns":9},{"damage":22,"enemies":"2 Thieves","floor":18,"turns":2},{"damage":9,"enemies":"Spheric Guardian","floor":21,"turns":4},{"damage":35,"enemies":"Gremlin Leader","floor":23,"turns":2}],"seed_played":"-4933677110710103826","potions_obtained":[{"floor":1,"key":"LiquidMemories"},{"floor":6,"key":"Swift Potion"},{"floor":10,"key":"SteroidPotion"},{"floor":13,"key":"EssenceOfSteel"},{"floor":14,"key":"Regen Potion"},{"floor":16,"key":"BlessingOfTheForge"},{"floor":18,"key":"Block Potion"},{"floor":21,"key":"Strength Potion"}],"is_trial":false,"path_per_floor":["M","M","?","M","$","E","M","R","T","E","?","R","M","M","R","B",null,"M","?","$","M","?","E"],"character_chosen":"DEFECT","items_purchased":["Streamline","Medical Kit","Stack"],"campfire_rested":2,"item_purchase_floors":[5,20,20],"current_hp_per_floor":[62,62,62,59,59,48,41,41,41,21,3,24,11,11,32,22,59,37,27,42,33,33,0,0],"gold":99,"neow_bonus":"UPGRADE_CARD","is_daily":false,"chose_seed":false,"campfire_upgraded":1,"win_rate":0.0,"timestamp":1614258649,"path_taken":["M","M","?","?","?","E","M","R","T","E","?","R","M","M","R","BOSS","M","?","?","M","?","E"],"items_purchased_type":["Card","Relic","Card"],"build_version":"2020-12-22","purchased_purges":1,"victory":false,"max_hp_per_floor":[71,71,71,71,71,71,71,71,71,71,71,71,71,71,71,71,71,71,71,71,71,71,71,71],"card_choices":[{"not_picked":["Lockon","Compile Driver"],"picked":"Sweeping Beam","floor":1},{"not_picked":["Coolheaded","Gash"],"picked":"Rebound","floor":2},{"not_picked":["Storm","Turbo"],"picked":"Seek","floor":4},{"not_picked":["FTL","Reinforced Body"],"picked":"Tempest","floor":6},{"not_picked":["BootSequence","Sweeping Beam"],"picked":"Static Discharge","floor":7},{"not_picked":["Go for the Eyes","Sweeping Beam"],"picked":"Cold Snap","floor":10},{"not_picked":["Beam Cell","Tempest"],"picked":"Turbo","floor":11},{"not_picked":["Compile Driver","Melter","Hologram"],"picked":"SKIP","floor":13},{"not_picked":["Steam","Turbo","Beam Cell"],"picked":"SKIP","floor":14},{"not_picked":["Creative AI","Rainbow"],"picked":"Hyperbeam","floor":16},{"not_picked":["Rip and Tear","Cold Snap","Barrage"],"picked":"SKIP","floor":18},{"not_picked":["Redo","Sweeping Beam"],"picked":"Go for the Eyes","floor":21}],"player_experience":674960,"relics_obtained":[{"floor":6,"key":"Blue Candle"},{"floor":9,"key":"Boot"},{"floor":10,"key":"MealTicket"},{"floor":11,"key":"White Beast Statue"}],"event_choices":[{"damage_healed":0,"gold_gain":0,"player_choice":"Upgraded","damage_taken":0,"max_hp_gain":0,"max_hp_loss":0,"event_name":"Upgrade Shrine","floor":3,"gold_loss":0,"cards_upgraded":["Sweeping Beam"]},{"damage_healed":0,"gold_gain":30,"player_choice":"Searched \u00272\u0027 times","damage_taken":0,"max_hp_gain":0,"max_hp_loss":0,"event_name":"Dead Adventurer","floor":11,"gold_loss":0},{"damage_healed":0,"gold_gain":0,"player_choice":"Damaged","damage_taken":10,"max_hp_gain":0,"max_hp_loss":0,"event_name":"Wheel of Change","floor":19,"gold_loss":0},{"damage_healed":0,"gold_gain":0,"cards_transformed":["Meteor Strike"],"player_choice":"Transformed","damage_taken":0,"max_hp_gain":0,"max_hp_loss":0,"event_name":"Transmorgrifier","floor":22,"gold_loss":0,"cards_obtained":["Sweeping Beam"]}],"is_beta":false,"boss_relics":[{"not_picked":["Black Star","Nuclear Battery"],"picked":"Pandora\u0027s Box"}],"items_purged_floors":[5],"is_endless":false,"potions_floor_spawned":[1,6,10,13,14,16,18,21],"killed_by":"Gremlin Leader","ascension_level":20}}