{"host":"kzw87w9fb0mudblt","time":1614285445,"event":{"mods":["BaseMod","Colored Map","Minty Spire (QoL Compilation)","Replay The Spire","StSLib","SuperFastMode"],"gold_per_floor":[118,118,130,146,34,34,50,81,105,55,55,65,19,19,19,116,116,131,91,104,115,125,125,144,59,138,38,51,63,63,63,63,165,265,276,292,312,323,373,373,373,373],"floor_reached":41,"language":"ENG","playtime":4008,"items_purged":["Strike_P","Strike_P"],"score":572,"play_id":"81b48e02-f7df-4af3-a4a6-c5f64f11490e","local_time":"20210225213725","is_ascension_mode":false,"campfire_choices":[{"data":"Eruption","floor":6,"key":"SMITH"},{"data":"Replay:Vibes","floor":11,"key":"SMITH"},{"data":"Halt","floor":15,"key":"SMITH"},{"data":"Vault","floor":23,"key":"SMITH"},{"data":"LikeWater","floor":30,"key":"SMITH"},{"data":"FearNoEvil","floor":32,"key":"SMITH"},{"floor":40,"key":"REST"}],"circlet_count":0,"master_deck":["Defend_P","Defend_P","Defend_P","Defend_P","Eruption+1","Vigilance","EmptyFist","EmptyMind","FearNoEvil+1","Replay:Vibes+1","Halt+1","Vault+1","EmptyBody","FlurryOfBlows+1","LikeWater+1","DeusExMachina"],"relics":["PureWater","Bag of Marbles","Blood Vial","VioletLotus","ReplayTheSpireMod:TigerMarble","Pear","Replay:Wanted Poster","Durian"],"acts_visited":["Exordium","TheCity","TheBeyond"],"potions_floor_usage":[8,8,16,20,21,24,28,28,29,29,38,39,41],"damage_taken":[{"damage":4,"enemies":"Jaw Worm","floor":1,"turns":3},{"damage":0,"enemies":"Cultist","floor":3,"turns":2},{"damage":0,"enemies":"2 Louse","floor":4,"turns":2},{"damage":0,"enemies":"2 Fungi Beasts","floor":7,"turns":3},{"damage":5,"enemies":"Replay:BlueRogue","floor":8,"turns":4},{"damage":8,"enemies":"Exordium Thugs","floor":12,"turns":3},{"damage":12,"enemies":"Hexaghost","floor":16,"turns":14},{"damage":11,"enemies":"3 Byrds","floor":18,"turns":9},{"damage":0,"enemies":"2 Thieves","floor":20,"turns":5},{"damage":4,"enemies":"Centurion and Healer","floor":21,"turns":9},{"damage":0,"enemies":"Snake Plant","floor":22,"turns":4},{"damage":12,"enemies":"Chosen and Byrds","floor":24,"turns":5},{"damage":0,"enemies":"Snecko","floor":28,"turns":3},{"damage":0,"enemies":"Snake Plant","floor":29,"turns":4},{"damage":51,"enemies":"Pondfish","floor":33,"turns":19},{"damage":0,"enemies":"3 Shapes","floor":35,"turns":2},{"damage":33,"enemies":"Orb Walker","floor":36,"turns":4},{"damage":25,"enemies":"4 Shapes","floor":37,"turns":6},{"damage":14,"enemies":"Transient","floor":38,"turns":6},{"damage":26,"enemies":"Mind Bloom Boss Battle","floor":39,"turns":9},{"damage":40,"enemies":"Maw","floor":41,"turns":9}],"seed_played":"-6059243749240561957","potions_obtained":[{"floor":3,"key":"Elixir"},{"floor":4,"key":"Adrenaline Potion"},{"floor":7,"key":"FearPotion"},{"floor":19,"key":"SpeedPotion"},{"floor":19,"key":"Death Potion"},{"floor":19,"key":"DuplicationPotion"},{"floor":20,"key":"SteroidPotion"},{"floor":22,"key":"Strength Potion"},{"floor":24,"key":"Block Potion"},{"floor":28,"key":"LifebloodPotion"},{"floor":33,"key":"DuplicationPotion"},{"floor":35,"key":"Explosive Potion"},{"floor":39,"key":"Block Potion"}],"is_trial":false,"path_per_floor":["M","?","M","M","$","R","M","E","T","?","R","M","$","?","R","B",null,"M","?","M","M","M","R","M","?","T","$","M","M","R","?","R","B",null,"M","M","M","M","?","R","M"],"character_chosen":"WATCHER","items_purchased":["FearNoEvil","Halt"],"campfire_rested":1,"item_purchase_floors":[5,13],"current_hp_per_floor":[75,75,75,75,75,75,75,70,70,70,70,64,64,69,69,59,84,73,73,75,73,75,75,65,65,75,75,77,79,79,79,79,30,94,94,61,38,26,7,36,0,0],"gold":373,"neow_bonus":"TEN_PERCENT_HP_BONUS","is_daily":false,"chose_seed":false,"campfire_upgraded":6,"win_rate":0.0,"timestamp":1614285445,"path_taken":["M","?","M","M","$","R","M","E","T","?","R","?","?","?","R","BOSS","M","?","?","M","M","R","M","?","T","$","M","M","R","?","R","BOSS","M","M","M","M","?","R","M"],"items_purchased_type":["Card","Card"],"build_version":"2020-12-22","purchased_purges":2,"victory":false,"max_hp_per_floor":[79,79,79,79,79,79,79,79,79,79,79,79,79,84,84,84,84,84,84,84,84,84,84,84,84,94,94,94,94,94,94,94,94,94,94,94,94,94,99,99,99,99],"card_choices":[{"not_picked":["FlyingSleeves","Perseverance"],"picked":"EmptyFist","floor":1},{"not_picked":["InnerPeace","Indignation"],"picked":"EmptyMind","floor":3},{"not_picked":["Halt","JustLucky","Replay:Cycle"],"picked":"SKIP","floor":4},{"not_picked":["FlyingSleeves","Replay:ManipulateFuture","Replay:BluntJabs"],"picked":"SKIP","floor":7},{"not_picked":["CutThroughFate","FlurryOfBlows"],"picked":"Replay:Vibes","floor":8},{"not_picked":["Replay:AtTheReady","SashWhip","ClearTheMind"],"picked":"SKIP","floor":12},{"not_picked":["ConjureBlade","DeusExMachina"],"picked":"Vault","floor":16},{"not_picked":["ClearTheMind+1","Replay:Hum"],"picked":"EmptyBody","floor":18},{"not_picked":["ThirdEye","Halt","InnerPeace+1"],"picked":"SKIP","floor":20},{"not_picked":["BowlingBash","CrushJoints+1"],"picked":"FlurryOfBlows+1","floor":21},{"not_picked":["PathToVictory","Evaluate","FlyingSleeves"],"picked":"SKIP","floor":22},{"not_picked":["Replay:Hum","Replay:Cycle"],"picked":"LikeWater","floor":24},{"not_picked":["Study","JustLucky","Consecrate"],"picked":"SKIP","floor":28},{"not_picked":["CutThroughFate+1","EmptyMind","Collect+1"],"picked":"SKIP","floor":29},{"not_picked":["Brilliance","LessonLearned"],"picked":"DeusExMachina","floor":33},{"not_picked":["FollowUp","Study","Worship"],"picked":"SKIP","floor":35},{"not_picked":["PathToVictory+1","EmptyBody","Consecrate"],"picked":"SKIP","floor":36},{"not_picked":["ClearTheMind+1","Replay:AtTheReady","Consecrate+1"],"picked":"SKIP","floor":37},{"not_picked":["Pray","Replay:ManipulateFuture","Evaluate+1"],"picked":"SKIP","floor":38}],"player_experience":26517,"relics_obtained":[{"floor":8,"key":"Bag of Marbles"},{"floor":9,"key":"Blood Vial"},{"floor":26,"key":"Pear"},{"floor":39,"key":"Durian"}],"event_choices":[{"cards_removed":["Strike_P"],"damage_healed":0,"gold_gain":0,"player_choice":"Card Removal","damage_taken":0,"max_hp_gain":0,"max_hp_loss":0,"event_name":"The Cleric","floor":10,"gold_loss":50},{"damage_healed":0,"gold_gain":0,"player_choice":"Donut","damage_taken":0,"max_hp_gain":5,"max_hp_loss":0,"event_name":"Big Fish","floor":14,"gold_loss":0},{"damage_healed":0,"gold_gain":0,"player_choice":"Bought 3 Potions","damage_taken":0,"max_hp_gain":0,"max_hp_loss":0,"event_name":"The Woman in Blue","floor":19,"gold_loss":0},{"damage_healed":0,"gold_gain":0,"player_choice":"Obtained Relic","damage_taken":0,"relics_obtained":["ReplayTheSpireMod:TigerMarble"],"max_hp_gain":0,"max_hp_loss":0,"event_name":"Addict","floor":25,"gold_loss":85},{"damage_healed":0,"gold_gain":0,"player_choice":"Ignored","damage_taken":0,"max_hp_gain":0,"max_hp_loss":0,"event_name":"Ghosts","floor":31,"gold_loss":0},{"damage_healed":0,"gold_gain":0,"player_choice":"Fight","damage_taken":0,"max_hp_gain":0,"max_hp_loss":0,"event_name":"MindBloom","floor":39,"gold_loss":0}],"is_beta":false,"boss_relics":[{"not_picked":["Busted Crown","HolyWater"],"picked":"VioletLotus"},{"not_picked":["ReplayTheSpireMod:DimensionalGlitch","Replay:Bronze Core"],"picked":"Replay:Wanted Poster"}],"items_purged_floors":[5,27],"is_endless":false,"potions_floor_spawned":[3,4,7,20,22,24,28,33,35,39],"killed_by":"Maw","ascension_level":0}}