{"host":"rolltorest","time":1614222250,"event":{"mods":["BaseMod","Minty Spire (QoL Compilation)","Relic Stats","Slay the Relics Exporter","StSLib"],"gold_per_floor":[113,124,85,85,235,269,269,289,371,343,343,363,363,382,382,457,457,408,421,288,178,198,198,223,223,223,223,243,270,11,26,26,101,101,115,134,134,150,150,150],"floor_reached":39,"language":"ENG","playtime":1197,"items_purged":["Doubt","Strike_B"],"score":896,"play_id":"aeca66d4-2ca0-4822-8a55-55013d093f0f","local_time":"20210224190410","is_ascension_mode":true,"campfire_choices":[{"data":"Ball Lightning","floor":7,"key":"SMITH"},{"data":"Defragment","floor":11,"key":"SMITH"},{"data":"Hologram","floor":13,"key":"SMITH"},{"data":"Barrage","floor":15,"key":"SMITH"},{"floor":23,"key":"REST"},{"floor":25,"key":"REST"},{"floor":27,"key":"REST"},{"floor":32,"key":"REST"}],"circlet_count":0,"master_deck":["AscendersBane","Strike_B","Strike_B","Defend_B","Defend_B","Defend_B","Defend_B","Zap+1","Dualcast","Glacier","Reinforced Body+1","Ball Lightning+1","Defragment+1","Barrage+1","Hologram+1","Ball Lightning","Core Surge","BootSequence","Coolheaded","Lockon","Capacitor","Hologram","Consume","Loop","Echo Form","Self Repair"],"relics":["Cracked Core","NeowsBlessing","Potion Belt","Mummified Hand","SacredBark","Sundial","Akabeko","Mercury Hourglass","Membership Card","Nuclear Battery"],"acts_visited":["Exordium","TheCity","TheBeyond"],"potions_floor_usage":[14,19,24,28,29,33],"damage_taken":[{"damage":0,"enemies":"2 Louse","floor":1,"turns":1},{"damage":0,"enemies":"Jaw Worm","floor":2,"turns":1},{"damage":0,"enemies":"3 Sentries","floor":6,"turns":1},{"damage":0,"enemies":"Cultist","floor":8,"turns":3},{"damage":16,"enemies":"Exordium Thugs","floor":10,"turns":5},{"damage":0,"enemies":"Blue Slaver","floor":12,"turns":4},{"damage":2,"enemies":"2 Fungi Beasts","floor":14,"turns":4},{"damage":15,"enemies":"The Guardian","floor":16,"turns":12},{"damage":11,"enemies":"2 Thieves","floor":18,"turns":5},{"damage":7,"enemies":"3 Byrds","floor":19,"turns":7},{"damage":24,"enemies":"Snake Plant","floor":22,"turns":4},{"damage":30,"enemies":"Book of Stabbing","floor":24,"turns":7},{"damage":7,"enemies":"Cultist and Chosen","floor":28,"turns":5},{"damage":25,"enemies":"Slavers","floor":29,"turns":5},{"damage":0,"enemies":"Centurion and Healer","floor":31,"turns":7},{"damage":40,"enemies":"Automaton","floor":33,"turns":12},{"damage":6,"enemies":"Orb Walker","floor":35,"turns":3},{"damage":16,"enemies":"3 Darklings","floor":36,"turns":11},{"damage":33,"enemies":"Jaw Worm Horde","floor":38,"turns":6},{"damage":25,"enemies":"Spire Growth","floor":39,"turns":3}],"seed_played":"-680287676415780564","potions_obtained":[{"floor":1,"key":"Swift Potion"},{"floor":6,"key":"Fruit Juice"},{"floor":10,"key":"SpeedPotion"},{"floor":12,"key":"SkillPotion"},{"floor":22,"key":"DuplicationPotion"},{"floor":24,"key":"AttackPotion"},{"floor":38,"key":"Fire Potion"}],"is_trial":false,"path_per_floor":["M","M","$","?","?","E","R","M","T","M","R","M","R","M","R","B",null,"M","M","$","?","M","R","E","R","T","R","M","E","$","M","R","B",null,"M","M","?","M","M"],"character_chosen":"DEFECT","items_purchased":["Reinforced Body","Coolheaded","Membership Card","Consume"],"campfire_rested":4,"item_purchase_floors":[3,20,30,30],"current_hp_per_floor":[64,64,64,64,64,64,64,64,64,48,48,48,48,46,46,31,61,50,43,43,43,19,40,10,31,31,52,45,20,20,20,41,11,64,58,42,42,9,0,0],"gold":150,"neow_bonus":"THREE_ENEMY_KILL","is_daily":false,"chose_seed":false,"campfire_upgraded":4,"win_rate":0.0,"timestamp":1614222250,"path_taken":["M","M","$","?","?","E","R","M","T","M","R","M","R","M","R","BOSS","M","M","$","?","M","R","E","R","T","R","M","E","?","M","R","BOSS","M","M","?","M","M"],"items_purchased_type":["Card","Card","Relic","Card"],"build_version":"2020-12-18","purchased_purges":2,"victory":false,"max_hp_per_floor":[71,71,71,71,71,71,71,71,71,71,71,71,71,71,71,71,71,71,71,71,71,71,71,71,71,71,71,71,71,71,71,71,81,81,81,81,81,81,81,81],"relic_stats":{"counters":[20,106],"Mummified Hand":[32],"Sundial":[4],"obtain_stats":[{"Potion Belt":6,"NeowsBlessing":0,"Mummified Hand":9,"Sundial":24,"SacredBark":17,"Membership Card":30,"Cracked Core":0,"Akabeko":26,"Mercury Hourglass":29,"Nuclear Battery":34},{"Potion Belt":3,"NeowsBlessing":0,"Mummified Hand":4,"Sundial":12,"SacredBark":8,"Membership Card":14,"Cracked Core":0,"Akabeko":12,"Mercury Hourglass":14,"Nuclear Battery":16},{"Potion Belt":3,"NeowsBlessing":0,"Mummified Hand":6,"Sundial":54,"SacredBark":31,"Membership Card":64,"Cracked Core":0,"Akabeko":54,"Mercury Hourglass":64,"Nuclear Battery":83}],"Mercury Hourglass":[156]},"card_choices":[{"not_picked":["Tempest","Redo"],"picked":"Glacier","floor":1},{"not_picked":["Aggregate","Auto Shields","Gash"],"picked":"SKIP","floor":2},{"not_picked":["Sunder","Genetic Algorithm"],"picked":"Ball Lightning","floor":6},{"not_picked":["Chill","Stack"],"picked":"Defragment","floor":8},{"not_picked":["Turbo","Machine Learning"],"picked":"Barrage","floor":10},{"not_picked":["Redo","Streamline"],"picked":"Hologram","floor":12},{"not_picked":["Go for the Eyes","Fusion"],"picked":"Ball Lightning","floor":14},{"not_picked":["All For One","Machine Learning"],"picked":"Core Surge","floor":16},{"not_picked":["Gash","Beam Cell"],"picked":"BootSequence","floor":18},{"not_picked":["Sweeping Beam","Hologram","Rebound"],"picked":"SKIP","floor":19},{"not_picked":["Leap","Sweeping Beam"],"picked":"Lockon","floor":22},{"not_picked":["Genetic Algorithm","Gash"],"picked":"Capacitor","floor":24},{"not_picked":["Turbo","Rebound"],"picked":"Hologram","floor":28},{"not_picked":["Chaos","Steam","Rebound"],"picked":"SKIP","floor":29},{"not_picked":["Barrage+1","Rebound"],"picked":"Loop","floor":31},{"not_picked":["All For One","Buffer"],"picked":"Echo Form","floor":33},{"not_picked":["Auto Shields+1","Barrage","Beam Cell+1"],"picked":"SKIP","floor":35},{"not_picked":["Streamline+1","Force Field","Rebound"],"picked":"SKIP","floor":36},{"not_picked":["Chill","Gash+1"],"picked":"Self Repair","floor":38}],"player_experience":2031352,"relics_obtained":[{"floor":6,"key":"Potion Belt"},{"floor":9,"key":"Mummified Hand"},{"floor":24,"key":"Sundial"},{"floor":26,"key":"Akabeko"},{"floor":29,"key":"Mercury Hourglass"}],"event_choices":[{"damage_healed":0,"gold_gain":0,"player_choice":"Grow","damage_taken":0,"max_hp_gain":0,"max_hp_loss":0,"event_name":"Living Wall","floor":4,"gold_loss":0,"cards_upgraded":["Reinforced Body"]},{"damage_healed":0,"gold_gain":150,"player_choice":"AGREE","damage_taken":0,"max_hp_gain":0,"max_hp_loss":0,"event_name":"Liars Game","floor":5,"gold_loss":0,"cards_obtained":["Doubt"]},{"cards_removed":["Strike_B"],"damage_healed":0,"gold_gain":0,"player_choice":"Upgrade and Remove","damage_taken":0,"max_hp_gain":0,"max_hp_loss":0,"event_name":"Designer","floor":21,"gold_loss":110,"cards_upgraded":["Zap"]},{"damage_healed":0,"gold_gain":0,"player_choice":"Ignored","damage_taken":0,"max_hp_gain":0,"max_hp_loss":0,"event_name":"Mysterious Sphere","floor":37,"gold_loss":0}],"is_beta":true,"boss_relics":[{"not_picked":["Tiny House","Calling Bell"],"picked":"SacredBark"},{"not_picked":["Sozu","Astrolabe"],"picked":"Nuclear Battery"}],"items_purged_floors":[20,30],"is_endless":false,"potions_floor_spawned":[1,6,10,12,22,24,38],"killed_by":"Spire Growth","ascension_level":20}}