{"host":"5n1fl7z5i1vf7jan","time":1614224882,"event":{"mods":["BaseMod","Minty Spire (QoL Compilation)","Quick Restart","Relic Stats"],"gold_per_floor":[117,129,129,42,53,53,81,113,125,137,184,196,208,232,244,331,343,369,381,409,435,462,19,51,51,51,51,65,65,93,107,107,178,178,195,195,213,23,35,69,69,69,69],"floor_reached":42,"language":"ENG","playtime":2138,"items_purged":["Strike_B"],"score":1306,"play_id":"8ed314f2-926b-4152-8ea9-5d6dbec1f22f","local_time":"20210224194802","is_ascension_mode":true,"campfire_choices":[{"data":"Defragment","floor":6.0,"key":"SMITH"},{"data":"Zap","floor":10.0,"key":"SMITH"},{"data":"Coolheaded","floor":12.0,"key":"SMITH"},{"floor":15.0,"key":"REST"},{"data":"Biased Cognition","floor":25.0,"key":"SMITH"},{"floor":29.0,"key":"REST"},{"data":"Capacitor","floor":32.0,"key":"SMITH"},{"data":"Creative AI","floor":41,"key":"SMITH"}],"circlet_count":0,"master_deck":["AscendersBane","Strike_B","Defend_B","Defend_B","Defend_B","Defend_B","Zap+1","Dualcast","Cold Snap","Conserve Battery","Defragment+1","Cold Snap","Ball Lightning","Coolheaded+1","Go for the Eyes","Biased Cognition+1","Steam Power","Self Repair","Dark Shackles","Panacea","Capacitor+1","Conserve Battery","Creative AI+1","Force Field","Turbo","Steam+1","Consume"],"relics":["Cracked Core","Dream Catcher","MawBank","The Courier","Mango","Runic Pyramid","Incense Burner","Toy Ornithopter","Gremlin Horn","StrikeDummy","Cursed Key","Orrery","Pen Nib"],"acts_visited":["Exordium","TheCity","TheBeyond"],"potions_floor_usage":[39,40,42],"damage_taken":[{"damage":0.0,"enemies":"Small Slimes","floor":1.0,"turns":3.0},{"damage":7.0,"enemies":"Jaw Worm","floor":2.0,"turns":3.0},{"damage":1.0,"enemies":"Cultist","floor":5.0,"turns":3.0},{"damage":18.0,"enemies":"Lagavulin","floor":7.0,"turns":8.0},{"damage":5.0,"enemies":"Blue Slaver","floor":8.0,"turns":3.0},{"damage":17.0,"enemies":"Gremlin Nob","floor":11.0,"turns":4.0},{"damage":10.0,"enemies":"3 Louse","floor":14.0,"turns":3.0},{"damage":16.0,"enemies":"Slime Boss","floor":16.0,"turns":11.0},{"damage":0.0,"enemies":"Spheric Guardian","floor":18.0,"turns":4.0},{"damage":15.0,"enemies":"Shell Parasite","floor":20.0,"turns":6.0},{"damage":13.0,"enemies":"Snecko","floor":21.0,"turns":8.0},{"damage":12.0,"enemies":"Centurion and Healer","floor":22.0,"turns":9.0},{"damage":4.0,"enemies":"Book of Stabbing","floor":24.0,"turns":6.0},{"damage":13.0,"enemies":"Shelled Parasite and Fungi","floor":28.0,"turns":5.0},{"damage":1.0,"enemies":"Gremlin Leader","floor":30.0,"turns":7.0},{"damage":18.0,"enemies":"Snake Plant","floor":31.0,"turns":4.0},{"damage":9.0,"enemies":"Collector","floor":33.0,"turns":12.0},{"damage":33.0,"enemies":"3 Darklings","floor":35.0,"turns":5.0},{"damage":1.0,"enemies":"Orb Walker","floor":37.0,"turns":5.0},{"damage":22,"enemies":"4 Shapes","floor":39,"turns":8},{"damage":0,"enemies":"Giant Head","floor":40,"turns":11},{"damage":67,"enemies":"Reptomancer","floor":42,"turns":2}],"seed_played":"-457339300898157289","potions_obtained":[{"floor":1.0,"key":"Block Potion"},{"floor":5.0,"key":"SneckoOil"},{"floor":14.0,"key":"GamblersBrew"},{"floor":16.0,"key":"SpeedPotion"},{"floor":20.0,"key":"FearPotion"},{"floor":28.0,"key":"BlessingOfTheForge"},{"floor":30.0,"key":"PotionOfCapacity"},{"floor":37.0,"key":"SpeedPotion"},{"floor":39,"key":"Ancient Potion"}],"is_trial":false,"path_per_floor":["M","M","?","$","M","R","E","M","T","R","E","R","$","M","R","B",null,"M","?","M","M","M","$","E","R","T","?","M","R","E","M","R","B",null,"M","?","M","$","M","E","R","E"],"character_chosen":"DEFECT","items_purchased":["Defragment","Dark Shackles","Panacea","Incense Burner","FocusPotion","Orrery"],"campfire_rested":2,"item_purchase_floors":[4,23,23,23,23,38],"current_hp_per_floor":[64,57,57,57,56,56,38,33,33,33,30,30,30,20,45,29,71,71,71,56,43,31,31,34,34,34,34,33,58,64,53,53,56,78,52,52,58,58,48,60,60,0,0],"gold":69,"neow_bonus":"RANDOM_COMMON_RELIC","is_daily":false,"chose_seed":false,"campfire_upgraded":6,"win_rate":0.0,"timestamp":1614224882,"path_taken":["M","M","?","$","M","R","E","M","T","R","E","R","$","M","R","BOSS","M","?","M","?","M","$","E","R","T","?","M","R","E","M","R","BOSS","M","?","M","$","M","E","R","E"],"items_purchased_type":["Card","Card","Card","Relic","Potion","Relic"],"build_version":"2020-12-22","purchased_purges":1,"victory":false,"max_hp_per_floor":[71,71,71,71,71,71,71,71,71,71,85,85,85,85,85,85,85,85,85,85,85,85,85,85,85,85,85,85,85,85,85,85,85,85,85,85,85,85,85,85,85,85,85],"relic_stats":{"Dream Catcher":2,"Gremlin Horn":[15,15],"counters":[22,130],"Pen Nib":[0],"MawBank":192,"Cursed Key":0,"obtain_stats":[{"Gremlin Horn":26,"Mango":11,"The Courier":9,"Pen Nib":40,"Incense Burner":23,"MawBank":7,"Cursed Key":34,"Dream Catcher":0,"Orrery":38,"Cracked Core":0,"StrikeDummy":30,"Toy Ornithopter":24,"Runic Pyramid":17},{"Gremlin Horn":13,"Mango":6,"The Courier":5,"Pen Nib":21,"Incense Burner":12,"MawBank":4,"Cursed Key":17,"Dream Catcher":0,"Orrery":19,"Cracked Core":0,"StrikeDummy":15,"Toy Ornithopter":13,"Runic Pyramid":8},{"Gremlin Horn":71,"Mango":24,"The Courier":20,"Pen Nib":128,"Incense Burner":65,"MawBank":17,"Cursed Key":99,"Dream Catcher":0,"Orrery":109,"Cracked Core":0,"StrikeDummy":83,"Toy Ornithopter":71,"Runic Pyramid":38}],"Toy Ornithopter":25},"card_choices":[{"not_picked":["Static Discharge","Coolheaded"],"picked":"Cold Snap","floor":1.0},{"not_picked":["Chaos","Reinforced Body"],"picked":"Conserve Battery","floor":2.0},{"not_picked":["Beam Cell","Barrage"],"picked":"Cold Snap","floor":5.0},{"not_picked":["Chaos","Rebound"],"picked":"Ball Lightning","floor":7.0},{"not_picked":["Lockon","Conserve Battery","Recycle"],"picked":"SKIP","floor":8.0},{"not_picked":["Amplify","Conserve Battery"],"picked":"Coolheaded","floor":11.0},{"not_picked":["Turbo","Force Field"],"picked":"Go for the Eyes","floor":14.0},{"not_picked":["Meteor Strike","Multi-Cast"],"picked":"Biased Cognition","floor":16.0},{"not_picked":["Coolheaded","FTL","Steam Power"],"picked":"SKIP","floor":18.0},{"not_picked":["Go for the Eyes+1","Sunder","Redo"],"picked":"SKIP","floor":20.0},{"not_picked":["Hologram","Static Discharge","Go for the Eyes"],"picked":"SKIP","floor":21.0},{"not_picked":["Lockon","Barrage"],"picked":"Self Repair","floor":22.0},{"not_picked":["Rebound","Machine Learning","Conserve Battery"],"picked":"SKIP","floor":24.0},{"not_picked":["Darkness","Compile Driver","Coolheaded"],"picked":"SKIP","floor":28.0},{"not_picked":["Go for the Eyes","Coolheaded"],"picked":"Capacitor","floor":29.0},{"not_picked":["Go for the Eyes","Gash"],"picked":"Conserve Battery","floor":30.0},{"not_picked":["Coolheaded","Compile Driver","Self Repair"],"picked":"SKIP","floor":31.0},{"not_picked":["All For One","Hyperbeam"],"picked":"Creative AI","floor":33.0},{"not_picked":["Self Repair","Tempest+1","Gash+1"],"picked":"SKIP","floor":35.0},{"not_picked":["Gash","Ball Lightning"],"picked":"Force Field","floor":37.0},{"not_picked":["Aggregate","Gash"],"picked":"Turbo","floor":38.0},{"not_picked":["Conserve Battery","Tempest"],"picked":"Steam+1","floor":38.0},{"not_picked":["Stack","Beam Cell"],"picked":"Consume","floor":39},{"not_picked":["Rainbow","Reinforced Body","Sweeping Beam+1"],"picked":"SKIP","floor":40}],"player_experience":412714,"relics_obtained":[{"floor":7.0,"key":"MawBank"},{"floor":9.0,"key":"The Courier"},{"floor":11.0,"key":"Mango"},{"floor":24.0,"key":"Toy Ornithopter"},{"floor":26.0,"key":"Gremlin Horn"},{"floor":30.0,"key":"StrikeDummy"},{"floor":40,"key":"Pen Nib"}],"event_choices":[{"damage_healed":0.0,"max_hp_gain":0.0,"max_hp_loss":0.0,"gold_gain":0.0,"event_name":"The Cleric","player_choice":"Leave","floor":3.0,"gold_loss":0.0,"damage_taken":0.0},{"damage_healed":0.0,"max_hp_gain":0.0,"max_hp_loss":0.0,"gold_gain":0.0,"cards_transformed":["Strike_B"],"event_name":"Transmorgrifier","player_choice":"Transformed","floor":19.0,"gold_loss":0.0,"damage_taken":0.0,"cards_obtained":["Steam Power"]},{"damage_healed":0.0,"max_hp_gain":0.0,"max_hp_loss":0.0,"gold_gain":0.0,"event_name":"The Mausoleum","player_choice":"Ignored","floor":27.0,"gold_loss":0.0,"damage_taken":0.0},{"cards_removed":["Strike_B"],"damage_healed":0.0,"max_hp_gain":0.0,"max_hp_loss":0.0,"gold_gain":0.0,"event_name":"Falling","player_choice":"Removed Attack","floor":36.0,"gold_loss":0.0,"damage_taken":0.0}],"is_beta":false,"boss_relics":[{"not_picked":["Runic Dome","Sozu"],"picked":"Runic Pyramid"},{"not_picked":["Fusion Hammer","Snecko Eye"],"picked":"Cursed Key"}],"items_purged_floors":[38],"is_endless":false,"potions_floor_spawned":[1,5,14,16,20,21,28,30,31,37,39],"killed_by":"Reptomancer","ascension_level":20}}