{"host":"1bzbl1adcbkdzqlf","time":1614223349,"event":{"mods":["BaseMod","Minty Spire (QoL Compilation)","Slay the Relics Exporter"],"gold_per_floor":[118,393,146,161,177,177,204,224,277,277,312,312,129,129,129,203,203,216,233,233,246,246,246],"floor_reached":22,"language":"ENG","playtime":1514,"items_purged":["Regret","Strike_R"],"score":388,"play_id":"8d8b0be7-e437-47ec-ab52-39a3e458a6ae","local_time":"20210224212229","is_ascension_mode":true,"campfire_choices":[{"data":"Bash","floor":6.0,"key":"SMITH"},{"floor":10.0,"key":"REST"},{"floor":15.0,"key":"REST"}],"circlet_count":0,"master_deck":["AscendersBane","Strike_R","Strike_R","Strike_R","Strike_R","Defend_R+1","Defend_R","Defend_R","Defend_R","Bash+1","Second Wind","True Grit","Hemokinesis","Anger","True Grit+1","Iron Wave","Dual Wield","Flame Barrier","Juggernaut","Barricade+1","Body Slam+1"],"relics":["Burning Blood","Dream Catcher","Self Forming Clay","Akabeko","PreservedInsect","Shuriken","Busted Crown"],"acts_visited":["Exordium","TheCity"],"potions_floor_usage":[18,21,21],"damage_taken":[{"damage":11.0,"enemies":"Jaw Worm","floor":1.0,"turns":4.0},{"damage":7.0,"enemies":"Cultist","floor":4.0,"turns":4.0},{"damage":1.0,"enemies":"2 Louse","floor":5.0,"turns":3.0},{"damage":36.0,"enemies":"Gremlin Nob","floor":7.0,"turns":4.0},{"damage":4.0,"enemies":"2 Fungi Beasts","floor":8.0,"turns":4.0},{"damage":33.0,"enemies":"Lagavulin","floor":11.0,"turns":6.0},{"damage":30,"enemies":"The Guardian","floor":16,"turns":12},{"damage":22,"enemies":"2 Thieves","floor":18,"turns":4},{"damage":14,"enemies":"Spheric Guardian","floor":19,"turns":4},{"damage":37,"enemies":"Shelled Parasite and Fungi","floor":21,"turns":5},{"damage":10,"enemies":"Cultist and Chosen","floor":22,"turns":3}],"seed_played":"-5460270544098296447","potions_obtained":[{"floor":1.0,"key":"BloodPotion"},{"floor":11.0,"key":"Ancient Potion"},{"floor":16,"key":"Weak Potion"},{"floor":18,"key":"FearPotion"}],"is_trial":false,"path_per_floor":["M","?","$","M","M","R","E","M","T","R","E","?","$","?","R","B",null,"M","M","?","M","M"],"character_chosen":"IRONCLAD","items_purchased":["Dream Catcher","Flame Barrier"],"campfire_rested":2,"item_purchase_floors":[3,13],"current_hp_per_floor":[70,70,70,69,74,74,44,46,46,70,43,18,18,8,32,8,64,48,40,40,9,0,0],"gold":246,"neow_bonus":"TEN_PERCENT_HP_BONUS","is_daily":false,"chose_seed":false,"campfire_upgraded":1,"win_rate":0.0,"timestamp":1614223349,"path_taken":["M","?","$","M","M","R","E","?","T","R","E","?","$","?","R","BOSS","M","M","?","?","M"],"items_purchased_type":["Relic","Card"],"build_version":"2020-12-22","purchased_purges":2,"victory":false,"max_hp_per_floor":[82,82,82,82,82,82,82,82,82,82,82,82,82,82,82,82,82,82,82,82,82,82,82],"card_choices":[{"not_picked":["Feel No Pain","Warcry"],"picked":"Second Wind","floor":1.0},{"not_picked":["Thunderclap","Clothesline"],"picked":"True Grit","floor":4.0},{"not_picked":["Twin Strike","Bludgeon"],"picked":"Hemokinesis","floor":5.0},{"not_picked":["Seeing Red","Twin Strike"],"picked":"Anger","floor":7.0},{"not_picked":["Heavy Blade","Havoc"],"picked":"True Grit","floor":8.0},{"not_picked":["Thunderclap","Clash"],"picked":"Iron Wave","floor":10.0},{"not_picked":["Cleave","Twin Strike"],"picked":"Dual Wield","floor":11.0},{"not_picked":["Second Wind","Flex"],"picked":"Juggernaut","floor":15.0},{"not_picked":["Offering","Berserk"],"picked":"Barricade","floor":16},{"not_picked":[],"picked":"Body Slam+1","floor":18},{"not_picked":["Thunderclap"],"picked":"SKIP","floor":19},{"not_picked":["Body Slam"],"picked":"SKIP","floor":21}],"player_experience":541301,"relics_obtained":[{"floor":7.0,"key":"Self Forming Clay"},{"floor":9.0,"key":"Akabeko"},{"floor":11.0,"key":"PreservedInsect"}],"event_choices":[{"damage_healed":0.0,"max_hp_gain":0.0,"max_hp_loss":0.0,"gold_gain":275.0,"event_name":"Golden Shrine","player_choice":"Desecrate","floor":2.0,"gold_loss":0.0,"damage_taken":0.0,"cards_obtained":["Regret"]},{"damage_healed":0.0,"max_hp_gain":0.0,"max_hp_loss":0.0,"gold_gain":0.0,"event_name":"Shining Light","player_choice":"Entered Light","floor":12.0,"gold_loss":0.0,"damage_taken":25.0,"cards_upgraded":["True Grit","Defend_R"]},{"damage_healed":0.0,"max_hp_gain":0.0,"max_hp_loss":0.0,"gold_gain":0.0,"event_name":"Scrap Ooze","player_choice":"Success","floor":14.0,"gold_loss":0.0,"damage_taken":26.0,"relics_obtained":["Shuriken"]},{"damage_healed":0,"gold_gain":0,"player_choice":"Forge","damage_taken":0,"max_hp_gain":0,"max_hp_loss":0,"event_name":"Accursed Blacksmith","floor":20,"gold_loss":0,"cards_upgraded":["Barricade"]}],"is_beta":false,"boss_relics":[{"not_picked":["Black Star","SacredBark"],"picked":"Busted Crown"}],"items_purged_floors":[3,13],"is_endless":false,"potions_floor_spawned":[1,11,16,18],"killed_by":"Cultist and Chosen","ascension_level":20}}