{"host":"a1eatafr7pisesky","time":1614266603,"event":{"mods":["AchievementEnabler","BaseMod","Colored Map","Keyboard Shortcuts","Minty Spire (QoL Compilation)","Say the Spire","StSLib","SuperFastMode","everything is the same but u backflip on backflip"],"gold_per_floor":[366,376,0,0,23,23,36,36,36,36,36,36,36,67,67,143,143,162,162,62,82,82,116,129,129,129],"floor_reached":25,"language":"KOR","playtime":457,"items_purged":["Strike_G","Strike_G"],"score":448,"play_id":"dc3c2e00-cce4-402a-a7c4-a9467c129599","local_time":"20210226002323","is_ascension_mode":true,"campfire_choices":[{"floor":6.0,"key":"REST"},{"data":"Catalyst","floor":8.0,"key":"SMITH"},{"data":"Poisoned Stab","floor":12.0,"key":"SMITH"},{"data":"Bouncing Flask","floor":15.0,"key":"SMITH"}],"circlet_count":0,"master_deck":["AscendersBane","Strike_G","Strike_G","Defend_G","Defend_G","Defend_G","Defend_G","Defend_G","Survivor","Neutralize","Bouncing Flask+1","Catalyst+1","Backflip","Poisoned Stab+1","Die Die Die","Burst","Backflip","Deadly Poison+1","Catalyst+1","PiercingWail+1"],"relics":["Ring of the Snake","Meat on the Bone","Juzu Bracelet","Bird Faced Urn","Bronze Scales","Coffee Dripper","Toxic Egg 2","Shuriken"],"acts_visited":["Exordium","TheCity"],"potions_floor_usage":[25],"damage_taken":[{"damage":24.0,"enemies":"Jaw Worm","floor":1.0,"turns":8.0},{"damage":1.0,"enemies":"Cultist","floor":2.0,"turns":4.0},{"damage":0.0,"enemies":"2 Louse","floor":7.0,"turns":3.0},{"damage":18.0,"enemies":"Gremlin Nob","floor":14.0,"turns":3.0},{"damage":1.0,"enemies":"The Guardian","floor":16.0,"turns":6.0},{"damage":9.0,"enemies":"Shell Parasite","floor":18.0,"turns":4.0},{"damage":13.0,"enemies":"Chosen","floor":21.0,"turns":4.0},{"damage":36.0,"enemies":"Slavers","floor":23.0,"turns":6.0},{"damage":5.0,"enemies":"Snecko","floor":24.0,"turns":3.0},{"damage":22,"enemies":"Gremlin Leader","floor":25,"turns":2}],"seed_played":"5049335576120801442","potions_obtained":[{"floor":1.0,"key":"DuplicationPotion"},{"floor":7.0,"key":"Energy Potion"},{"floor":16.0,"key":"LiquidMemories"},{"floor":21.0,"key":"Weak Potion"},{"floor":24.0,"key":"DistilledChaos"}],"is_trial":false,"path_per_floor":["M","M","$","?","T","R","M","R","T","$","?","R","$","E","R","B",null,"M","T","$","M","?","E","M","E"],"character_chosen":"THE_SILENT","items_purchased":["Backflip","Meat on the Bone"],"campfire_rested":1,"item_purchase_floors":[3,3],"current_hp_per_floor":[20,19,19,19,19,38,38,38,38,38,38,38,38,32,32,43,60,51,51,51,38,38,14,21,0,0],"gold":129,"neow_bonus":"TWO_FIFTY_GOLD","is_daily":false,"chose_seed":false,"campfire_upgraded":3,"win_rate":0.0,"timestamp":1614266603,"path_taken":["M","M","$","?","?","R","M","R","T","$","?","R","?","E","R","BOSS","M","?","$","M","?","E","M","E"],"items_purchased_type":["Card","Relic"],"build_version":"2020-12-22","purchased_purges":2,"victory":false,"max_hp_per_floor":[66,66,66,66,66,66,66,66,66,66,66,66,66,66,66,66,66,66,66,66,66,66,66,66,66,66],"card_choices":[{"not_picked":["Deadly Poison","Concentrate"],"picked":"Bouncing Flask","floor":1.0},{"not_picked":["Deflect","Outmaneuver"],"picked":"Catalyst","floor":2.0},{"not_picked":["Footwork","Dagger Spray"],"picked":"Poisoned Stab","floor":7.0},{"not_picked":["Cloak And Dagger","Flying Knee"],"picked":"Die Die Die","floor":14.0},{"not_picked":["A Thousand Cuts","Malaise"],"picked":"Burst","floor":16.0},{"not_picked":["Prepared","Dagger Throw"],"picked":"Backflip","floor":18.0},{"not_picked":["Escape Plan+1","Backstab"],"picked":"Deadly Poison+1","floor":21.0},{"not_picked":["Dodge and Roll+1","Slice","Well Laid Plans"],"picked":"SKIP","floor":23.0},{"not_picked":["Endless Agony","Quick Slash+1"],"picked":"PiercingWail+1","floor":24.0}],"player_experience":497944,"relics_obtained":[{"floor":5.0,"key":"Juzu Bracelet"},{"floor":9.0,"key":"Bird Faced Urn"},{"floor":14.0,"key":"Bronze Scales"},{"floor":19.0,"key":"Toxic Egg 2"},{"floor":23.0,"key":"Shuriken"}],"event_choices":[{"damage_healed":0.0,"max_hp_gain":0.0,"max_hp_loss":0.0,"gold_gain":0.0,"event_name":"Shining Light","player_choice":"Ignored","floor":4.0,"gold_loss":0.0,"damage_taken":0.0},{"cards_removed":["Strike_G"],"damage_healed":0.0,"max_hp_gain":0.0,"max_hp_loss":0.0,"gold_gain":0.0,"event_name":"Purifier","player_choice":"Purged","floor":11.0,"gold_loss":0.0,"damage_taken":0.0},{"damage_healed":0.0,"max_hp_gain":0.0,"max_hp_loss":0.0,"gold_gain":0.0,"event_name":"The Library","player_choice":"Read","floor":22.0,"gold_loss":0.0,"damage_taken":0.0,"cards_obtained":["Catalyst"]}],"is_beta":false,"boss_relics":[{"not_picked":["Runic Dome","Ring of the Serpent"],"picked":"Coffee Dripper"}],"items_purged_floors":[3,20],"is_endless":false,"potions_floor_spawned":[1,7,16,21,24],"killed_by":"Gremlin Leader","ascension_level":17}}