{"host":"ayh4nqhr0ddw4ozv","time":1614229887,"event":{"mods":["BaseMod","Minty Spire (QoL Compilation)","Relic Stats","Replay The Spire","Robot Space Explorer","StSLib"],"gold_per_floor":[111,125,125,125,139,170,196,196,221,269,284,313,313,344,344,352,352],"floor_reached":16,"language":"ENG","playtime":616,"items_purged":[],"score":232,"play_id":"96c5592e-84cd-484c-a2e5-66c3e61c673f","local_time":"20210224211127","is_ascension_mode":true,"campfire_choices":[{"data":"Immolate","floor":8,"key":"SMITH"},{"data":"Bash","floor":13,"key":"SMITH"},{"data":"Evolve","floor":15,"key":"SMITH"}],"circlet_count":0,"master_deck":["AscendersBane","Strike_R","Strike_R","Strike_R","Strike_R","Strike_R","Defend_R","Defend_R","Defend_R","Defend_R","Bash+1","Immolate+1","Run Through","Thunderclap","Carnage","Pommel Strike","Power Through","Evolve+1","Feel No Pain"],"relics":["Burning Blood","Replay:Bandana","Centennial Puzzle","Nunchaku","Question Card"],"acts_visited":["Exordium"],"potions_floor_usage":[6,10,12,16,16],"damage_taken":[{"damage":0,"enemies":"2 Louse","floor":1,"turns":2},{"damage":6,"enemies":"Cultist","floor":2,"turns":3},{"damage":2,"enemies":"Jaw Worm","floor":5,"turns":3},{"damage":40,"enemies":"Lagavulin","floor":6,"turns":7},{"damage":11,"enemies":"Blue Slaver","floor":7,"turns":3},{"damage":5,"enemies":"3 Sentries","floor":10,"turns":3},{"damage":0,"enemies":"Looter","floor":11,"turns":2},{"damage":23,"enemies":"Lagavulin","floor":12,"turns":6},{"damage":2,"enemies":"Lots of Slimes","floor":14,"turns":2},{"damage":23,"enemies":"The Guardian","floor":16,"turns":8}],"seed_played":"-5313889680772298617","potions_obtained":[{"floor":2,"key":"BlessingOfTheForge"},{"floor":4,"key":"Flashbang"},{"floor":4,"key":"AttackPotion"},{"floor":6,"key":"Doom Potion"},{"floor":11,"key":"PowerPotion"},{"floor":14,"key":"Swift Potion"}],"is_trial":false,"path_per_floor":["M","M","?","?","M","E","M","R","T","E","M","E","R","M","R","B"],"character_chosen":"IRONCLAD","items_purchased":[],"campfire_rested":0,"item_purchase_floors":[],"current_hp_per_floor":[68,68,68,68,68,34,29,29,29,30,36,19,19,23,23,0,0],"gold":352,"neow_bonus":"THREE_RARE_CARDS","is_daily":false,"chose_seed":false,"campfire_upgraded":3,"win_rate":0.0,"timestamp":1614229887,"path_taken":["M","M","?","?","M","E","M","R","T","E","M","E","R","M","R","BOSS"],"items_purchased_type":[],"build_version":"2020-12-22","purchased_purges":0,"victory":false,"max_hp_per_floor":[68,68,68,68,68,68,68,68,68,68,68,68,68,68,68,68,68],"relic_stats":{"Centennial Puzzle":[12],"Nunchaku":[2],"counters":[10,39],"Question Card":1,"obtain_stats":[{"Replay:Bandana":6,"Centennial Puzzle":9,"Nunchaku":10,"Question Card":12,"Burning Blood":0},{"Replay:Bandana":4,"Centennial Puzzle":5,"Nunchaku":6,"Question Card":8,"Burning Blood":0},{"Replay:Bandana":15,"Centennial Puzzle":18,"Nunchaku":21,"Question Card":29,"Burning Blood":0}],"Burning Blood":44},"card_choices":[{"not_picked":["Corruption","Eclipse"],"picked":"Immolate","floor":0},{"not_picked":["Wild Strike","Seeing Red"],"picked":"Run Through","floor":1},{"not_picked":["Infernal Blade","Clash"],"picked":"Thunderclap","floor":2},{"not_picked":["Entrench","Clash","ReplayTheSpireMod:LeadingStrike"],"picked":"SKIP","floor":5},{"not_picked":["Entrench","Clash","ReplayTheSpireMod:LeadingStrike"],"picked":"SKIP","floor":5},{"not_picked":["Thunderclap","Blood for Blood"],"picked":"Carnage","floor":6},{"not_picked":["Eclipse","Wild Strike"],"picked":"Pommel Strike","floor":7},{"not_picked":["Pommel Strike","Rage"],"picked":"Power Through","floor":10},{"not_picked":["Cleave","Infernal Blade"],"picked":"Evolve","floor":11},{"not_picked":["Run Through","ReplayTheSpireMod:Strike From Hell","Rage"],"picked":"SKIP","floor":12},{"not_picked":["Cleave","Heavy Blade","Anger"],"picked":"Feel No Pain","floor":14}],"player_experience":452956,"relics_obtained":[{"floor":6,"key":"Replay:Bandana"},{"floor":9,"key":"Centennial Puzzle"},{"floor":10,"key":"Nunchaku"},{"floor":12,"key":"Question Card"}],"event_choices":[{"damage_healed":0,"gold_gain":0,"player_choice":"Ignored","damage_taken":0,"max_hp_gain":0,"max_hp_loss":0,"event_name":"Liars Game","floor":3,"gold_loss":0},{"damage_healed":0,"gold_gain":0,"player_choice":"Got Potions","damage_taken":0,"max_hp_gain":0,"max_hp_loss":0,"event_name":"Lab","floor":4,"gold_loss":0}],"is_beta":false,"boss_relics":[],"items_purged_floors":[],"is_endless":false,"potions_floor_spawned":[2,5,6,11,14],"killed_by":"The Guardian","ascension_level":18}}