{"host":"dzvdy2cvkhifjmvi","time":1614214962,"event":{"mods":["BaseMod","Downfall","Infinite Spire","Marisa????????","Minty Spire (QoL Compilation)","Replay The Spire","StSLib","The Cursed","The Disciple","The Servant 0.9.4"],"gold_per_floor":[99,119,269,283,294,307,307,321,339,324,124,138,138,138,155,250,250,250,261,274,274,288,288,288,288,273,273,273,273],"floor_reached":27,"language":"ENG","playtime":2712,"items_purged":[],"score":232,"play_id":"ea8bdd44-1142-40da-8c95-0b6a9646fcc5","local_time":"20210224180242","is_ascension_mode":false,"campfire_choices":[{"floor":1,"key":"RECALL"},{"data":"hexamod:CatchUp","floor":11,"key":"SMITH"},{"data":"hexamod:BurningTouch","floor":13,"key":"SMITH"},{"data":"ReplayTheSpireMod:Book of Names","floor":18,"key":"SMITH"},{"data":"hexamod:HexaLevel","floor":23,"key":"SMITH"}],"circlet_count":0,"master_deck":["hexamod:Strike","hexamod:Strike","hexamod:Strike","hexamod:Defend","hexamod:Defend","hexamod:Defend","hexamod:Defend","hexamod:Sear","hexamod:Float","hexamod:DynamicBlow","downfall:Icky","hexamod:RadiantFlame","hexamod:FastForward","hexamod:BurningTouch+1","hexamod:CatchUp+1","hexamod:InspiringFlames","ReplayTheSpireMod:Book of Names+1","hexamod:FastForward","hexamod:HexaLevel+1","hexamod:InspiringFlames+1","hexamod:ExtraCrispy","hexamod:HeatCrush","hexamod:Incineration","hexamod:HeatCrush"],"relics":["hexamod:SpiritBrand","downfall:HeartBlessingRed","downfall:HeartBlessingBlue","Ring of Chaos","downfall:RedIOU"],"acts_visited":["Exordium","TheCity"],"potions_floor_usage":[12,16],"damage_taken":[{"damage":0,"enemies":"Cultist","floor":2,"turns":3},{"damage":1,"enemies":"Jaw Worm","floor":4,"turns":3},{"damage":0,"enemies":"2 Louse","floor":5,"turns":3},{"damage":5,"enemies":"downfall:LooterAlt","floor":6,"turns":4},{"damage":4,"enemies":"3 Louse","floor":8,"turns":4},{"damage":18,"enemies":"Large Slime","floor":9,"turns":5},{"damage":0,"enemies":"downfall:FleeingMerchant","floor":10,"turns":4},{"damage":7,"enemies":"Exordium Thugs","floor":12,"turns":4},{"damage":2,"enemies":"Exordium Wildlife","floor":15,"turns":3},{"damage":17,"enemies":"IC_STATUS_ARCHETYPE","floor":16,"turns":6},{"damage":25,"enemies":"3 Byrds","floor":19,"turns":5},{"damage":9,"enemies":"Chosen","floor":20,"turns":6},{"damage":15,"enemies":"Centurion and Healer","floor":22,"turns":5},{"damage":0,"enemies":"downfall:FleeingMerchant","floor":26,"turns":4},{"damage":40,"enemies":"Nightmare","floor":27,"turns":5}],"seed_played":"6538436222161210809","potions_obtained":[{"floor":2,"key":"SteroidPotion"},{"floor":4,"key":"Block Potion"},{"floor":12,"key":"GamblersBrew"},{"floor":20,"key":"hexamod:InfernoChargePotion"},{"floor":22,"key":"CultistPotion"}],"is_trial":false,"path_per_floor":["R","M","?","M","M","M","T","M","M","$","R","M","R","?","M","B",null,"R","M","M","?","M","R","T","?","$","NM"],"character_chosen":"THE_SPIRIT","items_purchased":[],"campfire_rested":0,"item_purchase_floors":[],"current_hp_per_floor":[77,77,77,76,76,71,71,67,49,49,59,52,52,31,29,12,87,87,62,53,53,38,38,38,38,38,0,0,0],"gold":273,"neow_bonus":"TEN_PERCENT_HP_BONUS","is_daily":false,"chose_seed":false,"campfire_upgraded":4,"win_rate":0.0,"timestamp":1614214962,"path_taken":["R","M","?","M","M","M","T","M","M","$","R","M","R","?","M","BOSS","R","M","M","?","?","R","T","?","$","NM"],"items_purchased_type":[],"build_version":"2020-12-22","purchased_purges":0,"victory":false,"max_hp_per_floor":[77,77,77,77,77,77,77,77,77,77,87,87,87,87,87,87,87,87,87,87,87,87,87,87,87,87,87,87,87],"card_choices":[{"not_picked":["hexamod:HeatMetal","hexamod:AdvancingGuard"],"picked":"hexamod:DynamicBlow","floor":2},{"not_picked":["hexamod:ExtraCrispy","hexamod:ShieldOfDarkness"],"picked":"hexamod:RadiantFlame","floor":4},{"not_picked":["hexamod:HeatMetal","hexamod:ThermalTransfer","hexamod:NightmareStrike"],"picked":"SKIP","floor":5},{"not_picked":["hexamod:Firestarter","hexamod:ParanormalForm"],"picked":"hexamod:FastForward","floor":6},{"not_picked":["hexamod:NightmareGuise","hexamod:SpectersWail"],"picked":"hexamod:BurningTouch","floor":8},{"not_picked":["hexamod:SpectersWail","hexamod:Firestarter"],"picked":"hexamod:CatchUp","floor":9},{"not_picked":["hexamod:GhostShield","hexamod:BurningTouch","hexamod:HeatMetal"],"picked":"SKIP","floor":10},{"not_picked":["hexamod:BacktrackSmack","hexamod:GhostShield"],"picked":"hexamod:InspiringFlames","floor":12},{"not_picked":["Replay:Fractal Strike","infinitespire:DeathsTouch"],"picked":"ReplayTheSpireMod:Book of Names","floor":14},{"not_picked":["hexamod:HauntingEcho","hexamod:SpectralAdrenaline"],"picked":"hexamod:FastForward","floor":15},{"not_picked":["hexamod:FifthSeal","hexamod:UnlimitedPower"],"picked":"hexamod:HexaLevel","floor":16},{"not_picked":["hexamod:BurningTouch+1","hexamod:FastForward+1"],"picked":"hexamod:InspiringFlames+1","floor":19},{"not_picked":["hexamod:RadiantFlame","hexamod:HauntingEcho"],"picked":"hexamod:ExtraCrispy","floor":20},{"not_picked":["hexamod:ThermalTransfer","hexamod:HeatMetal"],"picked":"hexamod:Incineration","floor":22},{"not_picked":["hexamod:HauntingEcho+1","hexamod:DynamicBlow+1"],"picked":"hexamod:HeatCrush","floor":26}],"player_experience":1424410,"relics_obtained":[{"floor":24,"key":"infinitespire:Eraser"}],"event_choices":[],"is_beta":false,"boss_relics":[{"not_picked":["ReplayTheSpireMod:SealedPack","Philosopher\u0027s Stone"],"picked":"Ring of Chaos"}],"items_purged_floors":[],"is_endless":false,"potions_floor_spawned":[2,4,12,20,22],"killed_by":"Nightmare","ascension_level":0}}