{"host":"5m2js577gj4e7pak","time":1614221827,"event":{"mods":["AchievementEnabler","Act Like it!","BaseMod","Better Match","Better Note","Better Third Choice","BetterRewards","Colored Map","Colored Powertips","Highlight Path","Library of Ruina","Library of Ruina Extra","Minty Spire (QoL Compilation)","Quick Restart","Remove Card Discount Mod","Ruina","Shop Mod","Spicy Shops","StSLib"],"gold_per_floor":[365,390,34,53,18,18,29,64,64,92,102,100,125,125,125,227,227,242,0,19,32,24,24,54,64,64,64,77,77,104,29,29,129,129,140,154,454,472,489,489,517,536,586,604,604,615,625,654,654,654],"floor_reached":51,"language":"ENG","playtime":1827,"items_purged":["Regret","BackAttack","LightAttack","LightAttack","LightAttack"],"score":921,"play_id":"2bf27e18-0e17-4071-9d0f-3779a3fa6440","local_time":"20210225035707","is_ascension_mode":true,"campfire_choices":[{"data":"EnergyShield","floor":6,"key":"SMITH"},{"data":"RipSpace","floor":15,"key":"SMITH"},{"data":"Commandeering","floor":23,"key":"SMITH"},{"data":"TrashDisposal","floor":27,"key":"SMITH"},{"data":"Ripple","floor":29,"key":"SMITH"},{"data":"Metamorphosis","floor":32,"key":"SMITH"},{"data":"Commandeering","floor":40,"key":"SMITH"},{"data":"RipSpace","floor":45,"key":"SMITH"},{"data":"SavageMode","floor":49,"key":"SMITH"}],"circlet_count":0,"master_deck":["Dodge","LightDefense","LightDefense","LightDefense","LightDefense","ChargeAndCover","FocusedStrikes","SpearedSweep","EnergyShield+1","EnergyCycle","EnergyShield","BulkyImpact","Ripple+1","RipSpace+1","EmotionalTurbulence","Commandeering+1","Unlock1","QuickSuppression+1","TrashDisposal+1","Faith","NonstopAssault+1","Commandeering+1","SavageMode+1","Metamorphosis+1","RipSpace+1","QuickSuppression","EnergyCycle+1","PinpointShot+1","BattleCommand","Overcharge+1","DimensionalRift","SinglePointStab+1"],"relics":["PageOfLibrarian","Centennial Puzzle","PageOfForsakenMurderer","Vajra","Ginger","HornCleat","White Beast Statue","Odd Mushroom","Sundial","Black Star","PageOfBigBird","Eternal Feather","Kunai","PageOfWrath","PageOfTheQueenOfHatred","Omamori","Busted Crown","PageOfTheKnightOfDespair","PageOfScarecrow","PageOfGreed","PageOfNihil","PreservedInsect","PageOfPinocchio"],"acts_visited":["Exordium","Exordium","TheBeyond"],"potions_floor_usage":[41,44,44,51,51],"damage_taken":[{"damage":4,"enemies":"Cultist","floor":1,"turns":3},{"damage":0,"enemies":"Small Slimes","floor":4,"turns":2},{"damage":0,"enemies":"2 Louse","floor":7,"turns":2},{"damage":23,"enemies":"Lagavulin","floor":8,"turns":7},{"damage":2,"enemies":"Gremlin Nob","floor":10,"turns":4},{"damage":0,"enemies":"2 Fungi Beasts","floor":11,"turns":2},{"damage":0,"enemies":"The Mushroom Lair","floor":13,"turns":2},{"damage":16,"enemies":"Hexaghost","floor":16,"turns":8},{"damage":0,"enemies":"ruina:Nosferatu","floor":18,"turns":4},{"damage":2,"enemies":"ruina:2_Scarecrows","floor":20,"turns":4},{"damage":2,"enemies":"ruina:KingOfGreed","floor":21,"turns":2},{"damage":0,"enemies":"ruina:ServantOfWrath","floor":24,"turns":5},{"damage":1,"enemies":"ruina:QueenOfHate","floor":25,"turns":3},{"damage":0,"enemies":"ruina:KnightOfDespair","floor":28,"turns":3},{"damage":12,"enemies":"ruina:RoadHome","floor":30,"turns":4},{"damage":19,"enemies":"ruina:Red_and_Wolf","floor":33,"turns":8},{"damage":0,"enemies":"Orb Walker","floor":35,"turns":3},{"damage":8,"enemies":"3 Shapes","floor":36,"turns":2},{"damage":3,"enemies":"Sphere and 2 Shapes","floor":38,"turns":3},{"damage":0,"enemies":"4 Shapes","floor":39,"turns":2},{"damage":45,"enemies":"Giant Head","floor":41,"turns":8},{"damage":0,"enemies":"3 Darklings","floor":42,"turns":2},{"damage":51,"enemies":"Nemesis","floor":44,"turns":6},{"damage":14,"enemies":"Writhing Mass","floor":46,"turns":3},{"damage":9,"enemies":"4 Shapes","floor":47,"turns":2},{"damage":46,"enemies":"Nemesis","floor":48,"turns":7},{"damage":8,"enemies":"Donu and Deca","floor":50,"turns":7}],"seed_played":"7373540889657691133","potions_obtained":[{"floor":7,"key":"SmokeBomb"},{"floor":10,"key":"Dexterity Potion"},{"floor":11,"key":"LiquidBronze"},{"floor":16,"key":"PowerPotion"},{"floor":18,"key":"Regen Potion"},{"floor":41,"key":"SmokeBomb"},{"floor":44,"key":"Dexterity Potion"},{"floor":46,"key":"Explosive Potion"}],"is_trial":false,"path_per_floor":["M","T","$","M","?","R","M","E","T","E","M","$","?","T","R","B",null,"M","$","M","M","$","R","E","M","T","R","M","R","E","?","R","B",null,"M","M","?","M","M","R","E","M","T","E","R","M","M","E","R","B",null],"character_chosen":"Librarian","items_purchased":["PageOfForsakenMurderer","Vajra","EnergyShield","PageOfBigBird"],"campfire_rested":0,"item_purchase_floors":[3,3,3,19],"current_hp_per_floor":[50,50,50,50,68,68,68,45,45,43,43,43,43,43,43,27,71,71,71,51,49,49,49,49,52,52,59,63,75,63,63,75,69,82,82,79,79,80,82,82,47,53,53,78,82,68,66,56,74,82],"gold":654,"neow_bonus":"TWO_FIFTY_GOLD","is_daily":false,"chose_seed":false,"campfire_upgraded":9,"win_rate":0.0,"timestamp":1614221827,"path_taken":["M","?","$","M","?","R","M","E","T","E","M","$","?","?","R","BOSS","M","$","M","M","$","R","E","M","T","R","M","R","E","?","R","BOSS","M","?","?","M","?","R","E","M","T","E","R","M","M","E","R","BOSS"],"items_purchased_type":["Relic","Relic","Card","Relic"],"build_version":"2020-12-22","purchased_purges":5,"victory":true,"max_hp_per_floor":[65,65,65,73,73,73,71,78,78,78,71,71,65,65,71,71,71,213,213,82,82,82,82,82,59,59,82,82,82,82,82,82,82,82,82,82,82,82,82,82,82,82,82,82,82,82,82,82,82,82],"card_choices":[{"not_picked":["DirtyBlow","InkOver","SharpSwipe","WaitUp","Multislash","UpbeatPerformance","ElectricShock","DefenseOrder"],"picked":"SpearedSweep","floor":1},{"not_picked":["ExtractFuel","StructuralAnalysis","Leap_lor","Eradication","BindingArms","BlowItUp","StrongStrike","CookingPrep"],"picked":"EnergyCycle","floor":4},{"not_picked":["Thrust","FocusFire","InkOver","GreatSerpentsImpact","WillOfThePrescript","BindingChains","GatherIntel","Reload"],"picked":"EnergyShield","floor":7},{"not_picked":["Thrust","Standoff","MindCrush","SilentMist","SuppressingShot","CrackOfDawn","StructuralAnalysis","BiAn"],"picked":"BulkyImpact","floor":8},{"not_picked":["BiAn","FleetFootsteps","SerpentineBarrier","BiteOff","FeelinGood","BlowItUp","Faith","Deflect_lor"],"picked":"Ripple","floor":10},{"not_picked":["DarkCloud","Zzzzzap","FlowOfTheSword","HiddenBlade","SpearedSweep","PinpointShot","NightInTheBackstreets","TheArtOfRapidSteps"],"picked":"RipSpace","floor":11},{"not_picked":["Crush","ScatteringSlash","WrathOfTorment","SetFire","StructuralAnalysis","StrongStrike","GroundSmash","ShockRound"],"picked":"BackAttack","floor":13},{"not_picked":["CleanUp","Castigation"],"picked":"EmotionalTurbulence","floor":16},{"not_picked":["SuppressingShot","Quickness","BindingArms","Execute_lor+1","FlashOfSunup","StructuralAnalysis","FlashingStrike","SunsetBlade"],"picked":"Commandeering","floor":18},{"not_picked":["YoureAHindrance","Thrust","TendonChords+1","ClassAndRespect+1","PreparedMind","FendThisOffIfYouCan","StartinOutLightly","Rewind"],"picked":"Unlock1","floor":20},{"not_picked":["PreemptiveStrike+1","DeepDrag","Parry2","Rewind","Execute_lor","HiddenBlade","UnforgettableMelody","DesperateStruggle"],"picked":"QuickSuppression+1","floor":21},{"not_picked":["Multislash","Wallop_lor","QuickAttack","GreatSerpentsImpact","GatherIntel","UnavoidableGaze","GrazeTheGrass","GuardingStance"],"picked":"TrashDisposal","floor":24},{"not_picked":["WillOfThePrescript","Gamble","TendonChords+1","Eject","Quickness","ICanCookAnything+1","Pound+1","SuppressingShot"],"picked":"Faith","floor":25},{"not_picked":["FrontalAssault","EnergyCycle","BiAn","MultiBlock+1","Multislash","WillOfThePrescript","Leap_lor","SnakesPrey"],"picked":"NonstopAssault+1","floor":28},{"not_picked":["FrontalAssault","Multislash","BindingChains","GreatSerpentsImpact","TheRedNotes","ViolentFlame","SnakeSlit","UnavoidableGaze"],"picked":"Commandeering","floor":30},{"not_picked":["GoinFirst","Punishment","RepressedFlesh","CleanUp","FlamingDragonFist","Castigation","GroundSmash","Transpierce"],"picked":"SavageMode","floor":31},{"not_picked":["Panache","Secret Weapon","Thinking Ahead","Magnetism","Secret Technique","Transmutation","The Bomb","Chrysalis"],"picked":"Metamorphosis","floor":31},{"not_picked":["SenseQuarry","Suppress"],"picked":"RipSpace","floor":33},{"not_picked":["SharpSwipe","MindWhip+1","MirageStorm","UnavoidableGaze+1","ClassAndRespect+1","GuidanceOfTheGears+1"],"picked":"QuickSuppression","floor":35},{"not_picked":["FleetEdge","Thrust+1","SnakesPrey+1","FierceCharge+1","ForTheFamily","StayCalm","TendonChords+1"],"picked":"SKIP","floor":36},{"not_picked":["MindWhip","ExtractFuel","FlowOfTheSword+1","IdentifyWeakpoint","BackAttack+1","EnergyBeam"],"picked":"EnergyCycle+1","floor":38},{"not_picked":["DarkCloud+1","ViolentFlame","DesperateStruggle+1","GroundSmash","BackAttack+1","HiddenBlade"],"picked":"PinpointShot+1","floor":39},{"not_picked":["StrikeDown+1","StayCalm+1","RepressedFlesh","Riposte","FieryWaltz","SnakesPrey+1"],"picked":"BattleCommand","floor":41},{"not_picked":["ExtremeEdge+1","Duel_lor+1","DriedUp","TimeForALittleTest","SteelKnuckles","Quickness+1"],"picked":"Overcharge+1","floor":42},{"not_picked":["GuardingStance+1","HandleRequest","ViolentFlame","ProselytesBlade+1","Pound+1","PuppetBlockade+1"],"picked":"DimensionalRift","floor":44},{"not_picked":["CoordinatedAssault+1","AutomatedMovement","Diversion","FleshFillet","HiddenBlade","Thirst","ClassAndRespect+1"],"picked":"SKIP","floor":46},{"not_picked":["Collision+1","Parry2","GreatSerpentsImpact+1","BiAn","SerpentineBarrier+1","FlashingStrike+1","MultiHit+1"],"picked":"SKIP","floor":47},{"not_picked":["Pound","Wallop_lor+1","HeavyPeaks","ClassAndRespect+1","SuppressingShot","GuidanceOfTheGears+1"],"picked":"SinglePointStab+1","floor":48}],"player_experience":27717,"relics_obtained":[{"floor":2,"key":"Centennial Puzzle"},{"floor":8,"key":"Ginger"},{"floor":9,"key":"HornCleat"},{"floor":10,"key":"White Beast Statue"},{"floor":13,"key":"Odd Mushroom"},{"floor":14,"key":"Sundial"},{"floor":24,"key":"Eternal Feather"},{"floor":24,"key":"Kunai"},{"floor":26,"key":"PageOfWrath"},{"floor":30,"key":"PageOfTheQueenOfHatred"},{"floor":30,"key":"Omamori"},{"floor":41,"key":"PageOfTheKnightOfDespair"},{"floor":41,"key":"PageOfScarecrow"},{"floor":43,"key":"PageOfGreed"},{"floor":44,"key":"PageOfNihil"},{"floor":48,"key":"PreservedInsect"},{"floor":48,"key":"PageOfPinocchio"}],"event_choices":[{"damage_healed":18,"gold_gain":0,"player_choice":"Healed","damage_taken":0,"max_hp_gain":0,"max_hp_loss":0,"event_name":"The Cleric","floor":5,"gold_loss":35},{"damage_healed":0,"gold_gain":0,"player_choice":"Fought Mushrooms","damage_taken":0,"max_hp_gain":0,"max_hp_loss":0,"event_name":"Mushrooms","floor":13,"gold_loss":0},{"damage_healed":0,"gold_gain":0,"player_choice":"1","damage_taken":0,"max_hp_gain":0,"max_hp_loss":0,"event_name":"betterMatch:BetterMatch","floor":31,"gold_loss":0,"cards_obtained":["betterMatch:RareCard","betterMatch:ColorlessRareCard"]},{"damage_healed":0,"gold_gain":300,"player_choice":"Gold","damage_taken":0,"max_hp_gain":0,"max_hp_loss":0,"event_name":"Wheel of Change","floor":37,"gold_loss":0}],"is_beta":false,"boss_relics":[{"not_picked":["SlaversCollar","Calling Bell"],"picked":"Black Star"},{"not_picked":["Velvet Choker","Empty Cage"],"picked":"Busted Crown"}],"items_purged_floors":[12,22,22,22,22],"is_endless":false,"potions_floor_spawned":[7,10,11,13,16,18,20,21,24,25,28,30,33,35,36,38,39,41,42,44,46,47,48],"ascension_level":1}}