{"host":"uztstxpt0qnssyef","time":1614232114,"event":{"mods":["BaseMod","Downfall","Minty Spire (QoL Compilation)","StSLib"],"gold_per_floor":[112,122,193,216,4,4,19,48,48,76,96,123,123,123,123,123],"floor_reached":14,"language":"ENG","playtime":837,"items_purged":["sneckomod:Defend"],"score":216,"play_id":"978eb0e8-d6ed-4933-b0f4-67fc5d1390e1","local_time":"20210225004834","daily_mods":["ControlledChaos"],"is_ascension_mode":true,"campfire_choices":[],"circlet_count":0,"master_deck":["AscendersBane","sneckomod:Strike","sneckomod:Strike","sneckomod:Strike","sneckomod:Defend","sneckomod:TailWhip","sneckomod:SnekBite","sneckomod:Unknown","sneckomod:Unknown","sneckomod:UnknownClassPURPLE","sneckomod:UnknownRareAttack","sneckomod:QuickBite","bronze:MaxOutput","sneckomod:SlitherStrike","sneckomod:UnknownExhaust","sneckomod:SnekBeam","sneckomod:UnknownClassTHE_CHAMP_GRAY","sneckomod:Unknown1Cost"],"relics":["sneckomod:SneckoSoul","Frozen Eye","Bag of Preparation","Potion Belt","Slimebound:PreparedRelic","Bottled Flame","Frozen Egg 2"],"acts_visited":["Exordium"],"potions_floor_usage":[10,10,14],"damage_taken":[{"damage":3,"enemies":"2 Louse","floor":1,"turns":3},{"damage":3,"enemies":"Jaw Worm","floor":2,"turns":4},{"damage":18,"enemies":"Small Slimes","floor":7,"turns":3},{"damage":8,"enemies":"Gremlin Nob","floor":8,"turns":3},{"damage":2,"enemies":"Lagavulin","floor":10,"turns":3},{"damage":14,"enemies":"Red Slaver","floor":11,"turns":2},{"damage":5,"enemies":"3 Sentries","floor":12,"turns":6},{"damage":33,"enemies":"Gremlin Nob","floor":14,"turns":3}],"seed_played":"-1471649051955164875","potions_obtained":[{"floor":1,"key":"Strength Potion"},{"floor":2,"key":"SteroidPotion"},{"floor":12,"key":"BlessingOfTheForge"}],"is_trial":true,"path_per_floor":["M","M","?","T","$","R","M","E","T","E","M","E","?","E"],"character_chosen":"THE_SNECKO","items_purchased":["sneckomod:UnknownRareAttack","sneckomod:QuickBite"],"campfire_rested":0,"item_purchase_floors":[5,5],"current_hp_per_floor":[72,69,69,69,69,69,51,43,43,41,27,22,22,0,0,0],"gold":123,"neow_bonus":"","is_daily":false,"chose_seed":false,"campfire_upgraded":0,"win_rate":0.0,"timestamp":1614232114,"path_taken":["M","M","?","?","$","R","M","E","T","E","M","E","?","E"],"items_purchased_type":["Card","Card"],"build_version":"2020-12-22","purchased_purges":1,"victory":false,"max_hp_per_floor":[83,83,83,83,83,83,83,83,83,83,83,83,83,83,83,83],"card_choices":[{"not_picked":["sneckomod:MixItUp","sneckomod:UnknownExhaust"],"picked":"sneckomod:UnknownClassPURPLE","floor":1},{"not_picked":["sneckomod:UnknownClassHEXA_GHOST_PURPLE","sneckomod:UnknownCommonSkill"],"picked":"sneckomod:UnknownDraw","floor":2},{"not_picked":["sneckomod:IronFang","sneckomod:DefensiveFlair"],"picked":"sneckomod:SlitherStrike","floor":7},{"not_picked":["sneckomod:UnknownVulnerable","sneckomod:RainOfDice"],"picked":"sneckomod:UnknownExhaust","floor":8},{"not_picked":["sneckomod:UnknownCommonSkill","sneckomod:QuickBite"],"picked":"sneckomod:SnekBeam","floor":10},{"not_picked":["sneckomod:UnknownUncommonAttack","sneckomod:Rotation"],"picked":"sneckomod:UnknownClassTHE_CHAMP_GRAY","floor":11},{"not_picked":["sneckomod:SnekBeam","sneckomod:DiceBoulder"],"picked":"sneckomod:Unknown1Cost","floor":12}],"player_experience":554225,"relics_obtained":[{"floor":4,"key":"Bag of Preparation"},{"floor":8,"key":"Potion Belt"},{"floor":9,"key":"Slimebound:PreparedRelic"},{"floor":10,"key":"Bottled Flame"},{"floor":12,"key":"Frozen Egg 2"}],"event_choices":[{"damage_healed":0,"gold_gain":71,"player_choice":"Gained Gold","damage_taken":0,"max_hp_gain":0,"max_hp_loss":0,"event_name":"Golden Wing","floor":3,"gold_loss":0},{"cards_removed":["sneckomod:Defend"],"damage_healed":0,"gold_gain":0,"player_choice":"Purged","damage_taken":0,"max_hp_gain":0,"max_hp_loss":0,"event_name":"Purifier","floor":13,"gold_loss":0}],"is_beta":false,"boss_relics":[],"items_purged_floors":[5],"is_endless":false,"potions_floor_spawned":[1,2,12],"killed_by":"Gremlin Nob","ascension_level":20}}