{"host":"7sni158j623xchr2","time":1614277276,"event":{"mods":["BaseMod","Colored Map","Highlight Path","Minty Spire (QoL Compilation)","Permanent Neow","Potion Indicator Mod","Rare Cards Sparkle","Relic Sorter","Relic Stats","StSLib","everything is the same but u backflip on backflip"],"gold_per_floor":[109,121,71,32,32,65,65,92,119,154,172,192,192,202,202,297,297,252,252,252,252,252,252,252,252,252,252,69,69,69,69,69,69,69],"floor_reached":33,"language":"ENG","playtime":717,"items_purged":[],"score":442,"play_id":"29e9efba-c353-46ff-97e4-db333f162b51","local_time":"20210225122116","is_ascension_mode":true,"campfire_choices":[{"data":"Electrodynamics","floor":13,"key":"SMITH"},{"data":"Lockon","floor":15,"key":"SMITH"},{"floor":24,"key":"REST"},{"floor":32,"key":"REST"}],"circlet_count":0,"master_deck":["Strike_B","Strike_B","Strike_B","Strike_B+1","Defend_B","Defend_B","Defend_B+1","Zap","Dualcast","Melter","Chill","Electrodynamics+1","Sweeping Beam","Compile Driver","Lockon+1","BootSequence","Rainbow","Force Field+1","Capacitor","Hologram+1","Coolheaded","Biased Cognition","Master of Strategy","Coolheaded+1"],"relics":["Cracked Core","NeowsBlessing","Torii","Bag of Preparation","Bronze Scales","MealTicket","Vajra","Ectoplasm","Nunchaku","Toy Ornithopter","PreservedInsect","MawBank"],"acts_visited":["Exordium","TheCity"],"potions_floor_usage":[8,16,23,25,33,33,33],"damage_taken":[{"damage":0,"enemies":"2 Louse","floor":1,"turns":1},{"damage":0,"enemies":"Jaw Worm","floor":2,"turns":1},{"damage":0,"enemies":"Gremlin Nob","floor":6,"turns":1},{"damage":17,"enemies":"Lagavulin","floor":8,"turns":5},{"damage":9,"enemies":"3 Sentries","floor":10,"turns":4},{"damage":0,"enemies":"Small Slimes","floor":11,"turns":2},{"damage":0,"enemies":"Exordium Wildlife","floor":12,"turns":1},{"damage":6,"enemies":"Red Slaver","floor":14,"turns":2},{"damage":0,"enemies":"Slime Boss","floor":16,"turns":5},{"damage":7,"enemies":"2 Thieves","floor":18,"turns":3},{"damage":0,"enemies":"Spheric Guardian","floor":19,"turns":1},{"damage":7,"enemies":"Snake Plant","floor":21,"turns":2},{"damage":17,"enemies":"Snecko","floor":22,"turns":4},{"damage":23,"enemies":"Slavers","floor":23,"turns":4},{"damage":22,"enemies":"Gremlin Leader","floor":25,"turns":5},{"damage":8,"enemies":"3 Cultists","floor":29,"turns":4},{"damage":7,"enemies":"Book of Stabbing","floor":30,"turns":3},{"damage":10,"enemies":"Cultist and Chosen","floor":31,"turns":5},{"damage":40,"enemies":"Champ","floor":33,"turns":11}],"seed_played":"-6404281586316263006","potions_obtained":[{"floor":6,"key":"Strength Potion"},{"floor":8,"key":"PowerPotion"},{"floor":12,"key":"GamblersBrew"},{"floor":14,"key":"FearPotion"},{"floor":18,"key":"Dexterity Potion"},{"floor":23,"key":"Block Potion"},{"floor":29,"key":"SkillPotion"},{"floor":30,"key":"Fire Potion"}],"is_trial":false,"path_per_floor":["M","M","?","$","?","E","T","E","T","E","M","M","R","M","R","B",null,"M","M","?","M","M","E","R","E","T","?","$","M","E","M","R","B"],"character_chosen":"DEFECT","items_purchased":["Melter","Master of Strategy"],"campfire_rested":2,"item_purchase_floors":[4,28],"current_hp_per_floor":[75,75,75,75,60,60,60,43,43,34,34,34,34,28,28,28,75,68,68,68,61,44,21,43,21,21,21,36,28,21,11,33,8,8],"gold":69,"neow_bonus":"THREE_ENEMY_KILL","is_daily":false,"chose_seed":false,"campfire_upgraded":2,"win_rate":0.0,"timestamp":1614277276,"path_taken":["M","M","?","$","?","E","?","E","T","E","M","?","R","M","R","BOSS","M","M","?","M","M","E","R","E","T","?","?","M","E","M","R","BOSS"],"items_purchased_type":["Card","Card"],"build_version":"2020-12-22","purchased_purges":0,"victory":false,"max_hp_per_floor":[75,75,75,75,75,75,75,75,75,75,75,75,75,75,75,75,75,75,75,75,75,75,75,75,75,75,75,75,75,75,75,75,75,75],"relic_stats":{"Nunchaku":[3],"Torii":20,"counters":[19,64],"Bronze Scales":[132],"MealTicket":15,"Ectoplasm":271,"PreservedInsect":41,"Bag of Preparation":[32],"MawBank":0,"obtain_stats":[{"Nunchaku":23,"NeowsBlessing":0,"Torii":6,"Bronze Scales":8,"Vajra":10,"MealTicket":9,"Ectoplasm":17,"PreservedInsect":26,"Bag of Preparation":7,"Cracked Core":0,"MawBank":30,"Toy Ornithopter":25},{"Nunchaku":14,"NeowsBlessing":0,"Torii":3,"Bronze Scales":4,"Vajra":5,"MealTicket":4,"Ectoplasm":9,"PreservedInsect":15,"Bag of Preparation":3,"Cracked Core":0,"MawBank":17,"Toy Ornithopter":15},{"Nunchaku":36,"NeowsBlessing":0,"Torii":3,"Bronze Scales":8,"Vajra":12,"MealTicket":8,"Ectoplasm":22,"PreservedInsect":41,"Bag of Preparation":3,"Cracked Core":0,"MawBank":48,"Toy Ornithopter":41}],"Toy Ornithopter":15},"card_choices":[{"not_picked":["Stack","Rebound","Turbo"],"picked":"SKIP","floor":1},{"not_picked":["Steam Power","Fusion","Redo"],"picked":"SKIP","floor":2},{"not_picked":["Hello World","Hologram"],"picked":"Chill","floor":6},{"not_picked":["Blizzard","Capacitor"],"picked":"Electrodynamics","floor":8},{"not_picked":["Sunder","Conserve Battery"],"picked":"Sweeping Beam","floor":10},{"not_picked":["Streamline","Steam"],"picked":"Compile Driver","floor":11},{"not_picked":["Stack","Streamline"],"picked":"Lockon","floor":12},{"not_picked":["Gash","Sweeping Beam"],"picked":"BootSequence","floor":14},{"not_picked":["Electrodynamics","Machine Learning"],"picked":"Rainbow","floor":16},{"not_picked":["Cold Snap","Self Repair"],"picked":"Force Field+1","floor":18},{"not_picked":["Barrage","Reprogram"],"picked":"Capacitor","floor":19},{"not_picked":["Conserve Battery","Cold Snap"],"picked":"Hologram+1","floor":21},{"not_picked":["Sweeping Beam","Streamline","Double Energy"],"picked":"SKIP","floor":22},{"not_picked":["Leap","Compile Driver+1","Go for the Eyes"],"picked":"SKIP","floor":23},{"not_picked":["Cold Snap","Aggregate"],"picked":"Coolheaded","floor":25},{"not_picked":["Thunder Strike","Rebound","Compile Driver"],"picked":"SKIP","floor":29},{"not_picked":["Rebound","Reprogram","Stack"],"picked":"SKIP","floor":30},{"not_picked":["Go for the Eyes","Streamline"],"picked":"Coolheaded+1","floor":31}],"player_experience":1853239,"relics_obtained":[{"floor":6,"key":"Torii"},{"floor":7,"key":"Bag of Preparation"},{"floor":8,"key":"Bronze Scales"},{"floor":9,"key":"MealTicket"},{"floor":10,"key":"Vajra"},{"floor":23,"key":"Nunchaku"},{"floor":25,"key":"Toy Ornithopter"},{"floor":26,"key":"PreservedInsect"},{"floor":30,"key":"MawBank"}],"event_choices":[{"cards_removed":["Defend_B"],"damage_healed":0,"gold_gain":0,"player_choice":"Card Removal","damage_taken":0,"max_hp_gain":0,"max_hp_loss":0,"event_name":"The Cleric","floor":3,"gold_loss":50},{"damage_healed":0,"gold_gain":0,"player_choice":"Entered Light","damage_taken":15,"max_hp_gain":0,"max_hp_loss":0,"event_name":"Shining Light","floor":5,"gold_loss":0,"cards_upgraded":["Defend_B","Strike_B"]},{"damage_healed":0,"gold_gain":0,"player_choice":"Ignored","damage_taken":0,"max_hp_gain":0,"max_hp_loss":0,"event_name":"Vampires","floor":20,"gold_loss":0},{"damage_healed":0,"gold_gain":0,"player_choice":"Read","damage_taken":0,"max_hp_gain":0,"max_hp_loss":0,"event_name":"The Library","floor":27,"gold_loss":0,"cards_obtained":["Biased Cognition"]}],"is_beta":false,"boss_relics":[{"not_picked":["SacredBark","Black Star"],"picked":"Ectoplasm"}],"items_purged_floors":[],"is_endless":false,"potions_floor_spawned":[6,8,12,14,18,21,22,23,29,30],"killed_by":"Champ","ascension_level":2}}