{"host":"kda2p2afd6bvz6qo","time":1614291948,"event":{"mods":["BaseMod","Colored Map","Minty Spire (QoL Compilation)","Relic Stats"],"gold_per_floor":[116,116,134,134,104,104,135,147,147,178,193,193,193,213,213,284,284,301,319,334,384,411,411,439,439,487,514,525,525,33,49,49,121,121,136,75,5,5,16,44,44,44,44,73,84,94,128,128,128,128,128,128,128,47,77,77],"floor_reached":57,"language":"ENG","playtime":5318,"items_purged":["Strike_G"],"score":2851,"play_id":"2ab8fc68-1cc5-4a4f-9639-e07327d0f42d","local_time":"20210225222548","is_ascension_mode":true,"campfire_choices":[{"data":"Predator","floor":6.0,"key":"SMITH"},{"floor":13.0,"key":"REST"},{"floor":15.0,"key":"REST"},{"floor":23.0,"key":"REST"},{"floor":25.0,"key":"REST"},{"floor":29.0,"key":"REST"},{"data":"Adrenaline","floor":32.0,"key":"SMITH"},{"data":"Wraith Form v2","floor":42.0,"key":"SMITH"},{"floor":49,"key":"RECALL"},{"data":"Burst","floor":53,"key":"SMITH"}],"circlet_count":0,"master_deck":["AscendersBane","Defend_G","Defend_G","Defend_G","Defend_G","Survivor","Neutralize","Predator+1","Burst+1","Deadly Poison","Adrenaline+1","Acrobatics","Flying Knee","Acrobatics","Blur","Wraith Form v2+1","Backflip+1","Crippling Poison+1","Malaise","Noxious Fumes+1","Caltrops+1","Outmaneuver+1","Bandage Up+1","Skewer","A Thousand Cuts","Well Laid Plans+1","Cloak And Dagger+1","Leg Sweep+1","Catalyst+1","Outmaneuver+1","Backflip+1","Bouncing Flask+1","Wraith Form v2","Crippling Poison+1","Night Terror+1","Jack Of All Trades+1"],"relics":["HoveringKite","Lizard Tail","The Courier","Ice Cream","Snecko Eye","Red Mask","Toxic Egg 2","Omamori","Strawberry","Mummified Hand","Oddly Smooth Stone","Astrolabe","Blood Vial","Singing Bowl","Sundial","Anchor","Bottled Lightning"],"acts_visited":["Exordium","TheCity","TheBeyond","TheEnding"],"potions_floor_usage":[],"damage_taken":[{"damage":23.0,"enemies":"Jaw Worm","floor":1.0,"turns":7.0},{"damage":0.0,"enemies":"Cultist","floor":3.0,"turns":4.0},{"damage":6.0,"enemies":"Gremlin Nob","floor":7.0,"turns":3.0},{"damage":2.0,"enemies":"2 Louse","floor":8.0,"turns":3.0},{"damage":21.0,"enemies":"Lagavulin","floor":10.0,"turns":7.0},{"damage":2.0,"enemies":"Lots of Slimes","floor":11.0,"turns":6.0},{"damage":0.0,"enemies":"Looter","floor":14.0,"turns":4.0},{"damage":40.0,"enemies":"Slime Boss","floor":16.0,"turns":7.0},{"damage":28.0,"enemies":"3 Byrds","floor":18.0,"turns":8.0},{"damage":9.0,"enemies":"Shell Parasite","floor":19.0,"turns":5.0},{"damage":3.0,"enemies":"Snecko","floor":20.0,"turns":4.0},{"damage":20.0,"enemies":"Masked Bandits","floor":22.0,"turns":5.0},{"damage":19.0,"enemies":"Slavers","floor":24.0,"turns":6.0},{"damage":13.0,"enemies":"Gremlin Leader","floor":27.0,"turns":8.0},{"damage":10.0,"enemies":"Centurion and Healer","floor":28.0,"turns":6.0},{"damage":6.0,"enemies":"3 Cultists","floor":31.0,"turns":5.0},{"damage":47.0,"enemies":"Collector","floor":33.0,"turns":11.0},{"damage":0.0,"enemies":"3 Shapes","floor":35.0,"turns":4.0},{"damage":0.0,"enemies":"Orb Walker","floor":39.0,"turns":3.0},{"damage":0.0,"enemies":"Reptomancer","floor":40.0,"turns":5.0},{"damage":0.0,"enemies":"Giant Head","floor":44.0,"turns":5.0},{"damage":2,"enemies":"Transient","floor":45,"turns":6},{"damage":0,"enemies":"Maw","floor":46,"turns":6},{"damage":5,"enemies":"Reptomancer","floor":47,"turns":5},{"damage":21,"enemies":"Time Eater","floor":50,"turns":9},{"damage":2,"enemies":"Awakened One","floor":51,"turns":12},{"damage":4,"enemies":"Shield and Spear","floor":55,"turns":8},{"damage":40,"enemies":"The Heart","floor":56,"turns":8}],"seed_played":"372551818891103360","potions_obtained":[{"floor":3.0,"key":"EntropicBrew"},{"floor":5.0,"key":"CultistPotion"},{"floor":7.0,"key":"Energy Potion"},{"floor":11.0,"key":"EntropicBrew"},{"floor":19.0,"key":"LiquidMemories"},{"floor":20.0,"key":"FairyPotion"},{"floor":31.0,"key":"LiquidMemories"},{"floor":46,"key":"FearPotion"}],"is_trial":false,"path_per_floor":["M","?","M","?","?","R","E","M","T","E","M","?","R","M","R","B",null,"M","M","M","?","?","R","E","R","T","E","M","R","$","M","R","B",null,"M","?","$","$","M","E","$","R","T","E","M","M","E","?","R","B","B",null,"R","$","E","B",null],"character_chosen":"THE_SILENT","items_purchased":["Mummified Hand","Bandage Up+1","Oddly Smooth Stone","Catalyst+1","Outmaneuver+1","Jack Of All Trades+1"],"campfire_rested":5,"item_purchase_floors":[30,30,30,37,37,54],"current_hp_per_floor":[36,36,36,41,41,41,35,33,33,12,10,3,24,24,45,5,55,42,33,30,30,10,31,12,33,33,27,17,40,40,46,46,5,60,66,66,66,66,74,78,78,78,78,78,77,80,75,75,75,62,68,77,77,77,78,46],"gold":77,"neow_bonus":"BOSS_RELIC","is_daily":false,"chose_seed":false,"campfire_upgraded":4,"win_rate":0.0,"timestamp":1614291948,"path_taken":["M","?","?","?","?","R","E","?","T","E","M","?","R","M","R","BOSS","M","M","M","?","?","R","E","R","T","E","M","R","$","M","R","BOSS","M","?","?","$","M","E","$","R","T","E","?","M","E","?","R","BOSS","BOSS","R","$","E","BOSS"],"items_purchased_type":["Relic","Card","Relic","Card","Card","Card"],"build_version":"2020-12-22","purchased_purges":1,"victory":true,"max_hp_per_floor":[66,66,66,71,71,71,71,71,71,71,71,71,71,71,71,71,71,71,71,71,71,71,71,71,71,71,78,78,78,78,78,78,78,78,78,78,78,78,78,78,78,78,78,78,78,80,80,80,80,80,80,80,80,80,82,82],"relic_stats":{"Blood Vial":13,"Lizard Tail":0,"Singing Bowl":4,"counters":[28,170],"Mummified Hand":[132],"Sundial":[10],"Astrolabe":["Well Laid Plans","Cloak And Dagger","Leg Sweep"],"HoveringKite":[93],"Snecko Eye":[292,290,304,251],"obtain_stats":[{"Ice Cream":10,"Singing Bowl":40,"Astrolabe":34,"HoveringKite":0,"Oddly Smooth Stone":30,"The Courier":9,"Omamori":26,"Blood Vial":36,"Lizard Tail":7,"Anchor":47,"Mummified Hand":30,"Sundial":44,"Strawberry":27,"Snecko Eye":17,"Red Mask":22,"Bottled Lightning":55,"Toxic Egg 2":24,"Ring of the Snake":0},{"Ice Cream":5,"Singing Bowl":20,"Astrolabe":17,"HoveringKite":0,"Oddly Smooth Stone":15,"The Courier":4,"Omamori":13,"Blood Vial":18,"Lizard Tail":3,"Anchor":24,"Mummified Hand":15,"Sundial":21,"Strawberry":14,"Snecko Eye":8,"Red Mask":12,"Bottled Lightning":27,"Toxic Egg 2":13,"Ring of the Snake":0},{"Ice Cream":24,"Singing Bowl":111,"Astrolabe":99,"HoveringKite":0,"Oddly Smooth Stone":83,"The Courier":17,"Omamori":69,"Blood Vial":103,"Lizard Tail":14,"Anchor":133,"Mummified Hand":83,"Sundial":116,"Strawberry":77,"Snecko Eye":41,"Red Mask":63,"Bottled Lightning":162,"Toxic Egg 2":69,"Ring of the Snake":0}]},"card_choices":[{"not_picked":["PiercingWail","Dodge and Roll"],"picked":"Predator","floor":1.0},{"not_picked":["Setup","Dodge and Roll"],"picked":"Deadly Poison","floor":3.0},{"not_picked":["Choke","Sucker Punch"],"picked":"Adrenaline","floor":7.0},{"not_picked":["Dodge and Roll","Flying Knee"],"picked":"Acrobatics","floor":8.0},{"not_picked":["Storm of Steel","Slice"],"picked":"Flying Knee","floor":10.0},{"not_picked":["Poisoned Stab","Quick Slash"],"picked":"Acrobatics","floor":11.0},{"not_picked":["Bane","Accuracy"],"picked":"Blur","floor":14.0},{"not_picked":["Tools of the Trade","Bullet Time"],"picked":"Wraith Form v2","floor":16.0},{"not_picked":["Dagger Throw","Acrobatics"],"picked":"Backflip+1","floor":18.0},{"not_picked":["Cloak And Dagger","Skewer"],"picked":"Crippling Poison+1","floor":19.0},{"not_picked":["PiercingWail","Quick Slash+1"],"picked":"Malaise","floor":20.0},{"not_picked":["Deadly Poison+1","Blade Dance"],"picked":"Noxious Fumes+1","floor":22.0},{"not_picked":["Endless Agony","Riddle With Holes"],"picked":"Caltrops+1","floor":24.0},{"not_picked":["Deadly Poison+1","Reflex+1"],"picked":"Outmaneuver+1","floor":27.0},{"not_picked":["Slice+1","Cloak And Dagger+1","Flying Knee"],"picked":"SKIP","floor":28.0},{"not_picked":["Slice","Poisoned Stab"],"picked":"Skewer","floor":31.0},{"not_picked":["Bullet Time+1","Storm of Steel+1"],"picked":"A Thousand Cuts","floor":33.0},{"not_picked":["Dagger Throw","Prepared+1","Dagger Spray+1"],"picked":"SKIP","floor":35.0},{"not_picked":["Noxious Fumes","Die Die Die"],"picked":"Backflip+1","floor":39.0},{"not_picked":["Sucker Punch","Poisoned Stab"],"picked":"Bouncing Flask+1","floor":40.0},{"not_picked":["Outmaneuver+1","Quick Slash"],"picked":"Wraith Form v2","floor":44.0},{"not_picked":["Dodge and Roll+1","Underhanded Strike+1"],"picked":"Crippling Poison+1","floor":45},{"not_picked":["Bane","Flying Knee","Cloak And Dagger+1"],"picked":"Singing Bowl","floor":46},{"not_picked":["Doppelganger+1","Skewer"],"picked":"Night Terror+1","floor":47},{"not_picked":["Blur+1","Accuracy","Underhanded Strike"],"picked":"Singing Bowl","floor":55}],"player_experience":321082,"relics_obtained":[{"floor":7.0,"key":"Lizard Tail"},{"floor":9.0,"key":"The Courier"},{"floor":10.0,"key":"Ice Cream"},{"floor":22.0,"key":"Red Mask"},{"floor":24.0,"key":"Toxic Egg 2"},{"floor":26.0,"key":"Omamori"},{"floor":27.0,"key":"Strawberry"},{"floor":40.0,"key":"Singing Bowl"},{"floor":44.0,"key":"Sundial"},{"floor":47,"key":"Anchor"},{"floor":55,"key":"Bottled Lightning"}],"event_choices":[{"damage_healed":0.0,"max_hp_gain":0.0,"max_hp_loss":0.0,"gold_gain":0.0,"cards_transformed":["Strike_G"],"event_name":"Transmorgrifier","player_choice":"Transformed","floor":2.0,"gold_loss":0.0,"damage_taken":0.0,"cards_obtained":["Burst"]},{"damage_healed":0.0,"max_hp_gain":5.0,"max_hp_loss":0.0,"gold_gain":0.0,"event_name":"Big Fish","player_choice":"Donut","floor":4.0,"gold_loss":0.0,"damage_taken":0.0},{"damage_healed":0.0,"max_hp_gain":0.0,"max_hp_loss":0.0,"gold_gain":0.0,"event_name":"The Woman in Blue","player_choice":"Bought 2 Potions","floor":5.0,"gold_loss":0.0,"damage_taken":0.0},{"cards_removed":["Strike_G"],"damage_healed":0.0,"max_hp_gain":0.0,"max_hp_loss":0.0,"gold_gain":0.0,"event_name":"Golden Wing","player_choice":"Card Removal","floor":12.0,"gold_loss":0.0,"damage_taken":7.0},{"damage_healed":0.0,"max_hp_gain":0.0,"max_hp_loss":0.0,"gold_gain":50.0,"event_name":"Nest","player_choice":"Stole From Cult","floor":21.0,"gold_loss":0.0,"damage_taken":0.0},{"damage_healed":0.0,"max_hp_gain":0.0,"max_hp_loss":0.0,"gold_gain":0.0,"event_name":"Masked Bandits","player_choice":"Fought Bandits","floor":22.0,"gold_loss":0.0,"damage_taken":0.0},{"damage_healed":0.0,"max_hp_gain":0.0,"max_hp_loss":0.0,"gold_gain":0.0,"event_name":"WeMeetAgain","player_choice":"Paid Gold","floor":36.0,"gold_loss":61.0,"damage_taken":0.0,"relics_obtained":["Blood Vial"]},{"damage_healed":0,"gold_gain":0,"player_choice":"0 cards matched","damage_taken":0,"max_hp_gain":0,"max_hp_loss":0,"event_name":"Match and Keep!","floor":48,"gold_loss":0,"cards_obtained":[]}],"is_beta":false,"boss_relics":[{"not_picked":["Runic Dome","Coffee Dripper"],"picked":"Snecko Eye"},{"not_picked":["SlaversCollar","Black Star"],"picked":"Astrolabe"}],"items_purged_floors":[30],"is_endless":false,"potions_floor_spawned":[3,7,11,19,20,24,31,39,46,55],"ascension_level":20}}