{"host":"3azvxbhvx7nk2p5g","time":1614242810,"event":{"mods":["10 clothes from DAL","100% Spire Juice","ATMod(∞¢Ë™Mod)","Act Like it!","BaseMod","Colored Powertips","Minty Spire (QoL Compilation)","MostiFishMod","Onozuka Komachi Mod","Reimu£®≤©¿ˆ¡È√Œ£©","Remilia_Scarlet Moed£®¿Ÿ√◊¿Ú—«°§Àπø®¿◊Ãÿ£©3.3.5","Remilia£®¿Ÿ√◊¿Ú—«£©","Ring Of Destiny","Robot Space Explorer","StSLib","The Administrix","The Alterego","The Bug Knight","The Servant 0.9.4","Waifu the Spire","WarShipGirlsR/’ΩΩ¢…Ÿ≈ÆR mod","Warlord Emblem","Youmu£®ªÍ∆«—˝√Œ£©","Yuri Mod"],"gold_per_floor":[109,126,126,51,126,159,170,170,170,185,195,155,173,202,202,202,202],"floor_reached":16,"language":"ZHS","playtime":1066,"items_purged":["RobotSpaceExplorer:Strike"],"score":137,"play_id":"de7825fc-cfc2-4752-b1db-5c2b4c043f1c","local_time":"20210225164650","is_ascension_mode":false,"campfire_choices":[{"floor":8,"key":"RECALL"},{"data":"RobotSpaceExplorer:HighVoltage","floor":15,"key":"SMITH"}],"circlet_count":0,"master_deck":["RobotSpaceExplorer:Strike","RobotSpaceExplorer:Strike","RobotSpaceExplorer:Strike","RobotSpaceExplorer:Defend","RobotSpaceExplorer:Defend+1","RobotSpaceExplorer:Defend","RobotSpaceExplorer:Defend","RobotSpaceExplorer:Scan","RobotSpaceExplorer:MiniLasers+1","MostiFishMod:SephirahHod","RobotSpaceExplorer:ScrapToss","RobotSpaceExplorer:MiniDrones","RobotSpaceExplorer:GearShield+1","RobotSpaceExplorer:MakeshiftVolley","RobotSpaceExplorer:BigMissile","RobotSpaceExplorer:Discharger","RobotSpaceExplorer:HighVoltage+1"],"relics":["RobotSpaceExplorer:RoboCore","AT_ATBox","DaveBox","MostiFishMod:Hod","NeowsBlessing","SynthV:TestCard","Toxic Egg 2","RobotSpaceExplorer:ClockworkSextant","PaintedHorse:ReiMu","AT_SilvercatRing"],"acts_visited":["Exordium"],"potions_floor_usage":[],"damage_taken":[{"damage":0,"enemies":"Cultist","floor":1,"turns":1},{"damage":0,"enemies":"2 Louse","floor":2,"turns":1},{"damage":0,"enemies":"Gremlin Nob","floor":6,"turns":1},{"damage":0,"enemies":"Small Slimes","floor":7,"turns":2},{"damage":0,"enemies":"2 Fungi Beasts","floor":10,"turns":3},{"damage":6,"enemies":"3 Louse","floor":11,"turns":3},{"damage":8,"enemies":"Exordium Thugs","floor":13,"turns":4},{"damage":21,"enemies":"Lagavulin","floor":14,"turns":7},{"damage":17,"enemies":"Hexaghost","floor":16,"turns":8}],"seed_played":"4344122344292972472","potions_obtained":[{"floor":1,"key":"Block Potion"},{"floor":6,"key":"PowerPotion"},{"floor":7,"key":"FearPotion"}],"is_trial":false,"path_per_floor":["M","M","?","$","?","E","M","R","T","M","M","?","M","E","R","B"],"character_chosen":"RobotSpaceExplorer","items_purchased":[],"campfire_rested":0,"item_purchase_floors":[],"current_hp_per_floor":[75,75,60,60,49,49,49,49,49,49,43,43,35,14,14,0,0],"gold":202,"neow_bonus":"THREE_ENEMY_KILL","is_daily":false,"chose_seed":false,"campfire_upgraded":1,"win_rate":0.0,"timestamp":1614242810,"path_taken":["M","?","?","$","?","E","M","R","T","M","M","?","M","E","R","BOSS"],"items_purchased_type":[],"build_version":"2020-12-22","purchased_purges":1,"victory":false,"max_hp_per_floor":[75,75,75,75,75,75,75,75,75,75,75,75,75,75,75,75,75],"card_choices":[{"not_picked":["RobotSpaceExplorer:Counterblock","RobotSpaceExplorer:StunGrenade"],"picked":"RobotSpaceExplorer:ScrapToss","floor":1},{"not_picked":["RobotSpaceExplorer:Ammunition","RobotSpaceExplorer:DoubleFind","RobotSpaceExplorer:ShovelStrike","RobotSpaceExplorer:SwiftStep"],"picked":"RobotSpaceExplorer:MiniDrones","floor":2},{"not_picked":["RobotSpaceExplorer:ScrapMissile","RobotSpaceExplorer:MetalStrike","RobotSpaceExplorer:MiniDrones","RobotSpaceExplorer:DoubleBlock+1"],"picked":"RobotSpaceExplorer:GearShield+1","floor":6},{"not_picked":["RobotSpaceExplorer:MakeshiftVolley","RobotSpaceExplorer:FranticSearch+1","RobotSpaceExplorer:Probe","RobotSpaceExplorer:Electropulse","RobotSpaceExplorer:ImprovisedAttack"],"picked":"SKIP","floor":7},{"not_picked":["RobotSpaceExplorer:MakeshiftVolley","RobotSpaceExplorer:FranticSearch+1","RobotSpaceExplorer:Probe","RobotSpaceExplorer:Electropulse","RobotSpaceExplorer:ImprovisedAttack"],"picked":"SKIP","floor":7},{"not_picked":["RobotSpaceExplorer:Ammunition+1","RobotSpaceExplorer:MiniBoosters","RobotSpaceExplorer:SurgingShield+1","RobotSpaceExplorer:FranticSearch+1"],"picked":"RobotSpaceExplorer:MakeshiftVolley","floor":10},{"not_picked":["RobotSpaceExplorer:DoubleFind+1","RobotSpaceExplorer:LaserBurst","RobotSpaceExplorer:SurgingStrike","RobotSpaceExplorer:ShovelStrike"],"picked":"RobotSpaceExplorer:BigMissile","floor":11},{"not_picked":["RobotSpaceExplorer:Jetpack+1","RobotSpaceExplorer:GlueShot+1","RobotSpaceExplorer:SlimeMissile","RobotSpaceExplorer:SurgingShield+1"],"picked":"RobotSpaceExplorer:Discharger","floor":13},{"not_picked":["RobotSpaceExplorer:FrostMissile","RobotSpaceExplorer:FreezeRay","RobotSpaceExplorer:ToxicBomb+1","RobotSpaceExplorer:Smokescreen+1"],"picked":"RobotSpaceExplorer:HighVoltage","floor":14}],"player_experience":201835,"relics_obtained":[{"floor":1,"key":"SynthV:TestCard"},{"floor":6,"key":"Toxic Egg 2"},{"floor":9,"key":"RobotSpaceExplorer:ClockworkSextant"},{"floor":14,"key":"AT_SilvercatRing"}],"event_choices":[{"damage_healed":0,"gold_gain":0,"player_choice":"Entered Light","damage_taken":15,"max_hp_gain":0,"max_hp_loss":0,"event_name":"Shining Light","floor":3,"gold_loss":0,"cards_upgraded":["RobotSpaceExplorer:MiniLasers","RobotSpaceExplorer:Defend"]},{"damage_healed":0,"gold_gain":75,"player_choice":"Gather Gold","damage_taken":11,"max_hp_gain":0,"max_hp_loss":0,"event_name":"World of Goop","floor":5,"gold_loss":0},{"damage_healed":0,"gold_gain":0,"player_choice":"»˚«Æ","damage_taken":0,"relics_obtained":["PaintedHorse:ReiMu"],"max_hp_gain":0,"max_hp_loss":0,"event_name":"yidonshenshe","floor":12,"gold_loss":40}],"is_beta":false,"boss_relics":[],"items_purged_floors":[4],"is_endless":false,"potions_floor_spawned":[1,6,7,13,14],"killed_by":"Hexaghost","ascension_level":0}}