{"host":"skr63qsdfgeey3it","time":1614219461,"event":{"mods":["BaseMod","Colored Map","Hubris","Minty Spire (QoL Compilation)","Monster B Gone","Reliquary","Replay The Spire","Spicy Shops","StSLib"],"gold_per_floor":[369,389,405,418,99,99,46,72,95,107,107,134,150,200,200,276,276,287,287,287,487,503,503,419,419,419,460,474,72,114,134,134,217,217,240,252,20,43,43,43,43,43,43],"floor_reached":42,"language":"ENG","playtime":2215,"items_purged":[],"score":963,"play_id":"8519c5f7-9236-4bef-9a2d-c2f826bd09fc","local_time":"20210224201741","is_ascension_mode":true,"campfire_choices":[{"floor":6,"key":"REST"},{"floor":15,"key":"REST"},{"floor":23,"key":"REST"},{"data":"Zap","floor":25,"key":"SMITH"},{"data":"BasicCrystalCard","floor":32,"key":"SMITH"},{"floor":40,"key":"REST"}],"circlet_count":0,"master_deck":["AscendersBane","Strike_B","Strike_B","Strike_B","Defend_B","Defend_B","Defend_B","Defend_B","Zap+1","Dualcast","Defragment","BasicCrystalCard+1","Tempest","Hologram","Steam","Panic Button","Multi-Cast","Electrodynamics","Reinforced Body","Self Repair+1","Defragment+1","Buffer","FIFO Queue","ReplayRNGCard","Hologram","Lockon","Lockon","Cold Snap+1"],"relics":["Cracked Core","Chemical X","Replay:Baseball","reliquary:Knoch","Blue Doll","StrikeDummy","Black Star","Lee\u0027s Waffle","Replay:Kaleidoscope","CeramicFish","Replay:Accelerometer","hubris:BallOfYels","ClockworkSouvenir","hubris:EmptyBottle","Replay:Rubber Ducky","hubris:TenFootPole","Replay:Wax Seal","Membership Card"],"acts_visited":["Exordium","TheCity","TheBeyond"],"potions_floor_usage":[12,30,30,33,33,33,35,35,35],"damage_taken":[{"damage":0,"enemies":"Cultist","floor":1,"turns":3},{"damage":2,"enemies":"Jaw Worm","floor":2,"turns":3},{"damage":0,"enemies":"2 Louse","floor":3,"turns":2},{"damage":18,"enemies":"Red Slaver","floor":4,"turns":3},{"damage":0,"enemies":"Replay:BlueRogue","floor":8,"turns":4},{"damage":4,"enemies":"3 Louse","floor":10,"turns":2},{"damage":6,"enemies":"Gremlin Nob","floor":12,"turns":3},{"damage":1,"enemies":"Looter","floor":13,"turns":3},{"damage":19,"enemies":"The Guardian","floor":16,"turns":11},{"damage":6,"enemies":"Spheric Guardian","floor":18,"turns":3},{"damage":17,"enemies":"Shell Parasite","floor":22,"turns":5},{"damage":5,"enemies":"Slavers","floor":27,"turns":2},{"damage":18,"enemies":"Snake Plant","floor":28,"turns":4},{"damage":9,"enemies":"Replay:Snechameleon","floor":30,"turns":4},{"damage":16,"enemies":"Centurion and Healer","floor":31,"turns":5},{"damage":0,"enemies":"Champ","floor":33,"turns":12},{"damage":36,"enemies":"3 Darklings","floor":35,"turns":3},{"damage":0,"enemies":"3 Shapes","floor":36,"turns":2},{"damage":35,"enemies":"Transient","floor":38,"turns":5},{"damage":28,"enemies":"3 Darklings","floor":42,"turns":3}],"seed_played":"-297498184406144814","potions_obtained":[{"floor":1,"key":"Elixir"},{"floor":2,"key":"FocusPotion"},{"floor":16,"key":"FearPotion"},{"floor":30,"key":"Ancient Potion"},{"floor":33,"key":"Explosive Potion"}],"is_trial":false,"path_per_floor":["M","M","M","M","$","R","$","E","T","M","?","E","M","?","R","B",null,"M","?","?","?","M","R","$","R","T","E","M","$","E","M","R","B",null,"M","M","$","M","?","R","?","M"],"character_chosen":"DEFECT","items_purchased":["Chemical X","Replay:Baseball","Steam","Lee\u0027s Waffle","hubris:BallOfYels","ClockworkSouvenir","hubris:EmptyBottle","Replay:Wax Seal","Membership Card","Lockon"],"campfire_rested":4,"item_purchase_floors":[5,5,7,24,29,29,29,37,37,37],"current_hp_per_floor":[46,44,44,26,26,47,47,47,47,43,43,37,36,36,57,38,63,57,57,36,36,19,40,78,78,78,73,65,65,56,50,50,60,74,38,38,38,3,3,26,26,0,0],"gold":43,"neow_bonus":"TWO_FIFTY_GOLD","is_daily":false,"chose_seed":false,"campfire_upgraded":2,"win_rate":0.0,"timestamp":1614219461,"path_taken":["M","M","?","M","$","R","$","E","T","M","?","E","?","?","R","BOSS","M","?","?","?","M","R","$","R","T","E","M","$","E","M","R","BOSS","M","M","?","M","?","R","?","?"],"items_purchased_type":["Relic","Relic","Card","Relic","Relic","Relic","Relic","Relic","Relic","Card"],"build_version":"2020-12-22","purchased_purges":0,"victory":false,"max_hp_per_floor":[71,71,71,71,71,71,71,71,71,71,71,71,71,71,71,71,71,71,71,71,71,71,71,78,78,78,78,78,78,78,78,78,78,78,78,78,78,78,78,78,78,78,78],"card_choices":[{"not_picked":["Ball Lightning","Panic Button"],"picked":"Defragment","floor":1},{"not_picked":["hubris:DoWhile","Beam Cell"],"picked":"BasicCrystalCard","floor":2},{"not_picked":["Beam Cell","White Noise"],"picked":"Tempest","floor":3},{"not_picked":["Darkness","Beam Cell"],"picked":"Hologram","floor":4},{"not_picked":["Darkness","ReplayGash"],"picked":"Panic Button","floor":8},{"not_picked":["Sweeping Beam","Redo","ReplayTheSpireMod:Repulse"],"picked":"SKIP","floor":10},{"not_picked":["Doom and Gloom","Darkness"],"picked":"Go for the Eyes","floor":12},{"not_picked":["Undo","Conserve Battery"],"picked":"Multi-Cast","floor":13},{"not_picked":["Multi-Cast","Rainbow"],"picked":"Electrodynamics","floor":16},{"not_picked":["Reprogram","Redo"],"picked":"Reinforced Body","floor":18},{"not_picked":["Storm","ReplayTheSpireMod:Reroute Power"],"picked":"Self Repair+1","floor":22},{"not_picked":["Coolheaded","Recycle+1"],"picked":"Defragment+1","floor":27},{"not_picked":["Gash","Beam Cell","Rebound"],"picked":"SKIP","floor":28},{"not_picked":["Leap","Turbo"],"picked":"Buffer","floor":30},{"not_picked":["Melter","Sweeping Beam"],"picked":"FIFO Queue","floor":31},{"not_picked":["Meteor Strike","All For One"],"picked":"ReplayRNGCard","floor":33},{"not_picked":["Panic Button","Hello World+1"],"picked":"Hologram","floor":35},{"not_picked":["Redo","Go for the Eyes","Rebound"],"picked":"SKIP","floor":36},{"not_picked":["Panic Button+1","Coolheaded"],"picked":"Cold Snap+1","floor":38}],"player_experience":1005740,"relics_obtained":[{"floor":8,"key":"reliquary:Knoch"},{"floor":9,"key":"Blue Doll"},{"floor":12,"key":"StrikeDummy"},{"floor":26,"key":"Replay:Kaleidoscope"},{"floor":27,"key":"CeramicFish"},{"floor":27,"key":"Replay:Accelerometer"},{"floor":30,"key":"Replay:Rubber Ducky"},{"floor":30,"key":"hubris:TenFootPole"}],"event_choices":[{"cards_removed":["Strike_B"],"damage_healed":0,"gold_gain":0,"player_choice":"Purged","damage_taken":0,"max_hp_gain":0,"max_hp_loss":0,"event_name":"Purifier","floor":11,"gold_loss":0},{"damage_healed":0,"gold_gain":50,"player_choice":"Pray","damage_taken":0,"max_hp_gain":0,"max_hp_loss":0,"event_name":"Golden Shrine","floor":14,"gold_loss":0},{"damage_healed":0,"gold_gain":0,"player_choice":"Obtained Book","damage_taken":21,"max_hp_gain":0,"max_hp_loss":0,"event_name":"Cursed Tome","floor":20,"gold_loss":0},{"damage_healed":0,"gold_gain":250,"player_choice":"Bet on Owner","damage_taken":0,"max_hp_gain":0,"max_hp_loss":0,"event_name":"The Joust","floor":21,"gold_loss":50},{"cards_removed":["Go for the Eyes"],"damage_healed":0,"gold_gain":0,"player_choice":"Removed Attack","damage_taken":0,"max_hp_gain":0,"max_hp_loss":0,"event_name":"Falling","floor":39,"gold_loss":0},{"damage_healed":0,"gold_gain":0,"player_choice":"Ignored","damage_taken":0,"max_hp_gain":0,"max_hp_loss":0,"event_name":"WeMeetAgain","floor":41,"gold_loss":0}],"is_beta":false,"boss_relics":[{"not_picked":["Astrolabe","Philosopher\u0027s Stone"],"picked":"Black Star"},{"not_picked":["Runic Dome","Replay:Wanted Poster","Kintsugi"]}],"items_purged_floors":[],"is_endless":false,"potions_floor_spawned":[1,2,3,16,18,30,33],"killed_by":"3 Darklings","ascension_level":16}}