{"host":"6h0diz2ap0m56grs","time":1614278746,"event":{"mods":["2.2 Compatiblity","BaseMod","Colored Map","Marisa????????","Minty Spire (QoL Compilation)","Quick Restart","Replay The Spire","Shop Mod","StSLib","The Cursed","The Exalted","The Necromancer","The Servant 0.9.4"],"gold_per_floor":[115,125,125,225,244,271,271,271],"floor_reached":7,"language":"ENG","playtime":285,"items_purged":[],"score":54,"play_id":"8977c089-0e5e-4589-b1d7-01b69fb4087d","local_time":"20210225124546","daily_mods":["SealedDeck","Heirloom","Time Dilation","Flight"],"is_ascension_mode":true,"campfire_choices":[],"circlet_count":0,"master_deck":["Siphon_Strength","Toxic_Smoke_Screen","Toxic_Smoke_Screen","Bone_Bullets","Bones_to_Steel","Negative_Energy_Burst","Summon_Undead_Army","Bone_Armor","Stop_Heart","Summon_Lich","Summon_Undead","Blood_Whip","Deaths_Shadow"],"relics":["Snecko Eye","Ring of Chaos","replay:Trail_Library","Dead Branch","Replay:Bottled Steam"],"acts_visited":["Exordium"],"potions_floor_usage":[],"damage_taken":[{"damage":6,"enemies":"Small Slimes","floor":1,"turns":3},{"damage":0,"enemies":"Jaw Worm","floor":2,"turns":3},{"damage":0,"enemies":"Cultist","floor":5,"turns":2},{"damage":1,"enemies":"Lagavulin","floor":6,"turns":5},{"damage":3,"enemies":"3 Sentries","floor":7,"turns":1}],"seed_played":"-2797450498496185509","potions_obtained":[{"floor":1,"key":"Block Potion"},{"floor":6,"key":"CultistPotion"}],"is_trial":true,"path_per_floor":["M","M","?","?","M","E","E"],"character_chosen":"NECROMANCER","items_purchased":[],"campfire_rested":0,"item_purchase_floors":[],"current_hp_per_floor":[69,69,74,74,74,73,70,70],"gold":271,"neow_bonus":"","is_daily":false,"chose_seed":false,"campfire_upgraded":0,"win_rate":0.0,"timestamp":1614278746,"path_taken":["M","M","?","?","?","E","E"],"items_purchased_type":[],"build_version":"2020-12-22","purchased_purges":0,"victory":false,"max_hp_per_floor":[75,75,80,80,80,80,80,80],"card_choices":[{"not_picked":["Shade_Step","Spectral_Walk"],"picked":"Summon_Undead","floor":1},{"not_picked":["Negative_Energy_Shield","Exploit"],"picked":"Blood_Whip","floor":2},{"not_picked":["Blood_Is_Power","Consume_Illness","Exploit"],"picked":"SKIP","floor":5},{"not_picked":["Thousand_Bone_Knives","Negative_Energy_Javelin"],"picked":"Deaths_Shadow","floor":6}],"player_experience":572420,"relics_obtained":[{"floor":6,"key":"Replay:Bottled Steam"}],"event_choices":[{"damage_healed":0,"gold_gain":0,"player_choice":"Donut","damage_taken":0,"max_hp_gain":5,"max_hp_loss":0,"event_name":"Big Fish","floor":3,"gold_loss":0},{"damage_healed":0,"gold_gain":100,"player_choice":"Pray","damage_taken":0,"max_hp_gain":0,"max_hp_loss":0,"event_name":"Golden Shrine","floor":4,"gold_loss":0}],"is_beta":false,"boss_relics":[],"items_purged_floors":[],"is_endless":false,"potions_floor_spawned":[1,6],"killed_by":"3 Sentries","ascension_level":1}}