{"host":"o88u0awh8mkwl1l8","time":1614243690,"event":{"mods":["BaseMod","Colored Map","Highlight Path","Minty Spire (QoL Compilation)","Relic Sorter"],"gold_per_floor":[116,134,148,168,187,220,237,237,237,121,149,149,149,181,181,259,259,276,289,289,302,302,302,18,18,88,117,134,153,153,196,196,281,281,304,666,690,710,744,744,781,792,801,801,801],"floor_reached":44,"language":"JPN","playtime":2941,"items_purged":["Strike_P"],"score":1200,"play_id":"1ab5f641-f97b-4b2e-9169-863f32f1ce06","local_time":"20210225180130","is_ascension_mode":true,"campfire_choices":[{"floor":8.0,"key":"REST"},{"data":"Conclude","floor":13.0,"key":"SMITH"},{"data":"Tantrum","floor":15.0,"key":"SMITH"},{"floor":23.0,"key":"REST"},{"data":"Secret Weapon","floor":25.0,"key":"SMITH"},{"floor":30.0,"key":"REST"},{"data":"SpiritShield","floor":32.0,"key":"SMITH"},{"floor":40.0,"key":"REST"}],"circlet_count":0,"master_deck":["AscendersBane","Strike_P","Strike_P","Strike_P","Defend_P+1","Defend_P","Defend_P","Defend_P+1","Eruption","Vigilance","TalkToTheHand","Tantrum+1","FearNoEvil+1","ThirdEye","DeceiveReality","EmptyBody","Fasting2","Conclude+1","SpiritShield+1","DevaForm+1","J.A.X.","Wallop","Study+1","Secret Weapon+1","Writhe","BattleHymn+1","FearNoEvil+1","Tantrum+1","DeusExMachina","Halt+1","TalkToTheHand+1","SashWhip+1","Shame","Tantrum+1","Shame"],"relics":["PureWater","Gremlin Horn","Centennial Puzzle","Frozen Egg 2","White Beast Statue","Cursed Key","Matryoshka","Question Card","CeramicFish","Fusion Hammer","Old Coin","PreservedInsect","Pantograph","Whetstone","Thread and Needle"],"acts_visited":["TheCity","TheBeyond"],"potions_floor_usage":[44],"damage_taken":[{"damage":0.0,"enemies":"Cultist","floor":1.0,"turns":3.0},{"damage":2.0,"enemies":"Jaw Worm","floor":2.0,"turns":4.0},{"damage":0.0,"enemies":"2 Louse","floor":3.0,"turns":2.0},{"damage":4.0,"enemies":"Blue Slaver","floor":4.0,"turns":4.0},{"damage":11.0,"enemies":"Looter","floor":5.0,"turns":3.0},{"damage":14.0,"enemies":"Gremlin Nob","floor":6.0,"turns":3.0},{"damage":4.0,"enemies":"Exordium Wildlife","floor":7.0,"turns":4.0},{"damage":1.0,"enemies":"Lagavulin","floor":11.0,"turns":6.0},{"damage":7.0,"enemies":"3 Sentries","floor":14.0,"turns":5.0},{"damage":0.0,"enemies":"Slime Boss","floor":16.0,"turns":4.0},{"damage":15.0,"enemies":"2 Thieves","floor":18.0,"turns":4.0},{"damage":2.0,"enemies":"Spheric Guardian","floor":19.0,"turns":6.0},{"damage":19.0,"enemies":"Chosen and Byrds","floor":21.0,"turns":5.0},{"damage":3.0,"enemies":"Gremlin Leader","floor":27.0,"turns":3.0},{"damage":20.0,"enemies":"Shelled Parasite and Fungi","floor":28.0,"turns":3.0},{"damage":3.0,"enemies":"Centurion and Healer","floor":29.0,"turns":2.0},{"damage":14.0,"enemies":"Slavers","floor":31.0,"turns":5.0},{"damage":21.0,"enemies":"Champ","floor":33.0,"turns":5.0},{"damage":1.0,"enemies":"3 Shapes","floor":35.0,"turns":3.0},{"damage":24.0,"enemies":"2 Orb Walkers","floor":36.0,"turns":4.0},{"damage":16.0,"enemies":"Orb Walker","floor":37.0,"turns":3.0},{"damage":3.0,"enemies":"Writhing Mass","floor":38.0,"turns":4.0},{"damage":24.0,"enemies":"Nemesis","floor":41.0,"turns":5.0},{"damage":7,"enemies":"Sphere and 2 Shapes","floor":42,"turns":2},{"damage":14,"enemies":"4 Shapes","floor":44,"turns":3}],"seed_played":"-8633042335082171006","potions_obtained":[{"floor":1.0,"key":"ColorlessPotion"},{"floor":3.0,"key":"Strength Potion"},{"floor":7.0,"key":"LiquidMemories"},{"floor":16.0,"key":"Fire Potion"},{"floor":18.0,"key":"SteroidPotion"},{"floor":21.0,"key":"PowerPotion"},{"floor":31.0,"key":"BlessingOfTheForge"},{"floor":37.0,"key":"Strength Potion"},{"floor":38.0,"key":"Weak Potion"},{"floor":41.0,"key":"Dexterity Potion"},{"floor":42,"key":"DistilledChaos"}],"is_trial":false,"path_per_floor":["M","M","M","M","M","E","M","R","T","$","E","?","R","E","R","B",null,"M","M","?","M","?","R","$","R","T","E","M","M","R","E","R","B",null,"M","?","M","M","T","R","E","M","T","M"],"character_chosen":"WATCHER","items_purchased":["Fasting2","Study+1","Secret Weapon"],"campfire_rested":4,"item_purchase_floors":[10,24,24],"current_hp_per_floor":[55,53,53,49,38,24,20,44,44,44,43,19,19,12,12,12,63,48,46,46,27,27,51,51,51,51,48,28,25,49,35,35,14,64,63,39,23,20,20,44,20,13,13,0,0],"gold":801,"neow_bonus":"TWENTY_PERCENT_HP_BONUS","is_daily":false,"chose_seed":false,"campfire_upgraded":4,"win_rate":0.0,"timestamp":1614243690,"path_taken":["M","M","M","M","M","E","M","R","T","?","E","?","R","E","R","BOSS","M","M","?","M","?","R","$","R","T","E","M","M","R","E","R","BOSS","M","?","M","M","?","R","E","M","T","M"],"items_purchased_type":["Card","Card","Card"],"build_version":"2020-12-22","purchased_purges":1,"victory":false,"max_hp_per_floor":[80,80,80,80,80,80,80,80,80,80,80,80,80,80,80,80,80,80,80,80,80,80,80,80,80,80,80,80,80,80,80,80,80,80,80,80,80,80,80,80,80,80,80,80,80],"card_choices":[{"not_picked":["Nirvana","PathToVictory"],"picked":"TalkToTheHand","floor":1.0},{"not_picked":["SashWhip","FollowUp"],"picked":"Tantrum","floor":2.0},{"not_picked":["LikeWater","Collect"],"picked":"FearNoEvil","floor":3.0},{"not_picked":["ClearTheMind","Worship"],"picked":"ThirdEye","floor":4.0},{"not_picked":["SashWhip","ThirdEye"],"picked":"DeceiveReality","floor":5.0},{"not_picked":["FlurryOfBlows","Prostrate"],"picked":"EmptyBody","floor":6.0},{"not_picked":["WaveOfTheHand","Pray","EmptyBody"],"picked":"SKIP","floor":7.0},{"not_picked":["Evaluate","EmptyFist"],"picked":"Conclude","floor":11.0},{"not_picked":["Perseverance","EmptyFist"],"picked":"SpiritShield","floor":14.0},{"not_picked":["ConjureBlade","Scrawl"],"picked":"DevaForm+1","floor":16.0},{"not_picked":["Consecrate","EmptyBody+1","EmptyFist"],"picked":"SKIP","floor":18.0},{"not_picked":["Sanctity","ReachHeaven","Weave"],"picked":"SKIP","floor":19.0},{"not_picked":["Sanctity","ReachHeaven","Weave"],"picked":"SKIP","floor":19.0},{"not_picked":["PathToVictory","EmptyFist","Conclude"],"picked":"SKIP","floor":21.0},{"not_picked":["PathToVictory","EmptyFist","Conclude"],"picked":"SKIP","floor":21.0},{"not_picked":["Judgement","ThirdEye"],"picked":"BattleHymn+1","floor":27.0},{"not_picked":["SashWhip","WheelKick","Prostrate"],"picked":"FearNoEvil","floor":28.0},{"not_picked":["CutThroughFate","EmptyMind","BowlingBash","Evaluate"],"picked":"SKIP","floor":29.0},{"not_picked":["BowlingBash","PathToVictory","EmptyBody"],"picked":"Tantrum+1","floor":31.0},{"not_picked":["Brilliance","Scrawl","Alpha"],"picked":"DeusExMachina","floor":33.0},{"not_picked":["EmptyBody","ReachHeaven+1","Consecrate"],"picked":"Halt+1","floor":35.0},{"not_picked":["EmptyFist","Protect+1","Halt"],"picked":"TalkToTheHand+1","floor":36.0},{"not_picked":["CarveReality","FollowUp","EmptyBody"],"picked":"SashWhip+1","floor":37.0},{"not_picked":["Worship","Prostrate+1","Crescendo","Consecrate"],"picked":"SKIP","floor":38.0},{"not_picked":["CutThroughFate+1","PathToVictory+1","SandsOfTime"],"picked":"Tantrum+1","floor":41.0},{"not_picked":["SashWhip","CarveReality","Protect","Collect"],"picked":"SKIP","floor":42}],"player_experience":1349508,"relics_obtained":[{"floor":6.0,"key":"Centennial Puzzle"},{"floor":9.0,"key":"Gremlin Horn"},{"floor":11.0,"key":"Frozen Egg 2"},{"floor":14.0,"key":"White Beast Statue"},{"floor":26.0,"key":"Matryoshka"},{"floor":27.0,"key":"Question Card"},{"floor":31.0,"key":"CeramicFish"},{"floor":36.0,"key":"Old Coin"},{"floor":39.0,"key":"PreservedInsect"},{"floor":41.0,"key":"Pantograph"},{"floor":43,"key":"Whetstone"},{"floor":43,"key":"Thread and Needle"}],"event_choices":[{"damage_healed":0.0,"max_hp_gain":0.0,"max_hp_loss":0.0,"gold_gain":0.0,"event_name":"Shining Light","player_choice":"Entered Light","floor":12.0,"gold_loss":0.0,"damage_taken":24.0,"cards_upgraded":["Defend_P","Defend_P"]},{"damage_healed":0.0,"max_hp_gain":0.0,"max_hp_loss":0.0,"gold_gain":0.0,"event_name":"Drug Dealer","player_choice":"Obtain J.A.X.","floor":20.0,"gold_loss":0.0,"damage_taken":0.0,"cards_obtained":["J.A.X."]},{"damage_healed":0.0,"max_hp_gain":0.0,"max_hp_loss":0.0,"gold_gain":0.0,"event_name":"The Library","player_choice":"Read","floor":22.0,"gold_loss":0.0,"damage_taken":0.0,"cards_obtained":["Wallop"]},{"damage_healed":0.0,"max_hp_gain":0.0,"max_hp_loss":0.0,"gold_gain":0.0,"event_name":"Mysterious Sphere","player_choice":"Fight","floor":36.0,"gold_loss":0.0,"damage_taken":0.0}],"is_beta":false,"boss_relics":[{"not_picked":["Black Star","Coffee Dripper"],"picked":"Cursed Key"},{"not_picked":["Runic Dome","Pandora\u0027s Box"],"picked":"Fusion Hammer"}],"items_purged_floors":[10],"is_endless":false,"potions_floor_spawned":[1,3,5,7,16,18,19,21,27,28,29,31,33,35,36,37,38,41,42],"killed_by":"4 Shapes","ascension_level":20}}