{"host":"v0xbo920qxoewo3e","time":1614262986,"event":{"mods":["Act Like it!","Aspiration","Astrologer","BaseMod","Conspire","Downfall","Friendly Minions","GifTheSpireLib","Halation","Hermit","Hubris","Infinite Spire","Jedi Mod","Jorbs\u0027s Wanderer Trilogy","Koishi","Marisa????????","Minty Spire (QoL Compilation)","Potionbrewer","Rare Cards Sparkle","Reimu??????","Remilia??????","Replay The Spire","StSLib","Stuff the Spire","The Animator","The Blackbeard","The Bladedancer","The Bug Knight","The Construct","The Cursed","The Disciple","The Gatherer","The Jungle","The Problem Sleuth","The Runesmith","The Servant 0.9.4","TheBandit","Unceasing Turn Reminder"],"gold_per_floor":[109,109,128,20,38,65,65,96,123,155,181,181,456,486,486,661,661,687,717,298,298,326,396,426,230,310,376,418,343,343,403,403,654,654,697,708,708,153,153,153,183,183,183,183,183,125,173,143,143,143],"floor_reached":51,"language":"ENG","playtime":4020,"items_purged":["hermit:Strike_Hermit","hermit:Strike_Hermit","hermit:Defend_Hermit","hermit:Defend_Hermit"],"score":1140,"play_id":"cfcf2584-2915-4d53-9f21-1fd21ce5ba16","local_time":"20210225162306","is_ascension_mode":true,"campfire_choices":[{"floor":7,"key":"REST"},{"data":"hermit:Adapt","floor":12,"key":"SMITH"},{"data":"hermit:Vantage","floor":15,"key":"SMITH"},{"data":"Apotheosis","floor":30,"key":"SMITH"},{"data":"hermit:FinalCanter","floor":32,"key":"SMITH"},{"data":"Barricade","floor":40,"key":"SMITH"},{"data":"Burning Pact","floor":42,"key":"SMITH"},{"data":"hermit:OverwhelmingPower","floor":44,"key":"SMITH"},{"data":"infinitespire:Collect","floor":49,"key":"SMITH"}],"circlet_count":0,"master_deck":["hermit:Defend_Hermit+1","hermit:Snapshot","hermit:Covet","hermit:Vantage+1","Decay","hermit:Misfire","hermit:Vantage+1","hermit:GoldenBullet","hermit:Adapt+1","Iron Wave","hermit:DeadOrAlive","hermit:FlashPowder","Regret","hermit:BodyArmor","hermit:HeroicBravado","hermit:WideOpen","Apotheosis+1","Flash of Steel","hermit:Roulette","hermit:DeadOrAlive","hermit:Glare+1","ReplayTheSpireMod:Strike From Hell","hermit:Misfire","hermit:FinalCanter+1","hermit:SprayPray","hermit:OverwhelmingPower+1","animator:Curse_Nutcracker","hermit:FromBeyond","infinitespire:Gouge","jedi:forcepull","Barricade+1","hermit:Dissolve","Burning Pact+1","infinitespire:Collect+1","hermit:ShadowCloak+1"],"relics":["hermit:Momento","hubris:DisguiseKit","Potion Belt","StuffTheSpire:Rhapsscallions","halation:PromiseList","hubris:CuriousFeather","bronze:MakeshiftBattery","ReplayTheSpireMod:ShopPack","potionbrewer:AlchemistFlask","StuffTheSpire:ForceGauntlet","Bag of Preparation","StuffTheSpire:Tea","ReplayTheSpireMod:SealedPack","theSleuth:Tectrixcalibur","Garlic","infinitespire:EvilPickle","hubris:Towel","jedi:HeartOfTheCards"],"acts_visited":["Exordium","TheCity","TheBeyond"],"potions_floor_usage":[23,24,27,28,50,50,50],"damage_taken":[{"damage":0,"enemies":"2 Louse","floor":1,"turns":3},{"damage":0,"enemies":"conspire:RoseBush","floor":3,"turns":4},{"damage":0,"enemies":"Cultist","floor":5,"turns":3},{"damage":30,"enemies":"Gremlin Nob","floor":6,"turns":5},{"damage":1,"enemies":"HollowMod:MossKnight","floor":8,"turns":11},{"damage":7,"enemies":"Lagavulin","floor":10,"turns":8},{"damage":0,"enemies":"Large Slime","floor":11,"turns":9},{"damage":0,"enemies":"Red Slaver","floor":14,"turns":6},{"damage":15,"enemies":"The Guardian","floor":16,"turns":12},{"damage":0,"enemies":"conspire:FuzzyDice","floor":18,"turns":11},{"damage":0,"enemies":"Spheric Guardian","floor":19,"turns":4},{"damage":3,"enemies":"Centurion and Healer","floor":22,"turns":6},{"damage":1,"enemies":"Book of Stabbing","floor":23,"turns":7},{"damage":1,"enemies":"Chosen and Byrds","floor":24,"turns":8},{"damage":13,"enemies":"Gremlin Leader","floor":27,"turns":4},{"damage":1,"enemies":"3 Cultists","floor":28,"turns":8},{"damage":0,"enemies":"conspire:Head Lice","floor":31,"turns":7},{"damage":14,"enemies":"Pondfish","floor":33,"turns":7},{"damage":6,"enemies":"3 Shapes","floor":35,"turns":5},{"damage":0,"enemies":"3 Darklings","floor":36,"turns":2},{"damage":0,"enemies":"Spire Growth","floor":41,"turns":2},{"damage":0,"enemies":"Jaw Worm Horde","floor":47,"turns":3},{"damage":2,"enemies":"Time Eater","floor":50,"turns":4}],"seed_played":"7166144789193179603","potions_obtained":[{"floor":6,"key":"SkillPotion"},{"floor":8,"key":"SneckoOil"},{"floor":10,"key":"potionbrewer:NoxiousPotion"},{"floor":11,"key":"hermit:Tonic"},{"floor":16,"key":"FearPotion"},{"floor":28,"key":"Elixir"},{"floor":41,"key":"potionbrewer:ToxicPotion"},{"floor":48,"key":"sneckomod:MuddlingPotion"},{"floor":48,"key":"FearPotion"}],"is_trial":false,"path_per_floor":["M","?","M","$","M","E","R","E","T","E","M","R","?","M","R","B",null,"M","M","$","?","M","E","M","$","T","E","M","?","R","E","R","B",null,"M","M","?","$","?","R","M","R","T","R","AVR","$","M","?","R","B",null],"character_chosen":"HERMIT","items_purchased":["hermit:Vantage+1","ReplayTheSpireMod:ShopPack","hermit:Roulette","hermit:DeadOrAlive","hermit:FinalCanter","hermit:Dissolve","Garlic","hermit:ShadowCloak+1"],"campfire_rested":1,"item_purchase_floors":[4,20,20,20,25,38,38,46],"current_hp_per_floor":[75,75,75,75,75,45,67,70,70,63,63,63,63,63,63,48,79,79,79,79,79,76,75,74,74,74,61,60,60,60,60,60,46,79,73,73,73,73,73,73,73,73,73,73,73,73,73,73,73,71],"gold":143,"neow_bonus":"RANDOM_EVENT","is_daily":false,"chose_seed":false,"campfire_upgraded":8,"win_rate":0.0,"timestamp":1614262986,"path_taken":["M","?","M","$","M","E","R","E","T","E","M","R","?","M","R","BOSS","M","?","$","?","M","E","M","$","T","E","?","?","R","E","R","BOSS","M","M","?","$","?","R","M","R","T","R","AVR","?","M","?","R","BOSS"],"items_purchased_type":["Card","Relic","Card","Card","Card","Card","Relic","Card"],"build_version":"2020-12-22","purchased_purges":4,"victory":true,"max_hp_per_floor":[75,75,75,75,75,75,75,79,79,79,79,79,79,79,79,79,79,79,79,79,79,79,79,79,79,79,79,79,79,79,79,79,79,79,79,79,79,79,79,79,79,79,79,79,79,79,79,79,79,79],"card_choices":[{"not_picked":["hermit:Midnight","hermit:ShadowCloak"],"picked":"hermit:Vantage","floor":1},{"not_picked":["hermit:HighCaliber","hermit:Brawl","Anger"],"picked":"hermit:Misfire","floor":3},{"not_picked":["hermit:SprayPray","hermit:WideOpen","Hemokinesis"],"picked":"hermit:GoldenBullet","floor":5},{"not_picked":["hermit:LuckOfTheDraw","hermit:Snipe","Iron Wave"],"picked":"hermit:Adapt","floor":6},{"not_picked":["hermit:Vantage","hermit:Feint","hermit:Headshot"],"picked":"Iron Wave","floor":8},{"not_picked":["hermit:Misfire","hermit:LuckOfTheDraw","Havoc"],"picked":"hermit:DeadOrAlive","floor":10},{"not_picked":["hermit:TakeCover","hermit:Desperado","Blood for Blood"],"picked":"hermit:FlashPowder","floor":11},{"not_picked":["hermit:Showdown","hermit:Coalescence","Intimidate"],"picked":"hermit:BodyArmor","floor":14},{"not_picked":["hermit:Roughhouse","hermit:DeadOrAlive","Replay:Many Hands"],"picked":"hermit:HeroicBravado","floor":16},{"not_picked":["hermit:HoleUp","hermit:Desperado","hermit:Coalescence","Warcry"],"picked":"SKIP","floor":18},{"not_picked":["hermit:ItchyTrigger","hermit:Vantage","jedi:collectorstrike"],"picked":"hermit:WideOpen","floor":19},{"not_picked":["The Bomb","Magnetism","Sadistic Nature"],"picked":"Apotheosis","floor":20},{"not_picked":["Bandage Up","ReplayTheSpireMod:Private Reserves","Replay:Bootleg Shield Generator"],"picked":"Flash of Steel","floor":20},{"not_picked":["hermit:GoldenBullet","hermit:Dive","Twin Strike"],"picked":"hermit:Glare+1","floor":22},{"not_picked":["hermit:EyeOfTheStorm","hermit:Showdown","hermit:Snipe"],"picked":"ReplayTheSpireMod:Strike From Hell","floor":23},{"not_picked":["hermit:SprayPray","hermit:Roulette","jedi:controlledanger"],"picked":"hermit:Misfire","floor":24},{"not_picked":["hermit:Gestalt","hermit:SprayPray","hermit:Vantage","Clash"],"picked":"SKIP","floor":27},{"not_picked":["hermit:Feint","hermit:WideOpen","Run Through"],"picked":"hermit:SprayPray","floor":28},{"not_picked":["hermit:TakeAim","hermit:Maintenance","hermit:Roulette+1","ReplayTheSpireMod:Strike From Hell"],"picked":"SKIP","floor":31},{"not_picked":["hermit:HighNoon","hermit:Roughhouse","conspire:Purge"],"picked":"hermit:OverwhelmingPower","floor":33},{"not_picked":["hermit:Reprieve","hermit:DeadOrAlive","hermit:Roughhouse"],"picked":"hermit:FromBeyond","floor":34},{"not_picked":["ReplayTheSpireMod:Haul","hubris:InfiniteBlow","ReplayTheSpireMod:Echoes of Time"],"picked":"infinitespire:Gouge","floor":34},{"not_picked":["Swift Strike","Flash of Steel","Madness"],"picked":"jedi:forcepull","floor":34},{"not_picked":["hermit:Roulette","hermit:HoleUp+1","hermit:Desperado+1"],"picked":"Barricade","floor":35},{"not_picked":["hermit:WideOpen+1","hermit:Virtue","hermit:ItchyTrigger+1","StuffTheSpire:RagingBull"],"picked":"SKIP","floor":36},{"not_picked":["hermit:Virtue","hermit:Headshot+1","hermit:NoHoldsBarred+1"],"picked":"Burning Pact","floor":41},{"not_picked":["hermit:Misfire","hermit:FullyLoaded","hermit:CalledShot+1","Headbutt"],"picked":"SKIP","floor":47}],"player_experience":1548797,"relics_obtained":[{"floor":6,"key":"Potion Belt"},{"floor":8,"key":"StuffTheSpire:Rhapsscallions"},{"floor":9,"key":"halation:PromiseList"},{"floor":10,"key":"hubris:CuriousFeather"},{"floor":23,"key":"potionbrewer:AlchemistFlask"},{"floor":26,"key":"StuffTheSpire:ForceGauntlet"},{"floor":27,"key":"Bag of Preparation"},{"floor":31,"key":"StuffTheSpire:Tea"},{"floor":43,"key":"jedi:HeartOfTheCards"}],"event_choices":[{"damage_healed":0,"gold_gain":0,"player_choice":"Grow","damage_taken":0,"max_hp_gain":0,"max_hp_loss":0,"event_name":"Living Wall","floor":0,"gold_loss":0,"cards_upgraded":["hermit:Defend_Hermit"]},{"damage_healed":0,"gold_gain":275,"player_choice":"Desecrate","damage_taken":0,"max_hp_gain":0,"max_hp_loss":0,"event_name":"Golden Shrine","floor":13,"gold_loss":0,"cards_obtained":["Regret"]},{"cards_removed":["hermit:Strike_Hermit"],"damage_healed":0,"gold_gain":0,"player_choice":"Purged","damage_taken":0,"max_hp_gain":0,"max_hp_loss":0,"event_name":"Purifier","floor":21,"gold_loss":0},{"cards_removed":["hermit:Defend_Hermit"],"damage_healed":0,"gold_gain":0,"player_choice":"Gave Gold","damage_taken":0,"max_hp_gain":0,"max_hp_loss":0,"event_name":"Beggar","floor":29,"gold_loss":75},{"damage_healed":0,"gold_gain":0,"player_choice":"Bought 2 Potions","damage_taken":0,"max_hp_gain":0,"max_hp_loss":0,"event_name":"The Woman in Blue","floor":48,"gold_loss":0}],"is_beta":false,"boss_relics":[{"not_picked":["Coffee Dripper","Replay:Drink Me"],"picked":"bronze:MakeshiftBattery"},{"not_picked":["halation:Prosthetics","conspire:SlowCooker"],"picked":"ReplayTheSpireMod:SealedPack"}],"items_purged_floors":[4,20,25,38],"is_endless":false,"potions_floor_spawned":[6,8,10,11,16,18,19,28,41],"ascension_level":3}}