{"host":"TheHustler","time":1614244335,"event":{"mods":["BaseMod","Block Reminder","Colored Map","Colored Powertips","Minty Spire (QoL Compilation)","Quick Restart","StSLib","SuperFastMode","Unceasing Turn Reminder"],"gold_per_floor":[114,129,54,69,84,99,114,144,144,144,174,189,204,219,219,319,319,334,334,349,364,379,379,394,394,394,424,451,478,505,532,544,656,668,695,707,769,781,808,820,862,128,128,128,167,167,196,220,220,220],"floor_reached":51,"language":"ENG","playtime":1804,"items_purged":["Hello World"],"score":1047,"play_id":"127fd88b-330e-4317-8fdd-9d7552312369","local_time":"20210225101215","daily_mods":["Insanity","Colorless Cards","Night Terrors"],"is_ascension_mode":false,"campfire_choices":[{"data":"Mind Blast","floor":10.0,"key":"SMITH"},{"data":"1","floor":15.0,"key":"LIFT"},{"data":"2","floor":23.0,"key":"LIFT"},{"data":"3","floor":25.0,"key":"LIFT"},{"data":"BootSequence","floor":32.0,"key":"SMITH"},{"floor":40.0,"key":"REST"},{"floor":46.0,"key":"REST"},{"data":"Turbo","floor":49,"key":"SMITH"}],"circlet_count":0,"master_deck":["Hologram","Redo","Ball Lightning","Leap","Gash","Barrage","Undo","Turbo+1","Undo","Bandage Up","Streamline","BootSequence+1","Glacier","Stack","Gash","Ball Lightning","Turbo","Gash","Turbo","Beam Cell","Trip","Redo","Jack Of All Trades","Ball Lightning","Coolheaded","Hologram","Leap","Doom and Gloom","Hologram","Coolheaded","Ball Lightning","Rebound","Self Repair","Streamline","Skim","Loop","Mind Blast+1","Barrage","Beam Cell","Rebound","Streamline","Static Discharge","FTL","Scrape","Loop","Streamline","Undo","Hologram","Tempest","Stack","Steam","Force Field","Coolheaded","Sweeping Beam","Force Field","Sweeping Beam","Reboot","CurseOfTheBell","Dark Shackles","Swift Strike+1","Hologram","Leap","Stack","Loop","Coolheaded","Stack","White Noise+1","Coolheaded","Panache","Conserve Battery+1","Scrape+1","Reboot+1","Hologram+1","Jack Of All Trades+1","Madness","Madness","Gash","Aggregate","Sweeping Beam","Beam Cell","Stack","Leap","Hologram+1","Cold Snap+1","Leap+1","Coolheaded+1","Enlightenment","Chill","Aggregate","Coolheaded"],"relics":["Cracked Core","Girya","Pantograph","MealTicket","Calling Bell","Centennial Puzzle","Matryoshka","TungstenRod","Oddly Smooth Stone","Pear","MawBank","Astrolabe","Lizard Tail","Potion Belt","Ornamental Fan","CeramicFish","Orrery","Bag of Marbles","Ice Cream","Pen Nib","Bird Faced Urn"],"acts_visited":["Exordium","TheCity","TheBeyond"],"potions_floor_usage":[50,50,50,50,50],"damage_taken":[{"damage":0.0,"enemies":"2 Louse","floor":1.0,"turns":1.0},{"damage":0.0,"enemies":"Small Slimes","floor":2.0,"turns":1.0},{"damage":0.0,"enemies":"Jaw Worm","floor":4.0,"turns":1.0},{"damage":0.0,"enemies":"Large Slime","floor":5.0,"turns":1.0},{"damage":0.0,"enemies":"2 Fungi Beasts","floor":6.0,"turns":2.0},{"damage":4.0,"enemies":"Lots of Slimes","floor":7.0,"turns":4.0},{"damage":2.0,"enemies":"3 Sentries","floor":8.0,"turns":4.0},{"damage":0.0,"enemies":"Lagavulin","floor":11.0,"turns":2.0},{"damage":0.0,"enemies":"Blue Slaver","floor":12.0,"turns":1.0},{"damage":0.0,"enemies":"3 Louse","floor":13.0,"turns":2.0},{"damage":0.0,"enemies":"Exordium Wildlife","floor":14.0,"turns":2.0},{"damage":39.0,"enemies":"Hexaghost","floor":16.0,"turns":5.0},{"damage":0.0,"enemies":"Chosen","floor":18.0,"turns":2.0},{"damage":9.0,"enemies":"2 Thieves","floor":20.0,"turns":3.0},{"damage":0.0,"enemies":"Sentry and Sphere","floor":21.0,"turns":2.0},{"damage":0.0,"enemies":"Shelled Parasite and Fungi","floor":22.0,"turns":3.0},{"damage":5.0,"enemies":"3 Cultists","floor":24.0,"turns":3.0},{"damage":1.0,"enemies":"Gremlin Leader","floor":27.0,"turns":2.0},{"damage":0.0,"enemies":"Chosen and Byrds","floor":28.0,"turns":2.0},{"damage":7.0,"enemies":"Snecko","floor":29.0,"turns":3.0},{"damage":0.0,"enemies":"Centurion and Healer","floor":30.0,"turns":2.0},{"damage":0.0,"enemies":"Snake Plant","floor":31.0,"turns":2.0},{"damage":67.0,"enemies":"Automaton","floor":33.0,"turns":7.0},{"damage":20.0,"enemies":"3 Darklings","floor":35.0,"turns":4.0},{"damage":29.0,"enemies":"Mind Bloom Boss Battle","floor":37.0,"turns":3.0},{"damage":0.0,"enemies":"3 Shapes","floor":39.0,"turns":2.0},{"damage":39.0,"enemies":"Reptomancer","floor":41.0,"turns":3.0},{"damage":53.0,"enemies":"Giant Head","floor":45.0,"turns":9.0},{"damage":0,"enemies":"2 Orb Walkers","floor":47,"turns":1},{"damage":18,"enemies":"Jaw Worm Horde","floor":48,"turns":4},{"damage":80,"enemies":"Donu and Deca","floor":50,"turns":11}],"seed_played":"3523290589944034342","potions_obtained":[{"floor":2.0,"key":"LiquidBronze"},{"floor":5.0,"key":"Explosive Potion"},{"floor":6.0,"key":"Strength Potion"},{"floor":7.0,"key":"Regen Potion"},{"floor":45.0,"key":"FearPotion"}],"is_trial":false,"path_per_floor":["M","M","$","M","M","M","M","E","T","R","E","M","M","M","R","B",null,"M","?","M","M","M","R","M","R","T","E","M","M","M","M","R","B",null,"M","?","?","?","M","R","E","$","T","?","E","R","?","M","R","B",null],"character_chosen":"DEFECT","items_purchased":["FocusPotion","Sweeping Beam","Beam Cell","Stack","Leap","Ornamental Fan","CeramicFish","Orrery"],"campfire_rested":2,"item_purchase_floors":[42,42,42,42,42,42,42,42],"current_hp_per_floor":[75,75,75,75,75,75,72,70,70,70,70,70,70,70,70,40,75,75,75,73,73,75,75,75,75,85,85,85,78,78,78,78,22,85,65,65,56,46,50,80,41,56,56,56,10,75,75,59,59,19],"gold":220,"neow_bonus":"","is_daily":true,"chose_seed":false,"campfire_upgraded":3,"win_rate":0.0,"timestamp":1614244335,"path_taken":["M","M","$","M","M","M","M","E","T","R","E","M","M","M","R","BOSS","M","?","M","M","M","R","M","R","T","E","M","M","M","M","R","BOSS","M","?","?","?","M","R","E","$","T","?","E","R","?","M","R","BOSS"],"items_purchased_type":["Potion","Card","Card","Card","Card","Relic","Relic","Relic"],"build_version":"2020-12-18","purchased_purges":1,"victory":true,"max_hp_per_floor":[75,75,75,75,75,75,75,75,75,75,75,75,75,75,75,75,75,75,75,75,75,75,75,75,75,85,85,85,85,85,85,85,85,85,85,85,85,85,85,80,80,80,80,80,80,75,75,75,75,75],"card_choices":[{"not_picked":["Redo","Conserve Battery"],"picked":"Undo","floor":1.0},{"not_picked":["Gash","Barrage"],"picked":"Hologram","floor":2.0},{"not_picked":["Barrage","Hologram"],"picked":"Tempest","floor":4.0},{"not_picked":["Hello World","Compile Driver"],"picked":"Stack","floor":5.0},{"not_picked":["Redo","Go for the Eyes"],"picked":"Steam","floor":6.0},{"not_picked":["Multi-Cast","Loop"],"picked":"Force Field","floor":7.0},{"not_picked":["Streamline","Deep Breath"],"picked":"Coolheaded","floor":8.0},{"not_picked":["Rebound","Scrape"],"picked":"Ball Lightning","floor":11.0},{"not_picked":["Leap","Cold Snap"],"picked":"Sweeping Beam","floor":12.0},{"not_picked":["Fusion","Rebound"],"picked":"Force Field","floor":13.0},{"not_picked":["Jack Of All Trades","Conserve Battery"],"picked":"Sweeping Beam","floor":14.0},{"not_picked":["HandOfGreed","Metamorphosis"],"picked":"Reboot","floor":16.0},{"not_picked":["Streamline","Barrage"],"picked":"Dark Shackles","floor":18.0},{"not_picked":["BootSequence","Leap+1"],"picked":"Swift Strike+1","floor":20.0},{"not_picked":["Gash","Leap"],"picked":"Hologram","floor":21.0},{"not_picked":["Chaos+1","Go for the Eyes+1"],"picked":"Leap","floor":22.0},{"not_picked":["BootSequence+1","Cold Snap"],"picked":"Stack","floor":24.0},{"not_picked":["Hologram","Coolheaded"],"picked":"Loop","floor":27.0},{"not_picked":["Stack","Buffer"],"picked":"Coolheaded","floor":28.0},{"not_picked":["Go for the Eyes","Lockon"],"picked":"Stack","floor":29.0},{"not_picked":["Compile Driver","Scrape"],"picked":"White Noise+1","floor":30.0},{"not_picked":["Go for the Eyes","Barrage"],"picked":"Coolheaded","floor":31.0},{"not_picked":["Secret Weapon","Transmutation"],"picked":"Panache","floor":33.0},{"not_picked":["Redo","Impatience+1"],"picked":"Hologram+1","floor":35.0},{"not_picked":["Rebound","Glacier"],"picked":"Jack Of All Trades+1","floor":37.0},{"not_picked":["Fusion","Impatience"],"picked":"Gash","floor":39.0},{"not_picked":["Coolheaded","Turbo"],"picked":"Aggregate","floor":41.0},{"not_picked":["Lockon","Beam Cell"],"picked":"Hologram+1","floor":42.0},{"not_picked":["Hologram","Doom and Gloom+1"],"picked":"Cold Snap+1","floor":42.0},{"not_picked":["Compile Driver","Hello World+1"],"picked":"Leap+1","floor":42.0},{"not_picked":["Steam Power","Meteor Strike"],"picked":"Coolheaded+1","floor":42.0},{"not_picked":["Ball Lightning+1","Trip"],"picked":"Enlightenment","floor":42.0},{"not_picked":["Skim+1","Static Discharge"],"picked":"Chill","floor":45.0},{"not_picked":["Beam Cell+1","Loop"],"picked":"Aggregate","floor":47},{"not_picked":["Conserve Battery","Go for the Eyes+1"],"picked":"Coolheaded","floor":48}],"player_experience":688266,"relics_obtained":[{"floor":8.0,"key":"Girya"},{"floor":9.0,"key":"Pantograph"},{"floor":11.0,"key":"MealTicket"},{"floor":17.0,"key":"Centennial Puzzle"},{"floor":17.0,"key":"Matryoshka"},{"floor":17.0,"key":"TungstenRod"},{"floor":26.0,"key":"Oddly Smooth Stone"},{"floor":26.0,"key":"Pear"},{"floor":27.0,"key":"MawBank"},{"floor":37.0,"key":"Lizard Tail"},{"floor":41.0,"key":"Potion Belt"},{"floor":43.0,"key":"Bag of Marbles"},{"floor":43.0,"key":"Ice Cream"},{"floor":45.0,"key":"Pen Nib"},{"floor":47,"key":"Bird Faced Urn"}],"event_choices":[{"damage_healed":0.0,"max_hp_gain":0.0,"max_hp_loss":0.0,"gold_gain":0.0,"event_name":"Beggar","player_choice":"Ignored","floor":19.0,"gold_loss":0.0,"damage_taken":0.0},{"damage_healed":0.0,"max_hp_gain":0.0,"max_hp_loss":0.0,"gold_gain":0.0,"event_name":"Tomb of Lord Red Mask","player_choice":"Ignored","floor":36.0,"gold_loss":0.0,"damage_taken":0.0},{"damage_healed":0.0,"max_hp_gain":0.0,"max_hp_loss":0.0,"gold_gain":0.0,"event_name":"MindBloom","player_choice":"Fight","floor":37.0,"gold_loss":0.0,"damage_taken":0.0},{"damage_healed":0.0,"max_hp_gain":0.0,"max_hp_loss":0.0,"gold_gain":0.0,"event_name":"Winding Halls","player_choice":"Embrace Madness","floor":38.0,"gold_loss":0.0,"damage_taken":11.0,"cards_obtained":["Madness","Madness"]},{"cards_removed":["Ball Lightning"],"damage_healed":0.0,"max_hp_gain":0.0,"max_hp_loss":0.0,"gold_gain":0.0,"event_name":"Falling","player_choice":"Removed Attack","floor":44.0,"gold_loss":0.0,"damage_taken":0.0},{"damage_healed":0,"gold_gain":0,"player_choice":"Fight","damage_taken":0,"max_hp_gain":0,"max_hp_loss":0,"event_name":"Mysterious Sphere","floor":47,"gold_loss":0}],"is_beta":true,"boss_relics":[{"not_picked":["Busted Crown","Tiny House"],"picked":"Calling Bell"},{"not_picked":["Runic Pyramid","Nuclear Battery"],"picked":"Astrolabe"}],"items_purged_floors":[3],"is_endless":false,"potions_floor_spawned":[2,5,6,7,11,14,21,22,28,29,30,39,45,48],"ascension_level":0}}