{"host":"3n5xmnb54n2y5mb4","time":1614227732,"event":{"mods":["BaseMod","Colored Map","Colored Powertips","Minty Spire (QoL Compilation)","Permanent Neow","StSLib","Unceasing Turn Reminder","everything is the same but u backflip on backflip"],"gold_per_floor":[15,26,26,0,13,44,44,104,104,104,104,121,151,161,161,235,235,255,255,455,465,481,481,512,529,607,228,246,161,172,201,201,278,278,290,309,309,12,24,56,56,156,156,176,195,207,207,207],"floor_reached":47,"language":"ENG","playtime":1849,"items_purged":[],"score":890,"play_id":"a2f596f4-6e22-4b62-a264-70814b895a37","local_time":"20210224233532","is_ascension_mode":true,"campfire_choices":[{"data":"Dark Embrace","floor":7,"key":"SMITH"},{"floor":11,"key":"REST"},{"floor":15,"key":"REST"},{"floor":23,"key":"REST"},{"floor":32,"key":"REST"},{"floor":41,"key":"REST"}],"circlet_count":0,"master_deck":["AscendersBane","Strike_R+1","Strike_R+1","Strike_R+1","Strike_R+1","Strike_R+1","Defend_R+1","Defend_R+1","Defend_R+1","Defend_R+1","Bash+1","Wild Strike","Wild Strike","Dark Embrace+1","Wild Strike","Havoc","Fiend Fire","Iron Wave","Ghostly Armor","Barricade","Second Wind+1","Offering","Havoc+1","Power Through","Reckless Charge+1","Body Slam+1","Sever Soul+1","Ghostly Armor+1","Impervious","Seeing Red","Burning Pact","Metallicize","True Grit+1","Perfected Strike+1"],"relics":["Burning Blood","Dead Branch","Ginger","Self Forming Clay","NlothsMask","Shuriken","Mark of Pain","Bottled Lightning","Molten Egg 2","Pantograph","Vajra","Sozu","StrikeDummy","Pear","Eternal Feather"],"acts_visited":["Exordium","TheCity","TheBeyond"],"potions_floor_usage":[13,16,31,31,31,33,40],"damage_taken":[{"damage":3,"enemies":"2 Louse","floor":1,"turns":4},{"damage":13,"enemies":"Small Slimes","floor":2,"turns":4},{"damage":1,"enemies":"Cultist","floor":5,"turns":3},{"damage":32,"enemies":"Gremlin Nob","floor":6,"turns":4},{"damage":30,"enemies":"3 Sentries","floor":8,"turns":6},{"damage":14,"enemies":"Looter","floor":12,"turns":4},{"damage":12,"enemies":"3 Sentries","floor":13,"turns":3},{"damage":9,"enemies":"Red Slaver","floor":14,"turns":2},{"damage":60,"enemies":"Hexaghost","floor":16,"turns":13},{"damage":16,"enemies":"Spheric Guardian","floor":18,"turns":7},{"damage":0,"enemies":"Chosen","floor":21,"turns":4},{"damage":21,"enemies":"Snake Plant","floor":22,"turns":3},{"damage":23,"enemies":"Gremlin Leader","floor":24,"turns":8},{"damage":10,"enemies":"Centurion and Healer","floor":25,"turns":5},{"damage":8,"enemies":"Shelled Parasite and Fungi","floor":28,"turns":2},{"damage":24,"enemies":"Snecko","floor":30,"turns":4},{"damage":13,"enemies":"Slavers","floor":31,"turns":4},{"damage":75,"enemies":"Collector","floor":33,"turns":9},{"damage":19,"enemies":"Orb Walker","floor":35,"turns":3},{"damage":0,"enemies":"3 Shapes","floor":36,"turns":4},{"damage":12,"enemies":"Sphere and 2 Shapes","floor":39,"turns":4},{"damage":38,"enemies":"Nemesis","floor":40,"turns":7},{"damage":15,"enemies":"Writhing Mass","floor":44,"turns":6},{"damage":49,"enemies":"Jaw Worm Horde","floor":45,"turns":5},{"damage":6,"enemies":"Sphere and 2 Shapes","floor":46,"turns":4},{"damage":33,"enemies":"Transient","floor":47,"turns":5}],"seed_played":"-1817707559505425749","potions_obtained":[{"floor":2,"key":"SpeedPotion"},{"floor":12,"key":"LiquidBronze"},{"floor":13,"key":"Explosive Potion"},{"floor":14,"key":"HeartOfIron"},{"floor":16,"key":"EntropicBrew"},{"floor":21,"key":"LiquidBronze"},{"floor":33,"key":"DistilledChaos"}],"is_trial":false,"path_per_floor":["M","M","?","?","M","E","R","?","T","?","R","M","E","M","R","B",null,"M","?","?","M","M","R","E","M","T","$","M","?","M","E","R","B",null,"M","M","?","$","M","E","R","?","T","M","M","M","M"],"character_chosen":"IRONCLAD","items_purchased":["Molten Egg 2","Reckless Charge+1","Body Slam+1","StrikeDummy","Metallicize"],"campfire_rested":5,"item_purchase_floors":[27,27,27,38,38],"current_hp_per_floor":[91,84,84,84,89,63,63,39,39,39,67,59,53,50,78,24,78,68,68,68,74,59,87,70,66,66,66,64,64,46,39,67,23,78,65,71,71,71,65,43,74,74,74,65,22,22,0,0],"gold":207,"neow_bonus":"TWENTY_PERCENT_HP_BONUS","is_daily":false,"chose_seed":false,"campfire_upgraded":1,"win_rate":0.0,"timestamp":1614227732,"path_taken":["M","M","?","?","M","E","R","?","T","?","R","M","E","M","R","BOSS","M","?","?","M","M","R","E","M","T","$","?","?","M","E","R","BOSS","M","M","?","$","M","E","R","?","T","M","M","?","M"],"items_purchased_type":["Relic","Card","Card","Relic","Card"],"build_version":"2020-12-22","purchased_purges":0,"victory":false,"max_hp_per_floor":[96,96,96,96,96,96,96,96,96,96,96,96,96,96,96,96,96,96,96,96,96,96,96,96,96,96,96,96,96,96,96,96,96,96,96,96,96,96,96,106,106,106,106,106,106,106,106,106],"card_choices":[{"not_picked":["Iron Wave","Armaments"],"picked":"Wild Strike","floor":1},{"not_picked":["Sword Boomerang","Uppercut"],"picked":"Wild Strike","floor":2},{"not_picked":["Headbutt","Shrug It Off"],"picked":"Dark Embrace","floor":5},{"not_picked":["Twin Strike","Armaments"],"picked":"Wild Strike","floor":6},{"not_picked":["Disarm","Flex"],"picked":"Havoc","floor":8},{"not_picked":["Havoc","Pummel"],"picked":"Fiend Fire","floor":12},{"not_picked":["Twin Strike","Body Slam"],"picked":"Iron Wave","floor":13},{"not_picked":["Thunderclap","Pommel Strike"],"picked":"Ghostly Armor","floor":14},{"not_picked":["Demon Form","Offering"],"picked":"Barricade","floor":16},{"not_picked":["Flex","Armaments"],"picked":"Second Wind+1","floor":18},{"not_picked":["Intimidate","Clash+1"],"picked":"Offering","floor":21},{"not_picked":["Clash","Armaments","Iron Wave"],"picked":"SKIP","floor":22},{"not_picked":["Clash","Blood for Blood"],"picked":"Havoc+1","floor":24},{"not_picked":["Flex","Iron Wave"],"picked":"Power Through","floor":25},{"not_picked":["Warcry","Cleave+1","Searing Blow+1"],"picked":"SKIP","floor":28},{"not_picked":["Body Slam+1","Cleave+1"],"picked":"Sever Soul+1","floor":30},{"not_picked":["Perfected Strike+1","Wild Strike+1"],"picked":"Ghostly Armor+1","floor":31},{"not_picked":["Double Tap","Bludgeon+1"],"picked":"Impervious","floor":33},{"not_picked":["True Grit","Pommel Strike+1"],"picked":"Seeing Red","floor":35},{"not_picked":["Clash+1","Iron Wave+1"],"picked":"Burning Pact","floor":36},{"not_picked":["Pommel Strike+1","Wild Strike+1"],"picked":"True Grit+1","floor":39},{"not_picked":["Sword Boomerang+1","Dropkick+1","Rampage+1"],"picked":"SKIP","floor":40},{"not_picked":["Burning Pact","Perfected Strike+1","Clothesline+1"],"picked":"SKIP","floor":44},{"not_picked":["Burning Pact","Clothesline+1"],"picked":"Perfected Strike+1","floor":44},{"not_picked":["Juggernaut","Flex","Heavy Blade+1"],"picked":"SKIP","floor":45},{"not_picked":["Sword Boomerang+1","Disarm","Sever Soul+1"],"picked":"SKIP","floor":46}],"player_experience":1030122,"relics_obtained":[{"floor":6,"key":"Dead Branch"},{"floor":8,"key":"Ginger"},{"floor":9,"key":"Self Forming Clay"},{"floor":13,"key":"Shuriken"},{"floor":24,"key":"Bottled Lightning"},{"floor":31,"key":"Vajra"},{"floor":40,"key":"Pear"},{"floor":43,"key":"Eternal Feather"}],"event_choices":[{"damage_healed":0,"gold_gain":0,"player_choice":"Grow","damage_taken":0,"max_hp_gain":0,"max_hp_loss":0,"event_name":"Living Wall","floor":3,"gold_loss":0,"cards_upgraded":["Bash"]},{"damage_healed":0,"gold_gain":0,"player_choice":"Left Gold","damage_taken":0,"max_hp_gain":0,"max_hp_loss":0,"event_name":"World of Goop","floor":4,"gold_loss":26},{"damage_healed":0,"gold_gain":0,"player_choice":"Searched \u00272\u0027 times","damage_taken":0,"max_hp_gain":0,"max_hp_loss":0,"event_name":"Dead Adventurer","floor":8,"gold_loss":0},{"damage_healed":0,"gold_gain":0,"player_choice":"Trade","damage_taken":0,"relics_obtained":["NlothsMask"],"max_hp_gain":0,"max_hp_loss":0,"event_name":"FaceTrader","floor":10,"gold_loss":0},{"damage_healed":0,"gold_gain":0,"player_choice":"Simplicity","damage_taken":0,"max_hp_gain":0,"max_hp_loss":0,"event_name":"Back to Basics","floor":19,"gold_loss":0,"cards_upgraded":["Strike_R","Strike_R","Strike_R","Strike_R","Strike_R","Defend_R","Defend_R","Defend_R","Defend_R"]},{"damage_healed":0,"gold_gain":250,"player_choice":"Bet on Owner","damage_taken":0,"max_hp_gain":0,"max_hp_loss":0,"event_name":"The Joust","floor":20,"gold_loss":50},{"damage_healed":0,"gold_gain":0,"player_choice":"Obtained Relic","damage_taken":0,"relics_obtained":["Pantograph"],"max_hp_gain":0,"max_hp_loss":0,"event_name":"Addict","floor":29,"gold_loss":85},{"damage_healed":0,"gold_gain":0,"player_choice":"Ignored","damage_taken":0,"max_hp_gain":0,"max_hp_loss":0,"event_name":"Tomb of Lord Red Mask","floor":37,"gold_loss":0},{"damage_healed":0,"gold_gain":100,"player_choice":"Pray","damage_taken":0,"max_hp_gain":0,"max_hp_loss":0,"event_name":"Golden Shrine","floor":42,"gold_loss":0}],"is_beta":false,"boss_relics":[{"not_picked":["Busted Crown","Runic Cube"],"picked":"Mark of Pain"},{"not_picked":["Empty Cage","Snecko Eye"],"picked":"Sozu"}],"items_purged_floors":[],"is_endless":false,"potions_floor_spawned":[2,12,13,14,16,21,25,28,33,35,36,45],"killed_by":"Transient","ascension_level":13}}