{"host":"qrfkyfrpo74atslb","time":1614218461,"event":{"mods":["Astrologer","Bartender","BaseMod","Beaked The Cultist","Better Note","Better Third Choice","CapriCore","Colored Map","Colored Powertips","Conspire","DeckTracker","Downfall","GungeonMod","Hermit","Hero for Fun","Hubris","Koishi","LagranYue(???·?)","Mad Scientist","Marisa????????","Minty Spire (QoL Compilation)","Prisma Mod","Reimu??????","Remilia??????","StSLib","The Administrix","The Alterego","The Bladedancer","The Cursed","The Gatherer","The Immortal","The Mystic","The Necromancer","The Runesmith","The Servant 0.9.4","The Wild Card","TheSwordswoman","WarShipGirlsR/????R mod","Yakumo Yukari mod","Yuyuko"],"gold_per_floor":[116,131,91,117,135,135,170,182,228,251,265,230,260,271,271,368,368,390,409,50,72,72,106,129,155,155,95,95,140,140,164,164,276,276,295,495,495,547,564,564,589,18,18,46,66,102,146,176,176,176,176],"floor_reached":50,"language":"ENG","playtime":2557,"items_purged":["DemoMod:ManualReload"],"score":505,"play_id":"7d4a748f-823a-48dc-96b4-fd3571932aa0","local_time":"20210225150101","is_ascension_mode":false,"campfire_choices":[{"data":"DemoMod:MachoBrace","floor":6,"key":"SMITH"},{"data":"DemoMod:ShadowBullets","floor":15,"key":"SMITH"},{"floor":32,"key":"REST"},{"floor":40,"key":"REST"},{"floor":49,"key":"REST"}],"circlet_count":0,"master_deck":["DemoMod:Strike_Huntress","DemoMod:Strike_Huntress","DemoMod:Defend_Huntress","DemoMod:Defend_Huntress","DemoMod:Defend_Huntress","DemoMod:Defend_Huntress","DemoMod:Roll","DemoMod:RustySidearm","DemoMod:CrossBow","DemoMod:HuntsMan","DemoMod:MachoBrace+1","DemoMod:GunShield","DemoMod:BSG","DemoMod:Unity","DemoMod:DarkMarker","DemoMod:FinishedGun","DemoMod:ProbeStrike","DemoMod:DoubleVision","DemoMod:EasyReloadBullets","DemoMod:MegaHand","DemoMod:AWP","hubris:DuctTapeCard","DemoMod:HungryBullets","DemoMod:BlankBullets","DemoMod:GunstockTap","DemoMod:TripleGun+1","DemoMod:PotionOfGunFriendShip+1","DemoMod:ShadowBullets","hermit:SprayPray"],"relics":["LagranYue:RandomDrawCardRelic","hubris:Stopwatch","PaintedHorse:ReiMu","Bag of Marbles","The Courier","DemoMod:WhiteGuonStone","Nunchaku","Cleaning_Rag","Sozu","Chemical X","DemoMod:MonsterBlood","DemoMod:LamentConfigurum","conspire:DeflatedDodgeball","hubris:DuctTape","Centennial Puzzle","DemoMod:ElasticCartridgeClip","Membership Card","DemoMod:ResourcefulSack","RuthlessExorcism:ReiMu","Protect_Vest","Thread and Needle","hubris:DisguiseKit","hubris:DeckOfHolding","DemoMod:RatBoots"],"acts_visited":["Exordium","TheCity","TheBeyond"],"potions_floor_usage":[14,16,29],"damage_taken":[{"damage":0,"enemies":"Small Slimes","floor":1,"turns":2},{"damage":0,"enemies":"Jaw Worm","floor":2,"turns":3},{"damage":0,"enemies":"2 Louse","floor":5,"turns":3},{"damage":29,"enemies":"3 Sentries","floor":7,"turns":9},{"damage":2,"enemies":"Blue Slaver","floor":8,"turns":3},{"damage":0,"enemies":"Looter","floor":11,"turns":3},{"damage":11,"enemies":"Gremlin Nob","floor":13,"turns":3},{"damage":9,"enemies":"Exordium Thugs","floor":14,"turns":3},{"damage":12,"enemies":"Hexaghost","floor":16,"turns":5},{"damage":0,"enemies":"2 Thieves","floor":18,"turns":2},{"damage":0,"enemies":"3 Byrds","floor":19,"turns":3},{"damage":2,"enemies":"Centurion and Healer","floor":21,"turns":4},{"damage":32,"enemies":"Slavers","floor":23,"turns":3},{"damage":0,"enemies":"Sentry and Sphere","floor":24,"turns":3},{"damage":7,"enemies":"Chosen and Byrds","floor":25,"turns":4},{"damage":0,"enemies":"Snake Plant","floor":29,"turns":4},{"damage":27,"enemies":"Snake Plant","floor":31,"turns":2},{"damage":29,"enemies":"hubris:MusketHawk","floor":33,"turns":7},{"damage":22,"enemies":"3 Darklings","floor":35,"turns":4},{"damage":11,"enemies":"3 Shapes","floor":38,"turns":3},{"damage":25,"enemies":"Writhing Mass","floor":39,"turns":3},{"damage":7,"enemies":"Transient","floor":41,"turns":5},{"damage":17,"enemies":"Sphere and 2 Shapes","floor":44,"turns":4},{"damage":0,"enemies":"Jaw Worm Horde","floor":45,"turns":1},{"damage":2,"enemies":"3 Darklings","floor":46,"turns":5},{"damage":10,"enemies":"3 Darklings","floor":47,"turns":3},{"damage":2,"enemies":"Spire Growth","floor":48,"turns":4},{"damage":34,"enemies":"Time Eater","floor":50,"turns":3}],"seed_played":"3075602353165349440","potions_obtained":[{"floor":1,"key":"Regen Potion"},{"floor":2,"key":"Explosive Potion"},{"floor":11,"key":"Ancient Potion"},{"floor":16,"key":"Dexterity Potion"}],"is_trial":false,"path_per_floor":["M","M","?","T","M","R","E","M","T","T","M","?","E","M","R","B",null,"M","M","$","M","?","E","M","M","T","$","?","?","?","M","R","B",null,"M","?","?","M","M","R","M","$","T","M","M","?","M","M","R","B"],"character_chosen":"HUNTRESS","items_purchased":["Chemical X","DemoMod:MonsterBlood","DemoMod:DoubleVision","Membership Card","DemoMod:ResourcefulSack","RuthlessExorcism:ReiMu","Protect_Vest","Thread and Needle","hubris:DisguiseKit"],"campfire_rested":3,"item_purchase_floors":[20,20,20,42,42,42,42,42,42],"current_hp_per_floor":[70,70,70,70,70,70,41,39,39,39,39,56,45,41,41,29,70,70,70,77,75,75,43,43,36,36,36,36,36,36,9,32,3,77,55,55,55,44,19,42,35,35,35,18,18,16,6,4,27,0,0],"gold":176,"neow_bonus":"BOSS_RELIC","is_daily":false,"chose_seed":false,"campfire_upgraded":2,"win_rate":0.0,"timestamp":1614218461,"path_taken":["M","M","?","?","M","R","E","M","T","?","M","?","E","M","R","BOSS","M","M","$","M","?","E","M","M","T","$","?","?","?","M","R","BOSS","M","?","?","?","M","R","M","?","T","M","M","?","?","M","R","BOSS"],"items_purchased_type":["Relic","Relic","Card","Relic","Relic","Relic","Relic","Relic","Relic"],"build_version":"2020-12-22","purchased_purges":1,"victory":false,"max_hp_per_floor":[70,70,70,70,70,70,70,70,70,70,70,70,70,70,70,70,70,70,70,77,77,77,77,77,77,77,77,77,77,77,77,77,77,77,77,77,77,77,77,77,77,77,77,77,77,77,77,77,77,77,77],"card_choices":[{"not_picked":["DemoMod:SAA","DemoMod:ProbeStrike"],"picked":"DemoMod:HuntsMan","floor":1},{"not_picked":["DemoMod:HuntsMan","DemoMod:DoubleSwitch"],"picked":"DemoMod:MachoBrace","floor":2},{"not_picked":["DemoMod:RadGun","DemoMod:BlackHoleGun"],"picked":"DemoMod:GunShield","floor":5},{"not_picked":["DemoMod:DoubleSwitch","DemoMod:BoxingGlove"],"picked":"DemoMod:BSG","floor":7},{"not_picked":["DemoMod:HuntsMan","DemoMod:TeaPot"],"picked":"DemoMod:ShadowBullets","floor":8},{"not_picked":["DemoMod:TeaPot","DemoMod:DoubleSwitch","DemoMod:ConditionalReflex"],"picked":"SKIP","floor":11},{"not_picked":["DemoMod:GunstockTap","DemoMod:HardPowerCard"],"picked":"DemoMod:Unity","floor":13},{"not_picked":["DemoMod:MachoBrace","DemoMod:PotionOfGunFriendShip"],"picked":"DemoMod:DarkMarker","floor":14},{"not_picked":["DemoMod:FightSabre","DemoMod:BulletBore"],"picked":"DemoMod:FinishedGun","floor":16},{"not_picked":["DemoMod:ConditionalReflex+1","DemoMod:LifeOrb"],"picked":"DemoMod:ProbeStrike","floor":18},{"not_picked":["DemoMod:RadGun+1","DemoMod:ConditionalReflex","DemoMod:Purify+1"],"picked":"SKIP","floor":19},{"not_picked":["DemoMod:JK47+1","DemoMod:ProbeStrike+1"],"picked":"DemoMod:EasyReloadBullets","floor":21},{"not_picked":["DemoMod:PracticeMakesPerfect","DemoMod:RadGun+1","DemoMod:AC15+1"],"picked":"SKIP","floor":23},{"not_picked":["DemoMod:Ejector+1","DemoMod:FortunesFavor"],"picked":"DemoMod:CursedBullets+1","floor":24},{"not_picked":["DemoMod:Unmoved","DemoMod:BalloonGun"],"picked":"DemoMod:AWP","floor":25},{"not_picked":["DemoMod:Polaris","DemoMod:BoxingGlove+1","DemoMod:DirectionalPad"],"picked":"SKIP","floor":29},{"not_picked":["DemoMod:BattleInHaste","DemoMod:ProbeStrike"],"picked":"DemoMod:HungryBullets","floor":31},{"not_picked":["DemoMod:Slinger","DemoMod:DarkMarker"],"picked":"DemoMod:BlankBullets","floor":33},{"not_picked":["DemoMod:AbyssalTentacle+1","DemoMod:Polaris+1"],"picked":"DemoMod:GunstockTap","floor":35},{"not_picked":["DemoMod:JK47","DemoMod:Purify+1"],"picked":"DemoMod:TripleGun+1","floor":38},{"not_picked":["DemoMod:RadGun","DemoMod:MachoBrace","DemoMod:SAA"],"picked":"SKIP","floor":39},{"not_picked":["DemoMod:HardPowerCard","DemoMod:HighKaliber"],"picked":"DemoMod:PotionOfGunFriendShip+1","floor":41},{"not_picked":["DemoMod:JK47+1","DemoMod:Unmoved","DemoMod:Unity+1","hermit:ShadowCloak"],"picked":"SKIP","floor":44},{"not_picked":["DemoMod:MachoBrace","DemoMod:FeignSurrender+1","hermit:Vantage"],"picked":"DemoMod:ShadowBullets","floor":45},{"not_picked":["DemoMod:MegaHand+1","DemoMod:FastSwitch","DemoMod:DarkMarker","hermit:LowProfile"],"picked":"SKIP","floor":46},{"not_picked":["DemoMod:AWP+1","DemoMod:StickyCrossBow+1","DemoMod:PotionOfGunFriendShip"],"picked":"hermit:SprayPray","floor":47},{"not_picked":["DemoMod:PotionOfGunFriendShip+1","DemoMod:SAA","DemoMod:Camera","hermit:LuckOfTheDraw"],"picked":"SKIP","floor":48}],"player_experience":138972,"relics_obtained":[{"floor":4,"key":"Bag of Marbles"},{"floor":7,"key":"The Courier"},{"floor":9,"key":"DemoMod:WhiteGuonStone"},{"floor":10,"key":"Nunchaku"},{"floor":13,"key":"Cleaning_Rag"},{"floor":23,"key":"DemoMod:LamentConfigurum"},{"floor":26,"key":"conspire:DeflatedDodgeball"},{"floor":29,"key":"hubris:DuctTape"},{"floor":43,"key":"hubris:DeckOfHolding"},{"floor":46,"key":"DemoMod:RatBoots"}],"event_choices":[{"damage_healed":0,"gold_gain":0,"player_choice":"Donate","damage_taken":0,"relics_obtained":["PaintedHorse:ReiMu"],"max_hp_gain":0,"max_hp_loss":0,"event_name":"yidonshenshe","floor":3,"gold_loss":40},{"damage_healed":17,"gold_gain":0,"player_choice":"Healed","damage_taken":0,"max_hp_gain":0,"max_hp_loss":0,"event_name":"The Cleric","floor":12,"gold_loss":35},{"damage_healed":0,"gold_gain":0,"cards_transformed":["DemoMod:Strike_Huntress"],"player_choice":"Transformed","damage_taken":0,"max_hp_gain":0,"max_hp_loss":0,"event_name":"Transmorgrifier","floor":22,"gold_loss":0,"cards_obtained":["DemoMod:MegaHand"]},{"damage_healed":0,"gold_gain":0,"player_choice":"0 cards matched","damage_taken":0,"max_hp_gain":0,"max_hp_loss":0,"event_name":"Match and Keep!","floor":28,"gold_loss":0,"cards_obtained":[]},{"damage_healed":0,"gold_gain":0,"player_choice":"Gave Potion","damage_taken":0,"relics_obtained":["Centennial Puzzle"],"max_hp_gain":0,"max_hp_loss":0,"event_name":"WeMeetAgain","floor":30,"gold_loss":0},{"damage_healed":0,"gold_gain":0,"player_choice":"Leave","damage_taken":0,"max_hp_gain":0,"max_hp_loss":0,"event_name":"conspire:Investor","floor":37,"gold_loss":0}],"is_beta":false,"boss_relics":[{"not_picked":["beaked:MawFillet","Empty Cage"],"picked":"Sozu"},{"not_picked":["hubris:RunicObelisk","Coffee Dripper"],"picked":"DemoMod:ElasticCartridgeClip"}],"items_purged_floors":[27],"is_endless":false,"potions_floor_spawned":[1,2,11,16,18,21,25,31,35,41,44,45,47],"killed_by":"Time Eater","ascension_level":0}}