{"host":"g11d3x3m0pyxfasu","time":1614281838,"event":{"mods":["BaseMod","Block Reminder","Hubris","Infinite Spire","Minty Spire (QoL Compilation)","Quick Restart","Reliquary","Replay The Spire","StSLib","SuperFastMode"],"gold_per_floor":[113,113,124,124,124,124,149,149,149,174,186,186,61,94,94,190,190,209,220,135,148,163,163,163],"floor_reached":23,"language":"ENG","playtime":1041,"items_purged":["Defend_G"],"score":234,"play_id":"35edb5a2-793f-4c0b-8d19-9474e3fdce67","local_time":"20210225203718","is_ascension_mode":false,"campfire_choices":[{"data":"Flying Knee","floor":6,"key":"SMITH"},{"data":"Flying Knee","floor":8,"key":"SMITH"},{"data":"Blade Dance","floor":12,"key":"SMITH"},{"data":"Adrenaline","floor":15,"key":"SMITH"}],"circlet_count":0,"master_deck":["Strike_G","Strike_G","Strike_G","Strike_G","Strike_G","Defend_G","Defend_G","Defend_G","Survivor","Neutralize","Flying Knee+1","Flying Knee+1","Escape Plan","Blade Dance+1","Backflip","Adrenaline+1","Adrenaline","PiercingWail","Poisoned Stab+1"],"relics":["Ring of the Snake","NeowsBlessing","hubris:Icosahedron","reliquary:RadioactivePellet","Lantern","HornCleat","Philosopher\u0027s Stone","Girya"],"acts_visited":["Exordium","TheCity"],"potions_floor_usage":[16,16],"damage_taken":[{"damage":0,"enemies":"Jaw Worm","floor":1,"turns":1},{"damage":0,"enemies":"2 Louse","floor":3,"turns":1},{"damage":0,"enemies":"3 Sentries","floor":7,"turns":1},{"damage":12,"enemies":"Replay:BlueRogue","floor":10,"turns":7},{"damage":0,"enemies":"Cultist","floor":11,"turns":3},{"damage":8,"enemies":"Lagavulin","floor":14,"turns":5},{"damage":31,"enemies":"Hexaghost","floor":16,"turns":11},{"damage":11,"enemies":"Shell Parasite","floor":18,"turns":5},{"damage":0,"enemies":"3 Byrds","floor":19,"turns":4},{"damage":10,"enemies":"Snake Plant","floor":21,"turns":6},{"damage":8,"enemies":"Shelled Parasite and Fungi","floor":22,"turns":6},{"damage":42,"enemies":"Slavers","floor":23,"turns":3}],"seed_played":"-4854876000901297257","potions_obtained":[{"floor":1,"key":"Swift Potion"},{"floor":7,"key":"Languid Potion"},{"floor":21,"key":"Explosive Potion"}],"is_trial":false,"path_per_floor":["M","?","M","?","?","R","E","R","T","E","M","R","$","E","R","B",null,"M","M","?","M","M","E"],"character_chosen":"THE_SILENT","items_purchased":["Backflip"],"campfire_rested":0,"item_purchase_floors":[13],"current_hp_per_floor":[70,70,70,70,70,70,70,70,70,58,58,58,58,50,50,19,70,59,59,59,49,41,0,0],"gold":163,"neow_bonus":"THREE_ENEMY_KILL","is_daily":false,"chose_seed":false,"campfire_upgraded":4,"win_rate":0.0,"timestamp":1614281838,"path_taken":["M","?","M","?","?","R","E","R","T","E","M","R","$","E","R","BOSS","M","M","?","M","M","E"],"items_purchased_type":["Card"],"build_version":"2020-12-22","purchased_purges":1,"victory":false,"max_hp_per_floor":[70,70,70,70,70,70,70,70,70,70,70,70,70,70,70,70,70,70,70,70,70,70,70,70],"card_choices":[{"not_picked":["Deadly Poison","Slice","Deflect"],"picked":"SKIP","floor":1},{"not_picked":["Escape Plan","Prepared"],"picked":"Flying Knee","floor":3},{"not_picked":["Sucker Punch","Prepared"],"picked":"Flying Knee","floor":7},{"not_picked":["PiercingWail","Masterful Stab"],"picked":"Escape Plan","floor":10},{"not_picked":["Backstab","Underhanded Strike"],"picked":"Blade Dance","floor":11},{"not_picked":["Crippling Poison","Underhanded Strike"],"picked":"Adrenaline","floor":14},{"not_picked":["Wraith Form v2","Envenom"],"picked":"Adrenaline","floor":16},{"not_picked":["Underhanded Strike","Flechettes","Dagger Throw"],"picked":"SKIP","floor":18},{"not_picked":["Deflect+1","Slice"],"picked":"PiercingWail","floor":19},{"not_picked":["Deflect","Expertise","Flechettes"],"picked":"SKIP","floor":21},{"not_picked":["Sucker Punch","Underhanded Strike"],"picked":"Poisoned Stab+1","floor":22}],"player_experience":5459,"relics_obtained":[{"floor":7,"key":"reliquary:RadioactivePellet"},{"floor":9,"key":"Lantern"},{"floor":10,"key":"HornCleat"}],"event_choices":[{"cards_removed":["Defend_G"],"damage_healed":0,"gold_gain":0,"player_choice":"Card Removal","damage_taken":0,"max_hp_gain":0,"max_hp_loss":0,"event_name":"Wheel of Change","floor":5,"gold_loss":0},{"damage_healed":0,"gold_gain":0,"player_choice":"Obtained Relic","damage_taken":0,"relics_obtained":["Girya"],"max_hp_gain":0,"max_hp_loss":0,"event_name":"Addict","floor":20,"gold_loss":85}],"is_beta":false,"boss_relics":[{"not_picked":["Busted Crown","Fusion Hammer"],"picked":"Philosopher\u0027s Stone"}],"items_purged_floors":[13],"is_endless":false,"potions_floor_spawned":[1,7,21],"killed_by":"Slavers","ascension_level":0}}