{"host":"jgl9m63d23sfproq","time":1614253961,"event":{"mods":["AchievementEnabler","Act Like it!","Aspiration","Bard","BaseMod","Bossed Relics","Colored Map","Colored Powertips","Conspire","Dark Map","DeckTracker","Downfall","Friendly Minions","Gensokyo","Jedi Mod","Marisa¡]Ãú«B¡@Å]²z¨F¡^","Minty Spire (QoL Compilation)","Quick Restart","READ ME - Guardian Mod","Reliquary","Replay The Spire","Shop Mod","Smile Girya","StSLib","The Blackbeard","The Construct","The Jungle","The Mystic","The Runesmith","The Servant 0.9.4","Wide Potions","Yuyuko","[IsaacMod]¥H¼»¦y¶ð"],"gold_per_floor":[114,114,132,132,150,165,196,43,43,58,117,127,138,151,151,250,250,270,302,315,334,334,334],"floor_reached":22,"language":"ZHS","playtime":946,"items_purged":["Strike_G"],"score":192,"play_id":"5f795fc9-ae75-46e9-b204-b21fc92d6318","local_time":"20210225195241","is_ascension_mode":false,"campfire_choices":[{"floor":15,"key":"REST"}],"circlet_count":0,"master_deck":["Strike_G","Strike_G","Strike_G","Defend_G","Defend_G","Defend_G","Defend_G","Defend_G","Survivor","Neutralize","EpicFetus","Dagger Spray","Predator","Blade Dance","Fluid Movement","Accuracy","Prepared","Prepared","Deflect","Footwork","Hidden Blade","Dodge and Roll+1","Noxious Fumes","Blade Dance"],"relics":["Ring of the Snake","HushsDoor","KeepersGift","NeowsBlessing","Dream Catcher","Ninja Scroll","construct:WeddingRing","Red Mask"],"acts_visited":["Exordium","TheCity"],"potions_floor_usage":[13,16,19,19,22],"damage_taken":[{"damage":0,"enemies":"Small Slimes","floor":1,"turns":1},{"damage":0,"enemies":"Cultist","floor":3,"turns":1},{"damage":12,"enemies":"2 Louse","floor":5,"turns":2},{"damage":0,"enemies":"Large Slime","floor":6,"turns":4},{"damage":13,"enemies":"Lagavulin","floor":7,"turns":5},{"damage":10,"enemies":"Exordium Thugs","floor":10,"turns":5},{"damage":19,"enemies":"3 Sentries","floor":11,"turns":5},{"damage":9,"enemies":"Red Slaver","floor":12,"turns":2},{"damage":0,"enemies":"2 Fungi Beasts","floor":13,"turns":2},{"damage":2,"enemies":"Exordium Thugs","floor":14,"turns":3},{"damage":19,"enemies":"Slime Boss","floor":16,"turns":11},{"damage":6,"enemies":"Shell Parasite","floor":18,"turns":4},{"damage":0,"enemies":"Masked Bandits","floor":19,"turns":3},{"damage":23,"enemies":"2 Thieves","floor":20,"turns":5},{"damage":26,"enemies":"Centurion and Healer","floor":21,"turns":7},{"damage":17,"enemies":"conspire:MimicChest","floor":22,"turns":3}],"seed_played":"-8085407343525940530","potions_obtained":[{"floor":1,"key":"BlessingOfTheForge"},{"floor":5,"key":"LiquidBronze"},{"floor":7,"key":"jedi:tentaclejuice"},{"floor":10,"key":"bronze:BurnAndBuffPotion"},{"floor":13,"key":"Fire Potion"},{"floor":18,"key":"jedi:StrikingPotion"},{"floor":21,"key":"champ:CounterPotion"}],"is_trial":false,"path_per_floor":["M","?","M","?","M","M","E","$","T","M","?","M","M","M","R","B",null,"M","?","M","M","?"],"character_chosen":"THE_SILENT","items_purchased":["Accuracy"],"campfire_rested":1,"item_purchase_floors":[8],"current_hp_per_floor":[70,70,70,70,58,58,45,45,45,35,16,7,7,5,26,7,70,64,64,41,15,0,0],"gold":334,"neow_bonus":"THREE_ENEMY_KILL","is_daily":false,"chose_seed":false,"campfire_upgraded":0,"win_rate":0.0,"timestamp":1614253961,"path_taken":["M","?","?","?","?","M","E","?","T","M","?","M","M","M","R","BOSS","M","?","?","M","?"],"items_purchased_type":["Card"],"build_version":"2020-12-22","purchased_purges":1,"victory":false,"max_hp_per_floor":[70,70,70,70,70,70,70,70,70,70,70,70,70,70,70,70,70,70,70,70,70,70,70],"card_choices":[{"not_picked":[],"picked":"EpicFetus","floor":0},{"not_picked":["Sucker Punch","PiercingWail"],"picked":"Dagger Spray","floor":1},{"not_picked":["Quick Slash","Dodge and Roll"],"picked":"Bomb","floor":3},{"not_picked":["Leg Sweep","jedi:pocketpoison"],"picked":"Blade Dance","floor":5},{"not_picked":["Dodge and Roll","Predator"],"picked":"Fluid Movement","floor":6},{"not_picked":["Distraction","Eviscerate","jedi:unstablefumes"],"picked":"SKIP","floor":7},{"not_picked":["Endless Agony","Dodge and Roll"],"picked":"Prepared","floor":10},{"not_picked":["Choke","Poison Darts"],"picked":"Prepared","floor":11},{"not_picked":["All Out Attack","Poisoned Stab"],"picked":"Deflect","floor":12},{"not_picked":["Outmaneuver","ReplayTheSpireMod:Shiv Toss"],"picked":"Bomb","floor":13},{"not_picked":["Poisoned Stab","Deadly Poison"],"picked":"Footwork","floor":14},{"not_picked":["PiercingWail","Dagger Spray"],"picked":"Hidden Blade","floor":15},{"not_picked":["Outmaneuver","Toxin Wave","Slice"],"picked":"SKIP","floor":18},{"not_picked":["Poisoned Stab","Quick Slash"],"picked":"Dodge and Roll+1","floor":19},{"not_picked":["Dagger Throw","Dagger Spray"],"picked":"Noxious Fumes","floor":20},{"not_picked":["PiercingWail","Flying Knee+1"],"picked":"Blade Dance","floor":21}],"player_experience":69367,"relics_obtained":[{"floor":7,"key":"Dream Catcher"},{"floor":11,"key":"Ninja Scroll"},{"floor":19,"key":"Red Mask"}],"event_choices":[{"damage_healed":0,"gold_gain":0,"cards_transformed":["Strike_G"],"player_choice":"Change","damage_taken":0,"max_hp_gain":0,"max_hp_loss":0,"event_name":"Living Wall","floor":2,"gold_loss":0,"cards_obtained":["Predator"]},{"damage_healed":0,"gold_gain":0,"player_choice":"Ignored","damage_taken":0,"max_hp_gain":0,"max_hp_loss":0,"event_name":"Liars Game","floor":4,"gold_loss":0},{"damage_healed":0,"gold_gain":0,"player_choice":"Searched \u00271\u0027 times","damage_taken":0,"max_hp_gain":0,"max_hp_loss":0,"event_name":"Dead Adventurer","floor":11,"gold_loss":0},{"damage_healed":0,"gold_gain":0,"player_choice":"Fought Bandits","damage_taken":0,"max_hp_gain":0,"max_hp_loss":0,"event_name":"Masked Bandits","floor":19,"gold_loss":0}],"is_beta":false,"boss_relics":[{"not_picked":["Busted Crown","aspiration:RitualDagger"],"picked":"construct:WeddingRing"},{"not_picked":[]}],"items_purged_floors":[8],"is_endless":false,"potions_floor_spawned":[1,5,7,10,13,14,18,21],"killed_by":"conspire:MimicChest","ascension_level":0}}