{"host":"yp2ga117svxnbcen","time":1614250929,"event":{"mods":["Act Like it!","Aspiration","BaseMod","BetterRewards","ChefMod","Colored Map","Conspire","Custom Start","Downfall","Elementarium","Gensokyo","GifTheSpireLib","Gold Saver","GungeonMod","Halation","Hallownest","Hermit","HornydragonMod","Hubris","Menagerie","Minty Spire (QoL Compilation)","Quick Restart","Remove Card Discount Mod","Replay The Spire","Shop Mod","Spicy Shops","StSLib","Stuff the Spire","The Blue Laboratory","The IronCluck","egg","slay the spire mod where everything is the same but ironclad has a cowboy hat","??????REMEMod"],"gold_per_floor":[115,24,299,313,325,359,359,388,388,408,419,436,448,474,474,474,474],"floor_reached":16,"language":"ENG","playtime":338,"items_purged":["StuffTheSpire:GnomedCurse"],"score":249,"play_id":"6ea50da3-de68-4898-9101-582c850e7413","local_time":"20210225030209","is_ascension_mode":true,"campfire_choices":[{"floor":7,"key":"REST"},{"floor":15,"key":"REST"}],"circlet_count":0,"master_deck":["Strike_B","Strike_B","Strike_B","Strike_B","Defend_B","Defend_B","Defend_B","Defend_B","Zap","Dualcast","Heatsinks","Sweeping Beam","ReplayTheSpireMod:Omega Cannon","Regret","Ball Lightning","Reprogram","Sunder","REME_Shoggoth"],"relics":["Cracked Core","REME_ComplimentaryCards","ReplayTheSpireMod:CursedCoin","Frozen Egg 2","halation:Gekota","Mercury Hourglass","Replay:Bottled Steam","Girya"],"acts_visited":["Exordium"],"potions_floor_usage":[6,11,14,14,16],"damage_taken":[{"damage":2.0,"enemies":"Jaw Worm","floor":1.0,"turns":2.0},{"damage":3.0,"enemies":"Cultist","floor":4.0,"turns":2.0},{"damage":15,"enemies":"conspire:RoseBush","floor":5,"turns":1},{"damage":41,"enemies":"Lagavulin","floor":6,"turns":5},{"damage":13,"enemies":"3 Sentries","floor":8,"turns":3},{"damage":6,"enemies":"Looter","floor":10,"turns":2},{"damage":0,"enemies":"Gremlin Gang","floor":11,"turns":2},{"damage":8,"enemies":"Exordium Thugs","floor":12,"turns":3},{"damage":4,"enemies":"2 Fungi Beasts","floor":13,"turns":2},{"damage":0,"enemies":"Gremlin Nob","floor":14,"turns":2},{"damage":25,"enemies":"The Guardian","floor":16,"turns":5}],"seed_played":"-9051981075367638467","potions_obtained":[{"floor":4.0,"key":"blueLaboratory:AbyssPotion"},{"floor":8,"key":"AttackPotion"},{"floor":12,"key":"SteroidPotion"},{"floor":13,"key":"blueLaboratory:RelayPotion"}],"is_trial":false,"path_per_floor":["M","$","?","M","M","E","R","E","T","M","M","M","M","E","R","B"],"character_chosen":"DEFECT","items_purchased":["Heatsinks","Sweeping Beam","AttackPotion","ReplayTheSpireMod:CursedCoin","Frozen Egg 2"],"campfire_rested":2,"item_purchase_floors":[0,0,0,2,2],"current_hp_per_floor":[73,73,73,70,55,14,36,23,23,17,17,9,5,5,27,2,2],"gold":474,"neow_bonus":"","is_daily":false,"chose_seed":false,"campfire_upgraded":0,"win_rate":0.0,"timestamp":1614250929,"path_taken":["M","$","?","M","M","E","R","E","T","M","M","?","M","E","R","BOSS"],"items_purchased_type":["Card","Card","Potion","Relic","Relic"],"build_version":"2020-12-22","purchased_purges":1,"victory":false,"max_hp_per_floor":[75,75,75,75,75,75,75,75,75,75,75,75,75,75,75,75,75],"card_choices":[{"not_picked":["Fusion","ReplayTheSpireMod:Repulse","StuffTheSpire:NuclearReactor"],"picked":"SKIP","floor":1.0},{"not_picked":["Go for the Eyes","Panic Button"],"picked":"Ball Lightning","floor":4.0},{"not_picked":["StuffTheSpire:Plugnplay","BasicCrystalCard"],"picked":"Reprogram","floor":5},{"not_picked":["Hologram","FTL","Go for the Eyes"],"picked":"SKIP","floor":6},{"not_picked":["ReplayTheSpireMod:System Scan","StuffTheSpire:EventHorizon","Turbo"],"picked":"SKIP","floor":8},{"not_picked":["Compile Driver","aspiration:Polymerization"],"picked":"Sunder","floor":10},{"not_picked":["Gash","Coolheaded","REME_Whirling"],"picked":"SKIP","floor":11},{"not_picked":["Capacitor+1","Panic Button","Gash"],"picked":"SKIP","floor":12},{"not_picked":["Steam","BasicCrystalCard","Ball Lightning"],"picked":"SKIP","floor":13},{"not_picked":["FTL","Gash"],"picked":"REME_Shoggoth","floor":14}],"player_experience":1190885,"relics_obtained":[{"floor":6,"key":"halation:Gekota"},{"floor":8,"key":"Mercury Hourglass"},{"floor":9,"key":"Replay:Bottled Steam"},{"floor":14,"key":"Girya"}],"event_choices":[{"damage_healed":0.0,"max_hp_gain":0.0,"max_hp_loss":0.0,"gold_gain":275.0,"event_name":"Golden Shrine","player_choice":"Desecrate","floor":3.0,"gold_loss":0.0,"damage_taken":0.0,"cards_obtained":["Regret"]}],"is_beta":false,"boss_relics":[],"items_purged_floors":[2],"is_endless":false,"potions_floor_spawned":[4,8,12,13],"killed_by":"The Guardian","ascension_level":5}}