{"host":"htqwg582tjjtn9p7","time":1614269699,"event":{"mods":["2.2 Compatiblity","AchievementEnabler","Act Like it!","Aspiration","BaseMod","Better Third Choice","Colored Map","Conspire","Curses Come First","Displayed Cursed Tome","Energized Spire","Force Act Four","Fox Events","GifTheSpireLib","Hermit","Highlight Path","JesterMod","Mad Scientist","Minty Spire (QoL Compilation)","Pale of the Ancients","Permanent Neow","Random Character Button","Relic Stats","Reliquary","Replay The Spire","Robot Space Explorer","Ruina","Somnambulant","Spicy Shops","Spikes Relics","StSLib","Stuff the Spire","The Blue Laboratory","The Bug Knight","The Forsaken","The Gatherer","The Judge","The Jungle","The Marked","The Runesmith","The Servant 0.9.4","Uncapped"],"gold_per_floor":[115,115,132,57,76,76,104,104,104,136,136,166,184,14,14,113,113,124,136,136,89,101,135,135,135],"floor_reached":24,"language":"ENG","playtime":1444,"items_purged":[],"score":269,"play_id":"26cdc088-ec13-4ca4-91bf-288e905bcb6a","local_time":"20210225171459","is_ascension_mode":true,"campfire_choices":[{"data":"HollowMod:InfectedAttack","floor":6,"key":"SMITH"},{"data":"HollowMod:InfectedAttack","floor":8,"key":"SMITH"},{"floor":11,"key":"REST"},{"floor":15,"key":"REST"}],"circlet_count":0,"master_deck":["HollowMod:NailStrikeStart","HollowMod:NailStrikeStart","HollowMod:NailStrikeStart","HollowMod:NailStrikeStart","HollowMod:QuickDashStart","HollowMod:QuickDashStart","HollowMod:QuickDashStart","HollowMod:QuickDashStart","HollowMod:FocusHealStart","HollowMod:PogoStrike","HollowMod:MidwifesHunger","HollowMod:InfectedAttack+1","HollowMod:FastStrike","HollowMod:InfectedAttack+1","HollowMod:TaintedHusks","HollowMod:CloakDash","HollowMod:QuirrelsAssistance","HollowMod:InfectedCysts","HollowMod:Hiveblood","HollowMod:CornifersMapStart","HollowMod:NewLittleFool","HollowMod:InfectionAssault+1","HollowMod:InfectedAttack"],"relics":["HollowMod:VesselMask","WingedGreaves","Question Card","Omamori","StuffTheSpire:Nightcore","OrangePellets","StuffTheSpire:Kangaroo","Replay:Baseball"],"acts_visited":["Exordium","TheCity"],"potions_floor_usage":[16,16,19,22,23,23,23],"damage_taken":[{"damage":0,"enemies":"2 Louse","floor":1,"turns":4},{"damage":0,"enemies":"Small Slimes","floor":3,"turns":4},{"damage":13,"enemies":"Jaw Worm","floor":5,"turns":5},{"damage":25,"enemies":"Gremlin Nob","floor":7,"turns":3},{"damage":44,"enemies":"3 Sentries","floor":10,"turns":6},{"damage":25,"enemies":"Replay:BlueRogue","floor":12,"turns":4},{"damage":4,"enemies":"3 Louse","floor":13,"turns":7},{"damage":42,"enemies":"Fading Forest","floor":16,"turns":11},{"damage":44,"enemies":"Spheric Guardian","floor":18,"turns":5},{"damage":46,"enemies":"3 Byrds","floor":19,"turns":6},{"damage":42,"enemies":"3 Cultists","floor":22,"turns":5},{"damage":64,"enemies":"Gremlin Leader","floor":23,"turns":9},{"damage":0,"enemies":"Snake Plant","floor":24,"turns":1}],"seed_played":"7014406517007157727","potions_obtained":[{"floor":12,"key":"blueLaboratory:FrostheartPotion"},{"floor":13,"key":"EntropicBrew"},{"floor":19,"key":"Weak Potion"},{"floor":22,"key":"blueLaboratory:HummingbirdPotion"}],"is_trial":false,"path_per_floor":["M","?","M","?","M","R","E","R","T","E","R","E","M","$","R","B",null,"M","M","?","$","M","E","M"],"character_chosen":"THE_BUGKNIGHT","items_purchased":["HollowMod:InfectedCysts","OrangePellets","HollowMod:NewLittleFool"],"campfire_rested":2,"item_purchase_floors":[14,14,21],"current_hp_per_floor":[75,80,80,85,76,76,57,57,57,19,44,19,25,25,50,36,85,62,41,41,41,14,4,4,4],"gold":135,"neow_bonus":"ONE_RANDOM_RARE_CARD","is_daily":false,"chose_seed":false,"campfire_upgraded":2,"win_rate":0.0,"timestamp":1614269699,"path_taken":["M","?","M","?","M","R","E","R","T","E","R","E","M","$","R","BOSS","M","M","?","$","M","E","M"],"items_purchased_type":["Card","Relic","Card"],"build_version":"2020-12-22","purchased_purges":0,"victory":false,"max_hp_per_floor":[75,80,80,85,85,85,85,85,85,85,85,85,85,85,85,85,85,85,85,85,85,85,85,85,85],"relic_stats":{"OrangePellets":[0],"counters":[13,70],"Question Card":8,"obtain_stats":[{"OrangePellets":14,"Replay:Baseball":23,"HollowMod:VesselMask":0,"WingedGreaves":7,"Omamori":10,"StuffTheSpire:Kangaroo":17,"StuffTheSpire:Nightcore":12,"Question Card":9},{"OrangePellets":7,"Replay:Baseball":12,"HollowMod:VesselMask":0,"WingedGreaves":4,"Omamori":5,"StuffTheSpire:Kangaroo":8,"StuffTheSpire:Nightcore":6,"Question Card":4},{"OrangePellets":33,"Replay:Baseball":69,"HollowMod:VesselMask":0,"WingedGreaves":16,"Omamori":22,"StuffTheSpire:Kangaroo":44,"StuffTheSpire:Nightcore":26,"Question Card":16}]},"card_choices":[{"not_picked":["HollowMod:SoulStrike","HollowMod:SiblingsSouls"],"picked":"HollowMod:InfectedAttack","floor":1},{"not_picked":["HollowMod:SiblingsShadow","HollowMod:GreatSlash","HollowMod:SoulStrike"],"picked":"SKIP","floor":3},{"not_picked":["HollowMod:SoulShaman","HollowMod:HuntersJournal"],"picked":"HollowMod:FastStrike","floor":5},{"not_picked":["HollowMod:CoiledNail","HollowMod:SharpenedNail"],"picked":"HollowMod:InfectedAttack","floor":7},{"not_picked":["HollowMod:HornetsHelp","HollowMod:SharpenedShadows","HollowMod:RecoilStrike"],"picked":"HollowMod:TaintedHusks","floor":10},{"not_picked":["HollowMod:SoulSplash","HollowMod:LifebloodCocoon","HollowMod:VoidDash"],"picked":"HollowMod:CloakDash","floor":12},{"not_picked":["HollowMod:AbyssShriek","HollowMod:CycloneSlash","HollowMod:CornifersMapStart"],"picked":"HollowMod:QuirrelsAssistance","floor":13},{"not_picked":["HollowMod:LordofShades","HollowMod:SoulMaster","HollowMod:SlysStrikes"],"picked":"HollowMod:Hiveblood","floor":16},{"not_picked":["HollowMod:LifebloodCocoon+1","HollowMod:SiblingsShadow","HollowMod:RecoilStrike","HollowMod:SoulStrike"],"picked":"SKIP","floor":18},{"not_picked":["HollowMod:SiblingsShadow","HollowMod:CoiledNail+1","HollowMod:ShadowDash"],"picked":"HollowMod:CornifersMapStart","floor":19},{"not_picked":["HollowMod:QuirrelsAssistance","HollowMod:WraithStrike","HollowMod:VengefulVoid+1"],"picked":"HollowMod:InfectionAssault+1","floor":22},{"not_picked":["HollowMod:InfectedCysts+1","HollowMod:MonomonsArchive","HollowMod:MonarchWings"],"picked":"HollowMod:InfectedAttack","floor":23}],"player_experience":2080380,"relics_obtained":[{"floor":7,"key":"WingedGreaves"},{"floor":9,"key":"Question Card"},{"floor":10,"key":"Omamori"},{"floor":12,"key":"StuffTheSpire:Nightcore"},{"floor":23,"key":"Replay:Baseball"}],"event_choices":[{"damage_healed":0,"gold_gain":0,"player_choice":"Donut","damage_taken":0,"max_hp_gain":5,"max_hp_loss":0,"event_name":"Big Fish","floor":2,"gold_loss":0},{"damage_healed":0,"gold_gain":0,"player_choice":"Ignored","damage_taken":0,"max_hp_gain":0,"max_hp_loss":0,"event_name":"Ghosts","floor":20,"gold_loss":0}],"is_beta":false,"boss_relics":[{"not_picked":["Cursed Key","aspiration:FutureDiary"],"picked":"StuffTheSpire:Kangaroo"}],"items_purged_floors":[],"is_endless":false,"potions_floor_spawned":[12,13,19,22],"killed_by":"Snake Plant","ascension_level":3}}