{"host":"61r95uy0hn86b9iu","time":1614223229,"event":{"mods":["AchievementEnabler","BaseMod","Better Vampires","BetterRewards","Colored Powertips","Hubris","Minty Spire (QoL Compilation)","Shop Mod","StSLib"],"gold_per_floor":[119,8,19,39,39,39,51,67,90,123,135,9,9,22,22,100,100,80,27,38,57,57,87,87,100,124,153,153,153,153,164,164,238,238,251,208,228,97,115,115,142,142,142,157,157,171,171,195,195,195,195,195,20,49,49],"floor_reached":56,"language":"ENG","playtime":2979,"items_purged":["Strike_B","Defend_B","Strike_B+1","Defend_B"],"score":2605,"play_id":"d4bcc95d-a3ea-44bd-b4fc-14fcb720ad19","local_time":"20210224212029","is_ascension_mode":true,"campfire_choices":[{"floor":6.0,"key":"REST"},{"floor":13.0,"key":"REST"},{"floor":15.0,"key":"REST"},{"floor":24.0,"key":"REST"},{"floor":28.0,"key":"REST"},{"data":"hubris:Ukulele","floor":30.0,"key":"SMITH"},{"floor":32.0,"key":"REST"},{"floor":40.0,"key":"RECALL"},{"floor":42.0,"key":"REST"},{"data":"Tempest","floor":47.0,"key":"SMITH"},{"data":"Seek","floor":49.0,"key":"SMITH"},{"data":"Zap","floor":52.0,"key":"SMITH"}],"circlet_count":0,"master_deck":["AscendersBane","Strike_B+1","Defend_B+1","Zap+1","Dualcast","Capacitor+1","FTL+1","Loop+1","Conserve Battery","Streamline","Conserve Battery","Consume+1","Go for the Eyes","Seek+1","Capacitor+1","Sweeping Beam","Undo+1","Sunder","Chill+1","hubris:Ukulele+1","Doom and Gloom","Capacitor+1","Self Repair+1","Echo Form+1","Tempest+1","Static Discharge+1","Coolheaded+1","Glacier+1","Amplify"],"relics":["FrozenCore","Frozen Egg 2","Membership Card","CaptainsWheel","Emotion Chip","MerchantsRug","Akabeko","Mummified Hand","hubris:Icosahedron","Lantern","Oddly Smooth Stone","Thread and Needle","Singing Bowl","hubris:Spice","hubris:Reverence"],"acts_visited":["Exordium","TheCity","TheBeyond","TheEnding"],"potions_floor_usage":[55],"damage_taken":[{"damage":1.0,"enemies":"Cultist","floor":1.0,"turns":3.0},{"damage":0.0,"enemies":"Small Slimes","floor":3.0,"turns":3.0},{"damage":5.0,"enemies":"Jaw Worm","floor":4.0,"turns":2.0},{"damage":11.0,"enemies":"Exordium Wildlife","floor":7.0,"turns":4.0},{"damage":9.0,"enemies":"Exordium Thugs","floor":8.0,"turns":3.0},{"damage":15.0,"enemies":"Lagavulin","floor":10.0,"turns":5.0},{"damage":14.0,"enemies":"Lots of Slimes","floor":11.0,"turns":4.0},{"damage":0.0,"enemies":"2 Fungi Beasts","floor":14.0,"turns":2.0},{"damage":33.0,"enemies":"Slime Boss","floor":16.0,"turns":8.0},{"damage":27.0,"enemies":"2 Thieves","floor":18.0,"turns":4.0},{"damage":0.0,"enemies":"Spheric Guardian","floor":20.0,"turns":5.0},{"damage":0.0,"enemies":"Centurion and Healer","floor":21.0,"turns":10.0},{"damage":50.0,"enemies":"Slavers","floor":23.0,"turns":11.0},{"damage":1.0,"enemies":"Shelled Parasite and Fungi","floor":25.0,"turns":8.0},{"damage":15.0,"enemies":"Book of Stabbing","floor":27.0,"turns":8.0},{"damage":0.0,"enemies":"Snecko","floor":31.0,"turns":7.0},{"damage":38.0,"enemies":"hubris:MusketHawk","floor":33.0,"turns":9.0},{"damage":0.0,"enemies":"3 Shapes","floor":35.0,"turns":7.0},{"damage":9.0,"enemies":"3 Darklings","floor":37.0,"turns":6.0},{"damage":4.0,"enemies":"4 Shapes","floor":39.0,"turns":4.0},{"damage":48.0,"enemies":"Reptomancer","floor":41.0,"turns":7.0},{"damage":7.0,"enemies":"Jaw Worm Horde","floor":44.0,"turns":4.0},{"damage":6.0,"enemies":"Transient","floor":46.0,"turns":6.0},{"damage":2.0,"enemies":"Awakened One","floor":50.0,"turns":15.0},{"damage":9.0,"enemies":"Shield and Spear","floor":54.0,"turns":4.0},{"damage":19,"enemies":"The Heart","floor":55,"turns":11}],"seed_played":"-4862413654625354969","potions_obtained":[{"floor":1.0,"key":"Block Potion"},{"floor":8.0,"key":"Swift Potion"},{"floor":10.0,"key":"SpeedPotion"},{"floor":11.0,"key":"AttackPotion"},{"floor":16.0,"key":"Weak Potion"},{"floor":18.0,"key":"Dexterity Potion"},{"floor":23.0,"key":"Energy Potion"},{"floor":31.0,"key":"Weak Potion"},{"floor":33.0,"key":"SpeedPotion"},{"floor":35.0,"key":"GamblersBrew"},{"floor":44.0,"key":"Explosive Potion"},{"floor":54.0,"key":"Fire Potion"}],"is_trial":false,"path_per_floor":["M","$","M","M","?","R","M","M","T","E","M","$","R","M","R","B",null,"M","$","M","M","?","E","R","M","T","E","R","?","R","M","R","B",null,"M","$","M","$","M","R","E","R","T","M","?","M","R","T","R","B",null,"R","$","E","B",null],"character_chosen":"DEFECT","items_purchased":["Lee\u0027s Waffle","Frozen Egg 2","Membership Card","Capacitor+1","Emotion Chip","MerchantsRug","Loop+1","Conserve Battery","Streamline","Mummified Hand","Capacitor+1","BlessingOfTheForge","Strawberry","Static Discharge+1","Thread and Needle","hubris:Spice","AttackPotion","Weak Potion","FearPotion"],"campfire_rested":7,"item_purchase_floors":[0,0,0,0,0,0,2,2,2,12,19,19,36,36,38,53,53,53,53],"current_hp_per_floor":[77,77,77,72,49,72,61,52,52,37,23,23,46,46,69,36,68,41,41,41,41,41,28,51,50,50,35,58,58,58,58,78,50,71,78,85,85,85,85,85,47,72,72,67,67,73,73,73,73,81,87,87,95,86,87],"gold":49,"neow_bonus":"","is_daily":false,"chose_seed":false,"campfire_upgraded":4,"win_rate":0.0,"timestamp":1614223229,"path_taken":["M","$","M","?","?","R","M","M","T","E","M","$","R","M","R","BOSS","M","$","M","M","?","E","R","M","T","E","R","?","R","M","R","BOSS","M","$","M","$","M","R","E","R","T","M","?","M","R","?","R","BOSS","R","$","E","BOSS"],"items_purchased_type":["Relic","Relic","Relic","Card","Relic","Relic","Card","Card","Card","Relic","Card","Potion","Relic","Card","Relic","Relic","Potion","Potion","Potion"],"build_version":"2020-12-22","purchased_purges":4,"victory":true,"max_hp_per_floor":[78,78,78,78,78,78,78,78,78,78,78,78,78,78,78,78,78,78,78,78,78,78,78,78,78,78,78,78,78,78,78,78,78,78,78,85,85,85,85,85,85,85,85,87,87,89,89,89,89,89,89,89,97,97,97],"card_choices":[{"not_picked":["Compile Driver","Tempest"],"picked":"FTL","floor":1.0},{"not_picked":["Compile Driver","Coolheaded","BootSequence"],"picked":"SKIP","floor":3.0},{"not_picked":["Hello World+1","Stack"],"picked":"Conserve Battery","floor":4.0},{"not_picked":["Barrage","Redo"],"picked":"Consume","floor":7.0},{"not_picked":["Skim","Steam Power","Leap"],"picked":"SKIP","floor":8.0},{"not_picked":["Compile Driver","Streamline","hubris:Ukulele"],"picked":"SKIP","floor":10.0},{"not_picked":["Undo","Cold Snap"],"picked":"Go for the Eyes","floor":11.0},{"not_picked":["Steam","All For One","Blizzard"],"picked":"SKIP","floor":14.0},{"not_picked":["Amplify","hubris:Prefetch"],"picked":"Seek","floor":16.0},{"not_picked":["Blizzard","Hologram","Barrage"],"picked":"SKIP","floor":18.0},{"not_picked":["Coolheaded","Go for the Eyes"],"picked":"Sweeping Beam","floor":20.0},{"not_picked":["Aggregate","Melter"],"picked":"Undo+1","floor":21.0},{"not_picked":["Hello World+1","Stack"],"picked":"Sunder","floor":23.0},{"not_picked":["Darkness","Compile Driver"],"picked":"Chill+1","floor":25.0},{"not_picked":["hubris:DoWhile","FTL"],"picked":"hubris:Ukulele","floor":27.0},{"not_picked":["Aggregate","Compile Driver"],"picked":"Self Repair+1","floor":31.0},{"not_picked":["Fission","hubris:SpecializedCircuitry+1"],"picked":"Echo Form+1","floor":33.0},{"not_picked":["Beam Cell+1","Skim"],"picked":"Tempest","floor":35.0},{"not_picked":["Reinforced Body+1","Reprogram"],"picked":"Coolheaded+1","floor":37.0},{"not_picked":["hubris:Ukulele","Beam Cell","Storm+1"],"picked":"SKIP","floor":39.0},{"not_picked":["Auto Shields+1","Loop+1"],"picked":"Glacier+1","floor":41.0},{"not_picked":["Lockon+1","Turbo","Storm+1"],"picked":"Singing Bowl","floor":44.0},{"not_picked":["Lockon","Self Repair+1","Skim+1"],"picked":"Singing Bowl","floor":46.0},{"not_picked":["Multi-Cast","Streamline"],"picked":"Amplify","floor":54.0}],"player_experience":3403439,"relics_obtained":[{"floor":9.0,"key":"Akabeko"},{"floor":10.0,"key":"hubris:64BitClover"},{"floor":23.0,"key":"Blue Candle"},{"floor":25.0,"key":"Whetstone"},{"floor":26.0,"key":"Lantern"},{"floor":27.0,"key":"Oddly Smooth Stone"},{"floor":41.0,"key":"Singing Bowl"},{"floor":46.0,"key":"Smiling Mask"},{"floor":48.0,"key":"Potion Belt"},{"floor":54.0,"key":"hubris:Reverence"}],"event_choices":[{"damage_healed":0.0,"max_hp_gain":0.0,"max_hp_loss":0.0,"gold_gain":0.0,"event_name":"Shining Light","player_choice":"Entered Light","floor":5.0,"gold_loss":0.0,"damage_taken":23.0,"cards_upgraded":["Defend_B","Strike_B"]},{"damage_healed":0.0,"max_hp_gain":0.0,"max_hp_loss":0.0,"gold_gain":0.0,"cards_transformed":["Strike_B","Defend_B"],"event_name":"Drug Dealer","player_choice":"Became Test Subject","floor":29.0,"gold_loss":0.0,"damage_taken":0.0,"cards_obtained":["Doom and Gloom","Capacitor"]}],"is_beta":false,"boss_relics":[{"not_picked":["Velvet Choker","Sozu"],"picked":"FrozenCore"},{"not_picked":["hubris:VirtuousBlindfold","hubris:CrackedHourglass"],"picked":"Philosopher\u0027s Stone"}],"items_purged_floors":[2,36,38,53],"is_endless":false,"potions_floor_spawned":[1,8,10,11,16,18,23,31,33,35,44,46,54],"ascension_level":19}}