{"host":"vl1k6yl86fnmnemm","time":1614290057,"event":{"mods":["BaseMod","Colored Map","Minty Spire (QoL Compilation)","StSLib","Together in Spire"],"gold_per_floor":[109,109,129,145,145,145,157,168,168,200,217,230,265,265,265,362,362,372,387,401,401,401,426,438,473,499,512,530,540,540,566,566,666,666,686,700,225,225,245,277,277,287,287,316,316,342,370,382,394,406],"floor_reached":51,"language":"ENG","playtime":1880,"items_purged":["Unload"],"score":1263,"play_id":"dcb15d67-b5e8-4bc6-8526-eeea291873b3","local_time":"20210225225417","is_ascension_mode":false,"campfire_choices":[{"data":"Slice","floor":6,"key":"SMITH"},{"data":"Backstab","floor":15,"key":"SMITH"},{"data":"Flying Knee","floor":30,"key":"SMITH"},{"data":"Survivor","floor":32,"key":"SMITH"},{"data":"Accuracy","floor":41,"key":"SMITH"},{"data":"Defend_G","floor":45,"key":"SMITH"},{"floor":49,"key":"REST"}],"circlet_count":0,"master_deck":["Strike_G","Strike_G","Strike_G","Strike_G+1","Defend_G+1","Defend_G","Defend_G","Defend_G","Survivor+1","Neutralize+1","Blade Dance+1","Slice+1","Flying Knee+1","Cloak And Dagger+1","Backstab+1","Blur+1","Burst+1","Corpse Explosion+1","Blade Dance+1","Adrenaline+1","Cloak And Dagger+1","Cloak And Dagger+1","Storm of Steel+1","Endless Agony+1","Blade Dance+1","Accuracy+1","Blade Dance+1","Normality","Infinite Blades","Cloak And Dagger+1"],"relics":["Ring of the Snake","Toxic Egg 2","Bronze Scales","TungstenRod","Empty Cage","Letter Opener","MutagenicStrength","Strawberry","Lantern","Bag of Marbles","Regal Pillow","Cursed Key","Mercury Hourglass","Membership Card","Shuriken","Juzu Bracelet","HornCleat","MawBank"],"acts_visited":["Exordium","TheCity","TheBeyond"],"potions_floor_usage":[16,27],"damage_taken":[{"damage":0,"enemies":"Cultist","floor":1,"turns":2},{"damage":0,"enemies":"Small Slimes","floor":3,"turns":1},{"damage":0,"enemies":"2 Louse","floor":4,"turns":1},{"damage":0,"enemies":"Blue Slaver","floor":7,"turns":1},{"damage":0,"enemies":"Red Slaver","floor":8,"turns":1},{"damage":0,"enemies":"Lagavulin","floor":10,"turns":1},{"damage":0,"enemies":"3 Louse","floor":11,"turns":2},{"damage":0,"enemies":"Exordium Wildlife","floor":12,"turns":2},{"damage":0,"enemies":"3 Sentries","floor":13,"turns":2},{"damage":0,"enemies":"Hexaghost","floor":16,"turns":2},{"damage":0,"enemies":"Spheric Guardian","floor":18,"turns":3},{"damage":0,"enemies":"3 Byrds","floor":19,"turns":2},{"damage":0,"enemies":"Snecko","floor":20,"turns":1},{"damage":0,"enemies":"Gremlin Leader","floor":23,"turns":2},{"damage":4,"enemies":"Shelled Parasite and Fungi","floor":24,"turns":3},{"damage":0,"enemies":"Slavers","floor":25,"turns":1},{"damage":0,"enemies":"Snake Plant","floor":27,"turns":1},{"damage":0,"enemies":"Centurion and Healer","floor":28,"turns":1},{"damage":0,"enemies":"3 Cultists","floor":29,"turns":1},{"damage":0,"enemies":"Gremlin Leader","floor":31,"turns":1},{"damage":0,"enemies":"Automaton","floor":33,"turns":2},{"damage":0,"enemies":"3 Darklings","floor":35,"turns":1},{"damage":0,"enemies":"Orb Walker","floor":36,"turns":1},{"damage":0,"enemies":"Spire Growth","floor":39,"turns":1},{"damage":0,"enemies":"Nemesis","floor":40,"turns":1},{"damage":0,"enemies":"Sphere and 2 Shapes","floor":42,"turns":1},{"damage":0,"enemies":"Giant Head","floor":44,"turns":1},{"damage":0,"enemies":"Nemesis","floor":46,"turns":1},{"damage":0,"enemies":"4 Shapes","floor":47,"turns":1},{"damage":0,"enemies":"Time Eater","floor":50,"turns":1}],"seed_played":"-4087556549061139465","potions_obtained":[{"floor":1,"key":"GhostInAJar"},{"floor":4,"key":"LiquidBronze"},{"floor":8,"key":"SmokeBomb"},{"floor":11,"key":"Poison Potion"},{"floor":16,"key":"CunningPotion"},{"floor":25,"key":"Weak Potion"},{"floor":28,"key":"SkillPotion"},{"floor":29,"key":"Block Potion"}],"is_trial":false,"path_per_floor":["M","?","M","M","?","R","M","M","T","E","M","M","E","?","R","B",null,"M","M","M","T","?","E","M","E","T","M","M","M","R","E","R","B",null,"M","M","$","?","M","E","R","M","T","E","R","E","M","?","R","B",null],"character_chosen":"THE_SILENT","items_purchased":["Mercury Hourglass","Membership Card"],"campfire_rested":1,"item_purchase_floors":[37,37],"current_hp_per_floor":[77,77,77,77,77,77,77,77,77,77,77,77,77,77,77,77,77,77,77,77,77,77,84,80,80,80,80,80,80,80,80,80,80,84,84,84,84,84,84,84,84,84,84,84,84,84,84,84,84,84],"gold":418,"neow_bonus":"TEN_PERCENT_HP_BONUS","is_daily":false,"chose_seed":false,"campfire_upgraded":6,"win_rate":0.0,"timestamp":1614290057,"path_taken":["M","?","M","?","?","R","M","M","T","E","M","M","E","?","R","BOSS","M","M","?","?","?","E","M","E","T","M","M","M","R","E","R","BOSS","M","M","$","?","M","E","R","?","T","E","R","E","M","?","R","BOSS"],"items_purchased_type":["Relic","Relic"],"build_version":"2020-12-22","purchased_purges":1,"victory":true,"max_hp_per_floor":[77,77,77,77,77,77,77,77,77,77,77,77,77,77,77,77,77,77,77,77,77,77,84,84,84,84,84,84,84,84,84,84,84,84,84,84,84,84,84,84,84,84,84,84,84,84,84,84,84,84],"card_choices":[{"not_picked":["Eviscerate","Poisoned Stab"],"picked":"Blade Dance","floor":1},{"not_picked":["Eviscerate","PiercingWail","Outmaneuver"],"picked":"SKIP","floor":3},{"not_picked":["Crippling Poison","Leg Sweep"],"picked":"Slice","floor":4},{"not_picked":["Outmaneuver","Tools of the Trade","PiercingWail"],"picked":"SKIP","floor":7},{"not_picked":["Outmaneuver","Distraction"],"picked":"Flying Knee","floor":8},{"not_picked":["PiercingWail+1","Endless Agony"],"picked":"Cloak And Dagger+1","floor":10},{"not_picked":["Deadly Poison+1","Endless Agony"],"picked":"Backstab","floor":11},{"not_picked":["Catalyst+1","Slice"],"picked":"Blur+1","floor":12},{"not_picked":["Predator","Bane"],"picked":"Burst+1","floor":13},{"not_picked":["Bullet Time+1","Tools of the Trade"],"picked":"Corpse Explosion+1","floor":16},{"not_picked":["Underhanded Strike","Backflip+1"],"picked":"Blade Dance+1","floor":18},{"not_picked":["Prepared+1","Deflect+1"],"picked":"Adrenaline+1","floor":19},{"not_picked":["Dodge and Roll+1","Prepared+1"],"picked":"Cloak And Dagger+1","floor":20},{"not_picked":["Leg Sweep+1","Slice"],"picked":"Cloak And Dagger+1","floor":23},{"not_picked":["Catalyst+1","Acrobatics+1","Outmaneuver+1"],"picked":"SKIP","floor":24},{"not_picked":["Dash","Expertise+1"],"picked":"Storm of Steel+1","floor":25},{"not_picked":["Deadly Poison+1","Footwork"],"picked":"Endless Agony+1","floor":27},{"not_picked":["Dagger Spray","Sucker Punch+1"],"picked":"Blade Dance+1","floor":28},{"not_picked":["PiercingWail+1","Acrobatics+1","Flying Knee"],"picked":"SKIP","floor":29},{"not_picked":["Phantasmal Killer+1","Glass Knife"],"picked":"Unload","floor":31},{"not_picked":["Catalyst+1","Terror+1","Heel Hook+1"],"picked":"SKIP","floor":35},{"not_picked":["Catalyst+1","Predator+1","Dagger Throw+1"],"picked":"SKIP","floor":36},{"not_picked":["Slice","Dagger Spray+1","Underhanded Strike+1"],"picked":"SKIP","floor":39},{"not_picked":["Masterful Stab","Phantasmal Killer+1"],"picked":"Accuracy","floor":40},{"not_picked":["Finisher","Dagger Spray"],"picked":"Blade Dance+1","floor":42},{"not_picked":["Heel Hook","Setup+1","Masterful Stab"],"picked":"SKIP","floor":44},{"not_picked":["Distraction+1","Tactician+1"],"picked":"Infinite Blades","floor":46},{"not_picked":["Flying Knee","Poisoned Stab"],"picked":"Cloak And Dagger+1","floor":47}],"player_experience":58491,"relics_obtained":[{"floor":9,"key":"Toxic Egg 2"},{"floor":10,"key":"Bronze Scales"},{"floor":13,"key":"TungstenRod"},{"floor":21,"key":"Letter Opener"},{"floor":23,"key":"Strawberry"},{"floor":25,"key":"Lantern"},{"floor":26,"key":"Bag of Marbles"},{"floor":31,"key":"Regal Pillow"},{"floor":40,"key":"Shuriken"},{"floor":43,"key":"Juzu Bracelet"},{"floor":44,"key":"HornCleat"},{"floor":46,"key":"MawBank"}],"event_choices":[{"damage_healed":0,"gold_gain":0,"player_choice":"Upgraded","damage_taken":0,"max_hp_gain":0,"max_hp_loss":0,"event_name":"Upgrade Shrine","floor":2,"gold_loss":0,"cards_upgraded":["Blade Dance"]},{"damage_healed":0,"gold_gain":0,"player_choice":"Grow","damage_taken":0,"max_hp_gain":0,"max_hp_loss":0,"event_name":"Living Wall","floor":5,"gold_loss":0,"cards_upgraded":["Neutralize"]},{"damage_healed":0,"gold_gain":0,"player_choice":"Ignored","damage_taken":0,"max_hp_gain":0,"max_hp_loss":0,"event_name":"NoteForYourself","floor":14,"gold_loss":0},{"damage_healed":0,"gold_gain":0,"player_choice":"Inject Mutagens","damage_taken":0,"relics_obtained":["MutagenicStrength"],"max_hp_gain":0,"max_hp_loss":0,"event_name":"Drug Dealer","floor":22,"gold_loss":0},{"damage_healed":0,"gold_gain":0,"player_choice":"Upgraded","damage_taken":0,"max_hp_gain":0,"max_hp_loss":0,"event_name":"Upgrade Shrine","floor":38,"gold_loss":0,"cards_upgraded":["Strike_G"]},{"damage_healed":0,"gold_gain":0,"player_choice":"Ignored","damage_taken":0,"max_hp_gain":0,"max_hp_loss":0,"event_name":"Tomb of Lord Red Mask","floor":48,"gold_loss":0}],"is_beta":false,"boss_relics":[{"not_picked":["Calling Bell","Astrolabe"],"picked":"Empty Cage"},{"not_picked":["SacredBark","Velvet Choker"],"picked":"Cursed Key"}],"items_purged_floors":[37],"is_endless":false,"potions_floor_spawned":[1,4,8,11,16,23,25,28,29,35,36,40],"ascension_level":0}}