{"host":"06x7ibqulglyn97c","time":1614234878,"event":{"mods":["AchievementEnabler","BaseMod","Minty Spire (QoL Compilation)","Rare Cards Sparkle","Relic Sorter","Relic Stats","StSLib","The Awakened One except there are too many feathers"],"gold_per_floor":[114,114,64,64,76,76,52,52,52,52,68,143,177,188,188,288,288,308,324,26,26,26,26,26],"floor_reached":23,"language":"ENG","playtime":782,"items_purged":[],"score":274,"play_id":"274a966a-a84d-4624-9819-9fb876dc5090","local_time":"20210225063438","is_ascension_mode":true,"campfire_choices":[{"data":"Ball Lightning","floor":6.0,"key":"SMITH"},{"data":"Redo","floor":8.0,"key":"SMITH"},{"data":"Conserve Battery","floor":10.0,"key":"SMITH"},{"floor":15.0,"key":"REST"}],"circlet_count":0,"master_deck":["Strike_B","Strike_B","Strike_B","Strike_B","Defend_B","Defend_B","Defend_B","Zap+1","Dualcast","Conserve Battery+1","Ball Lightning+1","Redo+1","Barrage","Rebound","Buffer","Cold Snap"],"relics":["Cracked Core","Ancient Tea Set","Blue Candle","Oddly Smooth Stone","Inserter","Ice Cream"],"acts_visited":["Exordium","TheCity"],"potions_floor_usage":[21],"damage_taken":[{"damage":3.0,"enemies":"2 Louse","floor":1.0,"turns":3.0},{"damage":0.0,"enemies":"Small Slimes","floor":5.0,"turns":2.0},{"damage":2.0,"enemies":"Jaw Worm","floor":11.0,"turns":2.0},{"damage":5.0,"enemies":"3 Sentries","floor":13.0,"turns":4.0},{"damage":0.0,"enemies":"2 Fungi Beasts","floor":14.0,"turns":2.0},{"damage":40.0,"enemies":"The Guardian","floor":16.0,"turns":9.0},{"damage":33.0,"enemies":"2 Thieves","floor":18.0,"turns":4.0},{"damage":7,"enemies":"3 Byrds","floor":19,"turns":4},{"damage":0,"enemies":"Snake Plant","floor":21,"turns":1},{"damage":41,"enemies":"Gremlin Leader","floor":23,"turns":6}],"seed_played":"-4449348749347255315","potions_obtained":[{"floor":11.0,"key":"Fire Potion"},{"floor":13.0,"key":"Block Potion"},{"floor":16.0,"key":"SmokeBomb"}],"is_trial":false,"path_per_floor":["M","?","?","?","M","R","$","R","T","R","M","?","E","M","R","B",null,"M","M","$","M","?","E"],"character_chosen":"DEFECT","items_purchased":["Redo","Ice Cream"],"campfire_rested":1,"item_purchase_floors":[7,20],"current_hp_per_floor":[65,70,70,70,70,70,70,70,70,70,68,57,52,52,76,36,69,36,29,29,29,29,0,0],"gold":26,"neow_bonus":"RANDOM_COMMON_RELIC","is_daily":false,"chose_seed":false,"campfire_upgraded":3,"win_rate":0.0,"timestamp":1614234878,"path_taken":["M","?","?","?","M","R","?","R","T","R","M","?","E","M","R","BOSS","M","M","$","M","?","E"],"items_purchased_type":["Card","Relic"],"build_version":"2020-12-22","purchased_purges":0,"victory":false,"max_hp_per_floor":[75,80,80,80,80,80,80,80,80,80,80,80,80,80,80,80,80,80,80,80,80,80,80,80],"relic_stats":{"Inserter":[7],"counters":[10,37],"Blue Candle":[0],"obtain_stats":[{"Ice Cream":20,"Inserter":17,"Blue Candle":9,"Oddly Smooth Stone":13,"Cracked Core":0,"Ancient Tea Set":0},{"Ice Cream":8,"Inserter":6,"Blue Candle":2,"Oddly Smooth Stone":4,"Cracked Core":0,"Ancient Tea Set":0},{"Ice Cream":30,"Inserter":22,"Blue Candle":5,"Oddly Smooth Stone":11,"Cracked Core":0,"Ancient Tea Set":0}]},"card_choices":[{"not_picked":["Streamline","Gash"],"picked":"Conserve Battery","floor":1.0},{"not_picked":["Gash","Coolheaded"],"picked":"Ball Lightning","floor":5.0},{"not_picked":["Gash","Doom and Gloom"],"picked":"Barrage","floor":11.0},{"not_picked":["Double Energy","Capacitor"],"picked":"Rebound","floor":13.0},{"not_picked":["Turbo","Storm","Redo"],"picked":"SKIP","floor":14.0},{"not_picked":["Rainbow","Hyperbeam"],"picked":"Buffer","floor":16.0},{"not_picked":["Double Energy","Chaos","Steam"],"picked":"SKIP","floor":18.0},{"not_picked":["Leap","Rebound"],"picked":"Cold Snap","floor":19}],"player_experience":692649,"relics_obtained":[{"floor":9.0,"key":"Blue Candle"},{"floor":13.0,"key":"Oddly Smooth Stone"}],"event_choices":[{"damage_healed":0.0,"max_hp_gain":5.0,"max_hp_loss":0.0,"gold_gain":0.0,"event_name":"Big Fish","player_choice":"Donut","floor":2.0,"gold_loss":0.0,"damage_taken":0.0},{"cards_removed":["Defend_B"],"damage_healed":0.0,"max_hp_gain":0.0,"max_hp_loss":0.0,"gold_gain":0.0,"event_name":"The Cleric","player_choice":"Card Removal","floor":3.0,"gold_loss":50.0,"damage_taken":0.0},{"damage_healed":0.0,"max_hp_gain":0.0,"max_hp_loss":0.0,"gold_gain":0.0,"event_name":"Living Wall","player_choice":"Grow","floor":4.0,"gold_loss":0.0,"damage_taken":0.0,"cards_upgraded":["Zap"]},{"damage_healed":0.0,"max_hp_gain":0.0,"max_hp_loss":0.0,"gold_gain":75.0,"event_name":"World of Goop","player_choice":"Gather Gold","floor":12.0,"gold_loss":0.0,"damage_taken":11.0},{"damage_healed":0,"gold_gain":0,"player_choice":"Ignored","damage_taken":0,"max_hp_gain":0,"max_hp_loss":0,"event_name":"Vampires","floor":22,"gold_loss":0}],"is_beta":false,"boss_relics":[{"not_picked":["Coffee Dripper","Busted Crown"],"picked":"Inserter"}],"items_purged_floors":[],"is_endless":false,"potions_floor_spawned":[11,13,16,21],"killed_by":"Gremlin Leader","ascension_level":9}}