{"host":"dyije63p600b4re1","time":1614249229,"event":{"mods":["BaseMod","Minty Spire (QoL Compilation)","Slay the Relics Exporter","Slay the Streamer"],"gold_per_floor":[219,235,245,245,260,260,295,295,319,319,284,303,321,321,352,352,456,456,469,7,7,7,22,22,22,22,74,74,74,89,89,4,15,15,119,119,130,100,116,127,127,127,142,142,142],"floor_reached":44,"language":"ENG","playtime":3402,"items_purged":[],"score":483,"play_id":"b9eed037-6744-4d6a-ab2b-70027bd1ef12","local_time":"20210225023349","is_ascension_mode":true,"campfire_choices":[{"data":"Night Terror","floor":6,"key":"SMITH"},{"floor":8,"key":"REST"},{"floor":16,"key":"REST"},{"floor":24,"key":"REST"},{"data":"1","floor":26,"key":"LIFT"},{"data":"2","floor":31,"key":"LIFT"},{"data":"3","floor":34,"key":"LIFT"},{"floor":42,"key":"REST"}],"circlet_count":0,"master_deck":["Night Terror+1","Burst","Deflect","Dodge and Roll","Flechettes+1","Deflect","Deflect","Bane","Catalyst","Dodge and Roll","Acrobatics","Underhanded Strike+1","All Out Attack+1","Underhanded Strike","Masterful Stab","CurseOfTheBell","Poisoned Stab+1","A Thousand Cuts","Enlightenment","Distraction","Calculated Gamble","Flying Knee+1","Burst","Backstab+1","Backflip","Backflip","Escape Plan+1"],"relics":["Ring of the Snake","Centennial Puzzle","Whetstone","Ninja Scroll","Bag of Marbles","Calling Bell","Happy Flower","Shuriken","Girya","Molten Egg 2","Nilry\u0027s Codex","Mercury Hourglass","Orichalcum","Regal Pillow","Omamori","Empty Cage"],"acts_visited":["Exordium","TheCity","TheBeyond"],"potions_floor_usage":[7,7,17,17,30,35,38,40,41,44],"damage_taken":[{"damage":2,"enemies":"Cultist","floor":1,"turns":5},{"damage":0,"enemies":"2 Louse","floor":2,"turns":2},{"damage":0,"enemies":"Small Slimes","floor":3,"turns":4},{"damage":0,"enemies":"Blue Slaver","floor":5,"turns":3},{"damage":42,"enemies":"Lagavulin","floor":7,"turns":10},{"damage":4,"enemies":"Large Slime","floor":12,"turns":4},{"damage":1,"enemies":"2 Fungi Beasts","floor":13,"turns":2},{"damage":8,"enemies":"3 Sentries","floor":15,"turns":9},{"damage":40,"enemies":"Hexaghost","floor":17,"turns":8},{"damage":3,"enemies":"3 Byrds","floor":19,"turns":3},{"damage":0,"enemies":"Chosen","floor":23,"turns":3},{"damage":0,"enemies":"Snecko","floor":30,"turns":3},{"damage":0,"enemies":"3 Cultists","floor":33,"turns":2},{"damage":24,"enemies":"Collector","floor":35,"turns":5},{"damage":1,"enemies":"3 Shapes","floor":37,"turns":2},{"damage":7,"enemies":"Orb Walker","floor":39,"turns":3},{"damage":58,"enemies":"Transient","floor":40,"turns":5},{"damage":0,"enemies":"Jaw Worm Horde","floor":41,"turns":1},{"damage":0,"enemies":"Spire Growth","floor":43,"turns":2},{"damage":48,"enemies":"Writhing Mass","floor":44,"turns":5}],"seed_played":"4912330450742610678","potions_obtained":[{"floor":1,"key":"FearPotion"},{"floor":5,"key":"Dexterity Potion"},{"floor":12,"key":"Poison Potion"},{"floor":13,"key":"SteroidPotion"},{"floor":17,"key":"CultistPotion"},{"floor":23,"key":"GhostInAJar"},{"floor":30,"key":"SmokeBomb"},{"floor":38,"key":"Fruit Juice"},{"floor":38,"key":"CunningPotion"},{"floor":43,"key":"SneckoOil"}],"is_trial":false,"path_per_floor":["M","M","M","?","M","R","E","R","T","T","?","M","M","T","E","R","B",null,"M","$","?","?","M","R","?","R","T","T","$","M","R","?","M","R","B",null,"M","?","M","M","M","R","M","M"],"character_chosen":"THE_SILENT","items_purchased":["Molten Egg 2","Poisoned Stab+1","A Thousand Cuts","Enlightenment"],"campfire_rested":4,"item_purchase_floors":[20,20,20,20],"current_hp_per_floor":[68,68,68,68,68,68,26,47,47,47,64,60,59,59,51,70,30,70,67,67,51,51,51,70,70,70,70,70,70,70,70,70,70,70,46,70,69,74,67,9,9,46,46,0,0],"gold":142,"neow_bonus":"HUNDRED_GOLD","is_daily":false,"chose_seed":false,"campfire_upgraded":1,"win_rate":0.0,"timestamp":1614249229,"path_taken":["M","M","?","?","M","R","E","R","T","?","M","M","?","E","R","BOSS","M","$","?","?","?","R","?","R","T","?","M","R","?","M","R","BOSS","M","?","?","M","M","R","M","M"],"items_purchased_type":["Relic","Card","Card","Card"],"build_version":"2020-12-22","purchased_purges":0,"victory":false,"max_hp_per_floor":[70,70,70,70,70,70,70,70,70,70,70,70,70,70,70,70,70,70,70,70,70,70,70,70,70,70,70,70,70,70,70,70,70,70,70,70,70,75,75,75,75,75,75,75,75],"card_choices":[{"not_picked":["Bouncing Flask","Poisoned Stab"],"picked":"Underhanded Strike","floor":1},{"not_picked":["Quick Slash","Sucker Punch"],"picked":"Dodge and Roll","floor":2},{"not_picked":["Quick Slash","Terror"],"picked":"Acrobatics","floor":3},{"not_picked":["Setup","Riddle With Holes"],"picked":"Underhanded Strike","floor":5},{"not_picked":["Cloak And Dagger","Noxious Fumes"],"picked":"All Out Attack","floor":7},{"not_picked":["Dagger Spray","Venomology"],"picked":"Underhanded Strike","floor":13},{"not_picked":["Underhanded Strike","Accuracy"],"picked":"Masterful Stab","floor":15},{"not_picked":["Quick Slash","Prepared+1"],"picked":"Dagger Spray","floor":19},{"not_picked":["Blade Dance","Deflect"],"picked":"Distraction","floor":23},{"not_picked":["Bane+1","Sucker Punch+1"],"picked":"Calculated Gamble","floor":30},{"not_picked":["Slice+1","Crippling Poison+1"],"picked":"Flying Knee+1","floor":33},{"not_picked":["Night Terror","Glass Knife+1"],"picked":"Burst","floor":35},{"not_picked":["Blur","Escape Plan+1"],"picked":"Backstab+1","floor":37},{"not_picked":["Noxious Fumes+1","Deadly Poison+1"],"picked":"Backflip","floor":39},{"not_picked":["Heel Hook+1","Setup"],"picked":"Backflip","floor":40},{"not_picked":["Eviscerate+1","Backflip"],"picked":"Escape Plan+1","floor":43}],"player_experience":352170,"relics_obtained":[{"floor":7,"key":"Centennial Puzzle"},{"floor":9,"key":"Whetstone"},{"floor":14,"key":"Ninja Scroll"},{"floor":15,"key":"Bag of Marbles"},{"floor":18,"key":"Happy Flower"},{"floor":18,"key":"Shuriken"},{"floor":18,"key":"Girya"},{"floor":21,"key":"Nilry\u0027s Codex"},{"floor":27,"key":"Regal Pillow"}],"event_choices":[{"damage_healed":0,"gold_gain":0,"player_choice":"Grow","damage_taken":0,"max_hp_gain":0,"max_hp_loss":0,"event_name":"Living Wall","floor":4,"gold_loss":0,"cards_upgraded":["Flechettes"]},{"damage_healed":17,"gold_gain":0,"player_choice":"Healed","damage_taken":0,"max_hp_gain":0,"max_hp_loss":0,"event_name":"The Cleric","floor":11,"gold_loss":35},{"damage_healed":0,"gold_gain":0,"player_choice":"Obtained Book","damage_taken":16,"max_hp_gain":0,"max_hp_loss":0,"event_name":"Cursed Tome","floor":21,"gold_loss":0},{"cards_removed":["Catalyst"],"damage_healed":0,"gold_gain":0,"player_choice":"Gave Card","damage_taken":0,"relics_obtained":["Mercury Hourglass"],"max_hp_gain":0,"max_hp_loss":0,"event_name":"WeMeetAgain","floor":22,"gold_loss":0},{"damage_healed":0,"gold_gain":0,"player_choice":"Opened","damage_taken":0,"relics_obtained":["Orichalcum"],"max_hp_gain":0,"max_hp_loss":0,"event_name":"The Mausoleum","floor":25,"gold_loss":0},{"damage_healed":0,"gold_gain":0,"player_choice":"Obtained Relic","damage_taken":0,"relics_obtained":["Omamori"],"max_hp_gain":0,"max_hp_loss":0,"event_name":"Addict","floor":32,"gold_loss":85},{"damage_healed":0,"gold_gain":0,"player_choice":"Bought 2 Potions","damage_taken":0,"max_hp_gain":0,"max_hp_loss":0,"event_name":"The Woman in Blue","floor":38,"gold_loss":0}],"is_beta":false,"boss_relics":[{"not_picked":["Cursed Key","Philosopher\u0027s Stone"],"picked":"Calling Bell"},{"not_picked":["Fusion Hammer","Tiny House"],"picked":"Empty Cage"}],"items_purged_floors":[],"is_endless":false,"potions_floor_spawned":[1,5,12,13,17,23,30,43],"killed_by":"Writhing Mass","ascension_level":3}}