{"host":"0tbecx6mc13icp35","time":1614291386,"event":{"mods":["AchievementEnabler","BaseMod","Colored Map","Colored Powertips","DeckTracker","Minty Spire (QoL Compilation)","Relic Stats","Synergy Search","slay the spire mod where everything is the same but ironclad has a cowboy hat"],"gold_per_floor":[118,130,130,305,276,307,307,336,336,336,336,336],"floor_reached":11,"language":"ENG","playtime":462,"items_purged":[],"score":95,"play_id":"3b6b299c-945b-43e1-9023-9791c78542f0","local_time":"20210226011626","is_ascension_mode":true,"campfire_choices":[{"floor":7,"key":"REST"},{"floor":10,"key":"REST"}],"circlet_count":0,"master_deck":["Strike_G","Strike_G","Strike_G","Strike_G","Strike_G","Defend_G","Defend_G","Defend_G","Defend_G","Defend_G","Survivor","Neutralize","Malaise","Deadly Poison","Noxious Fumes+1","Doubt","Dodge and Roll","Poisoned Stab"],"relics":["Ring of the Snake","Pantograph","CaptainsWheel","HornCleat"],"acts_visited":["Exordium"],"potions_floor_usage":[6,8],"damage_taken":[{"damage":0,"enemies":"2 Louse","floor":1,"turns":3},{"damage":2,"enemies":"Small Slimes","floor":2,"turns":4},{"damage":36,"enemies":"Gremlin Nob","floor":6,"turns":7},{"damage":28,"enemies":"3 Sentries","floor":8,"turns":8},{"damage":41,"enemies":"Gremlin Nob","floor":11,"turns":5}],"seed_played":"3929563717986990100","potions_obtained":[{"floor":2,"key":"Dexterity Potion"},{"floor":6,"key":"Regen Potion"}],"is_trial":false,"path_per_floor":["M","M","?","?","?","E","R","E","T","R","E"],"character_chosen":"THE_SILENT","items_purchased":[],"campfire_rested":2,"item_purchase_floors":[],"current_hp_per_floor":[49,47,47,47,47,11,32,19,19,40,0,0],"gold":336,"neow_bonus":"THREE_RARE_CARDS","is_daily":false,"chose_seed":false,"campfire_upgraded":0,"win_rate":0.0,"timestamp":1614291386,"path_taken":["M","M","?","?","?","E","R","E","T","R","E"],"items_purchased_type":[],"build_version":"2020-12-22","purchased_purges":0,"victory":false,"max_hp_per_floor":[70,70,70,70,70,70,70,70,70,70,70,70],"relic_stats":{"counters":[5,27],"Pantograph":0,"obtain_stats":[{"CaptainsWheel":8,"HornCleat":9,"Pantograph":6,"Ring of the Snake":0},{"CaptainsWheel":4,"HornCleat":4,"Pantograph":3,"Ring of the Snake":0},{"CaptainsWheel":22,"HornCleat":22,"Pantograph":14,"Ring of the Snake":0}],"Ring of the Snake":[10]},"card_choices":[{"not_picked":["Bullet Time","Adrenaline"],"picked":"Malaise","floor":0},{"not_picked":["Expertise","Concentrate"],"picked":"Deadly Poison","floor":1},{"not_picked":["Sucker Punch","Dagger Spray"],"picked":"Noxious Fumes","floor":2},{"not_picked":["Concentrate","Outmaneuver"],"picked":"Dodge and Roll","floor":6},{"not_picked":["Flechettes","Infinite Blades"],"picked":"Poisoned Stab","floor":8}],"player_experience":90725,"relics_obtained":[{"floor":6,"key":"Pantograph"},{"floor":8,"key":"CaptainsWheel"},{"floor":9,"key":"HornCleat"}],"event_choices":[{"damage_healed":0,"gold_gain":0,"player_choice":"Grow","damage_taken":0,"max_hp_gain":0,"max_hp_loss":0,"event_name":"Living Wall","floor":3,"gold_loss":0,"cards_upgraded":["Noxious Fumes"]},{"damage_healed":0,"gold_gain":175,"player_choice":"AGREE","damage_taken":0,"max_hp_gain":0,"max_hp_loss":0,"event_name":"Liars Game","floor":4,"gold_loss":0,"cards_obtained":["Doubt"]},{"damage_healed":0,"gold_gain":0,"player_choice":"Left Gold","damage_taken":0,"max_hp_gain":0,"max_hp_loss":0,"event_name":"World of Goop","floor":5,"gold_loss":29}],"is_beta":false,"boss_relics":[],"items_purged_floors":[],"is_endless":false,"potions_floor_spawned":[2,6],"killed_by":"Gremlin Nob","ascension_level":4}}