{"host":"359hz4210ybch7ku","time":1614240980,"event":{"mods":["BaseMod","Block Reminder","Colored Map","Colored Powertips","Highlight Path","Minty Spire (QoL Compilation)","Slay the Relics Exporter","StSLib"],"gold_per_floor":[360,377,377,11,11,43,43,43,90,90,90,90,124,143,143,263,263,287,19,42,42,42],"floor_reached":21,"language":"ENG","playtime":1470,"items_purged":["Doppelganger"],"score":231,"play_id":"666c06a6-d3f5-466a-a8af-1a66c97df7db","local_time":"20210225001620","is_ascension_mode":true,"campfire_choices":[{"data":"Venomology","floor":7,"key":"SMITH"},{"floor":10,"key":"DIG"},{"floor":12,"key":"DIG"},{"data":"Bane","floor":15,"key":"SMITH"}],"circlet_count":0,"master_deck":["Survivor","Neutralize+1","Noxious Fumes","Backflip","Noxious Fumes","Venomology+1","Terror","Bane+1","After Image","Night Terror","Cloak And Dagger","Unload","Bane","Predator","Doppelganger","Terror","Outmaneuver","Backflip","Bane"],"relics":["Ring of the Snake","Peace Pipe","Shovel","Golden Idol","Bag of Preparation","Regal Pillow","Du-Vu Doll","Pandora\u0027s Box","Strange Spoon"],"acts_visited":["Exordium","TheCity"],"potions_floor_usage":[13,13,14,16,16,16,20,21,21,21],"damage_taken":[{"damage":2,"enemies":"2 Louse","floor":1,"turns":4},{"damage":4,"enemies":"Small Slimes","floor":2,"turns":3},{"damage":12,"enemies":"Lagavulin","floor":6,"turns":7},{"damage":14,"enemies":"3 Sentries","floor":13,"turns":5},{"damage":0,"enemies":"Cultist","floor":14,"turns":3},{"damage":12,"enemies":"Slime Boss","floor":16,"turns":8},{"damage":17,"enemies":"Spheric Guardian","floor":18,"turns":5},{"damage":18,"enemies":"Shell Parasite","floor":20,"turns":4},{"damage":31,"enemies":"Chosen and Byrds","floor":21,"turns":4}],"seed_played":"2252205350051953643","potions_obtained":[{"floor":1,"key":"BlessingOfTheForge"},{"floor":6,"key":"Energy Potion"},{"floor":13,"key":"BlessingOfTheForge"}],"is_trial":false,"path_per_floor":["M","M","?","$","?","E","R","?","T","R","?","R","E","M","R","B",null,"M","$","M","M"],"character_chosen":"THE_SILENT","items_purchased":["Peace Pipe","Noxious Fumes","Strange Spoon","Bane"],"campfire_rested":0,"item_purchase_floors":[4,4,19,19],"current_hp_per_floor":[68,64,57,57,57,45,45,45,45,45,45,45,31,31,31,19,54,37,37,19,0,0],"gold":42,"neow_bonus":"TWO_FIFTY_GOLD","is_daily":false,"chose_seed":false,"campfire_upgraded":2,"win_rate":0.0,"timestamp":1614240980,"path_taken":["M","M","?","$","?","E","R","?","T","R","?","R","E","M","R","BOSS","M","$","M","M"],"items_purchased_type":["Relic","Card","Relic","Card"],"build_version":"2020-12-22","purchased_purges":1,"victory":false,"max_hp_per_floor":[70,70,70,70,70,70,70,65,65,65,65,65,65,65,65,65,65,65,65,65,65,65],"card_choices":[{"not_picked":["Dagger Throw","Prepared"],"picked":"Noxious Fumes","floor":1},{"not_picked":["Dagger Throw","Accuracy"],"picked":"Backflip","floor":2},{"not_picked":["Deflect","Infinite Blades"],"picked":"Venomology","floor":6},{"not_picked":["Quick Slash","Sucker Punch"],"picked":"Terror","floor":13},{"not_picked":["Slice","Deflect"],"picked":"Bane","floor":14},{"not_picked":["Bullet Time","Doppelganger"],"picked":"After Image","floor":16},{"not_picked":["Deflect","Concentrate"],"picked":"Backflip","floor":18},{"not_picked":["Quick Slash","Deflect","Slice"],"picked":"SKIP","floor":20}],"player_experience":360346,"relics_obtained":[{"floor":6,"key":"Shovel"},{"floor":9,"key":"Bag of Preparation"},{"floor":12,"key":"Regal Pillow"},{"floor":13,"key":"Du-Vu Doll"}],"event_choices":[{"cards_removed":["Regret"],"damage_healed":0,"gold_gain":0,"player_choice":"Card Removal","damage_taken":7,"max_hp_gain":0,"max_hp_loss":0,"event_name":"Golden Wing","floor":3,"gold_loss":0},{"damage_healed":0,"gold_gain":0,"player_choice":"Grow","damage_taken":0,"max_hp_gain":0,"max_hp_loss":0,"event_name":"Living Wall","floor":5,"gold_loss":0,"cards_upgraded":["Neutralize"]},{"damage_healed":0,"gold_gain":0,"player_choice":"Lose Max HP","damage_taken":0,"relics_obtained":["Golden Idol"],"max_hp_gain":0,"max_hp_loss":5,"event_name":"Golden Idol","floor":8,"gold_loss":0},{"cards_removed":["Defend_G"],"damage_healed":0,"gold_gain":0,"player_choice":"Purged","damage_taken":0,"max_hp_gain":0,"max_hp_loss":0,"event_name":"Purifier","floor":11,"gold_loss":0}],"is_beta":false,"boss_relics":[{"not_picked":["Ring of the Serpent","Ectoplasm"],"picked":"Pandora\u0027s Box"}],"items_purged_floors":[19],"is_endless":false,"potions_floor_spawned":[1,6,13],"killed_by":"Chosen and Byrds","ascension_level":5}}