{"host":"ggy1mjjy92c62u6a","time":1614246101,"event":{"mods":["10 clothes from DAL","ATMod(阿瑾Mod)","Act Like it!","BaseMod","Colored Powertips","GifTheSpireLib","Infinite Spire","Library of Ruina","Library of Ruina Extra","Lobotomy","LobotomyExtend","Minty Spire (QoL Compilation)","Quick Restart","Relic Filter Mod","Relic Stats","Reliquary","Remilia（蕾米莉亚）","Replay The Spire","RumiaBox-露米娅的神秘盒子","Shop Mod","Spicy Shops","StSLib","SuperFastMode","Youmu（魂魄妖梦）","[功能]功能增强和修复MOD","【功能Mod】混沌之环修复补丁","【遗物Mod】死灵法师NEW","【遗物卡牌】REMEMod"],"gold_per_floor":[110,110,110,110,50,50,86,86,86,86,100,100,181,216,216,341,441,456,731,155,178,197,197,197,445,471,485,485,525,525,525],"floor_reached":30,"language":"ZHS","playtime":1006,"items_purged":["LightDefense","Regret"],"score":455,"play_id":"a4624902-5d7f-42fe-b802-6774ec8eae32","local_time":"20210225174141","is_ascension_mode":true,"campfire_choices":[{"data":"ReplayTheSpireMod:Black Plague","floor":6.0,"key":"SMITH"},{"floor":10.0,"key":"REST"},{"floor":15.0,"key":"REST"},{"data":"AT_ChampionStep","floor":23.0,"key":"SMITH"},{"floor":28,"key":"REST"}],"circlet_count":0,"master_deck":["AscendersBane","Dodge","LightDefense","LightAttack","LightAttack","LightAttack","LightDefense","LightDefense","ChargeAndCover","FocusedStrikes","AT_ChampionStep+1","ReplayTheSpireMod:Black Plague+1","DriedUp","LightAttack","SinglePointStab+1","FlamingDragonFist+1","BiAn+1","FormingStorm","Faith","Lust_TH","UnforgettableMelody","SuanNi","SinglePointStab"],"relics":["PageOfLibrarian","REME_ComplimentaryCards","AT_ATBox","CogitoBucket","Baka","LetterFromLob","Golden Idol","reliquary:SilkGlove","PageOfForsakenMurderer","AT_DeathDance","Replay:Wanted Poster","PageOfNothingThere","AT_RabadonDeathcap","MoreBug","reliquary:WeakTea","Strawberry"],"acts_visited":["Exordium","TheCity"],"potions_floor_usage":[],"damage_taken":[{"damage":6.0,"enemies":"Cultist","floor":1.0,"turns":4.0},{"damage":17.0,"enemies":"Replay:BlueRogue","floor":7.0,"turns":4.0},{"damage":3.0,"enemies":"Small Slimes","floor":11.0,"turns":3.0},{"damage":0.0,"enemies":"2 Louse","floor":14.0,"turns":2.0},{"damage":3.0,"enemies":"Fading Forest","floor":16.0,"turns":10.0},{"damage":9.0,"enemies":"Shell Parasite","floor":18.0,"turns":4.0},{"damage":13.0,"enemies":"Chosen","floor":21.0,"turns":2.0},{"damage":17.0,"enemies":"Centurion and Healer","floor":22.0,"turns":5.0},{"damage":9,"enemies":"Chosen and Byrds","floor":27,"turns":6},{"damage":18,"enemies":"Replay:Snechameleon","floor":29,"turns":4},{"damage":32,"enemies":"Shelled Parasite and Fungi","floor":30,"turns":2}],"seed_played":"-5859672153575222285","potions_obtained":[{"floor":14.0,"key":"DuplicationPotion"}],"is_trial":false,"path_per_floor":["M","?","?","?","$","R","E","?","T","R","M","?","T","M","R","B",null,"M","?","$","M","M","R","?","?","T","M","R","E","M"],"character_chosen":"Librarian","items_purchased":["PageOfNothingThere","AT_RabadonDeathcap","MoreBug"],"campfire_rested":3,"item_purchase_floors":[20,20,20],"current_hp_per_floor":[48,56,39,22,22,22,5,5,5,25,22,22,22,22,50,47,83,63,63,63,50,37,37,37,28,28,20,38,31,0,0],"gold":525,"neow_bonus":"","is_daily":false,"chose_seed":false,"campfire_upgraded":2,"win_rate":0.0,"timestamp":1614246101,"path_taken":["M","?","?","?","$","R","E","?","T","R","?","?","?","M","R","BOSS","M","?","$","?","?","R","?","?","T","M","R","E","M"],"items_purchased_type":["Relic","Relic","Relic"],"build_version":"2020-12-22","purchased_purges":2,"victory":false,"max_hp_per_floor":[68,68,68,68,68,68,68,68,68,68,68,68,68,68,95,95,95,63,63,63,63,63,63,63,63,63,63,63,70,70,70],"relic_stats":{"counters":[13,48],"Golden Idol":119,"obtain_stats":[{"MoreBug":20,"AT_RabadonDeathcap":20,"AT_ATBox":0,"reliquary:SilkGlove":7,"Golden Idol":3,"PageOfNothingThere":20,"Baka":1,"reliquary:WeakTea":26,"PageOfLibrarian":0,"Replay:Wanted Poster":17,"CogitoBucket":0,"PageOfForsakenMurderer":9,"Strawberry":29,"LetterFromLob":1,"AT_DeathDance":13,"REME_ComplimentaryCards":0},{"MoreBug":7,"AT_RabadonDeathcap":7,"AT_ATBox":0,"reliquary:SilkGlove":2,"Golden Idol":1,"PageOfNothingThere":7,"Baka":1,"reliquary:WeakTea":9,"PageOfLibrarian":0,"Replay:Wanted Poster":5,"CogitoBucket":0,"PageOfForsakenMurderer":2,"Strawberry":11,"LetterFromLob":1,"AT_DeathDance":3,"REME_ComplimentaryCards":0},{"MoreBug":28,"AT_RabadonDeathcap":28,"AT_ATBox":0,"reliquary:SilkGlove":8,"Golden Idol":4,"PageOfNothingThere":28,"Baka":4,"reliquary:WeakTea":35,"PageOfLibrarian":0,"Replay:Wanted Poster":23,"CogitoBucket":0,"PageOfForsakenMurderer":8,"Strawberry":45,"LetterFromLob":4,"AT_DeathDance":11,"REME_ComplimentaryCards":0}]},"card_choices":[{"not_picked":["NightInTheBackstreets","GuidanceOfTheGears","Feast","StrikeDown","EndlessBattle","FierceCharge","CrackOfDawn","Preparation","GreatSerpentsImpact"],"picked":"SKIP","floor":1.0},{"not_picked":["infinitespire:Fortify","infinitespire:FinalStrike"],"picked":"ReplayTheSpireMod:Black Plague","floor":4.0},{"not_picked":["TheArtOfRapidSteps","HandlingWork","SturdyDefense","Eject","ViolentFlame","Rewind","HiddenBlade","Wallop_lor"],"picked":"DriedUp","floor":7.0},{"not_picked":["VioletBlade","BizarreAttack","Bvapour","AGoldenOpportunity","PreemptiveStrike","InnerArdor","FaintMemories","Track","HighKick"],"picked":"SKIP","floor":11.0},{"not_picked":["PinpointShot","CumulusWall","Wallop_lor","HiddenBlade","ChopItOff","FleetFootsteps","FaintMemories","TendonChords"],"picked":"SinglePointStab","floor":14.0},{"not_picked":["Observe","GoinFirst"],"picked":"FlamingDragonFist","floor":16.0},{"not_picked":["Wallop_lor","Thrust","Leap_lor","MultiBlock","GreatSerpentsImpact","VenomousFangs","Rewind","Quickness"],"picked":"BiAn+1","floor":18.0},{"not_picked":["Creak","NightInTheBackstreets","QuickSuppression","BiAn","TendonChords+1","Gamble","RhinoRam","ForcefulGesture"],"picked":"FormingStorm","floor":21.0},{"not_picked":["SmokingPipe","MultiHit","SnakesPrey","SavageMode","ViolentFlame","QuickSuppression","SharpNails","BackAttack"],"picked":"Faith","floor":22.0},{"not_picked":["MultiHit+1","ClassAndRespect","GrazeTheGrass","Leap_lor","ScatteringSlash","BiAn","TendonChords","WillOfThePrescript","AsThePrescriptOrders"],"picked":"SKIP","floor":22.0},{"not_picked":["Rewind+1","FormingStorm","UpbeatPerformance+1","TimeForALittleTest","ViolentFlame","GuardingStance","FleetFootsteps","DefenseOrder+1","YouOnlyLiveOnce"],"picked":"SKIP","floor":22.0},{"not_picked":["Pound+1","FleetEdge","DarkCloud","Standoff","AsThePrescriptOrders","YourShield","EndlessBattle","SnakeSlit+1","Rewind"],"picked":"SKIP","floor":22.0},{"not_picked":["SuppressingShot+1","FleetFootsteps","Slice_lor","DefenseOrder","ClassAndRespect","Parry2","TheRedNotes","EndlessBattle"],"picked":"UnforgettableMelody","floor":25},{"not_picked":["FleetFootsteps","StructuralAnalysis","Rampage_lor","TendonChords","FleetEdge","BurningFlash","SuppressingShot","UpbeatPerformance"],"picked":"SuanNi","floor":27},{"not_picked":["DefenseOrder","Commandeering","GuardingStance","FierceCharge","DarkCloud","StrikeDown","Ripple","MirageStorm"],"picked":"SinglePointStab","floor":29}],"player_experience":147856,"relics_obtained":[{"floor":1.0,"key":"Baka"},{"floor":1.0,"key":"LetterFromLob"},{"floor":7.0,"key":"reliquary:SilkGlove"},{"floor":9.0,"key":"PageOfForsakenMurderer"},{"floor":13.0,"key":"AT_DeathDance"},{"floor":26,"key":"reliquary:WeakTea"},{"floor":29,"key":"Strawberry"}],"event_choices":[{"damage_healed":0.0,"max_hp_gain":0.0,"max_hp_loss":0.0,"gold_gain":0.0,"event_name":"Golden Idol","player_choice":"Take Damage","floor":3.0,"gold_loss":0.0,"damage_taken":17.0,"relics_obtained":["Golden Idol"]},{"damage_healed":0.0,"max_hp_gain":0.0,"max_hp_loss":0.0,"gold_gain":0.0,"event_name":"Wheel of Change","player_choice":"Cursed","floor":8.0,"gold_loss":0.0,"damage_taken":0.0,"cards_obtained":["Decay"]},{"cards_removed":["Decay"],"damage_healed":0.0,"max_hp_gain":0.0,"max_hp_loss":0.0,"gold_gain":0.0,"event_name":"Living Wall","player_choice":"Forget","floor":12.0,"gold_loss":0.0,"damage_taken":0.0},{"damage_healed":0.0,"max_hp_gain":0.0,"max_hp_loss":0.0,"gold_gain":275.0,"event_name":"Golden Shrine","player_choice":"Desecrate","floor":19.0,"gold_loss":0.0,"damage_taken":0.0,"cards_obtained":["Regret"]}],"is_beta":false,"boss_relics":[{"not_picked":["AddBug","Runic Dome"],"picked":"Replay:Wanted Poster"}],"items_purged_floors":[5,20],"is_endless":false,"potions_floor_spawned":[7,14,21,27],"killed_by":"Shelled Parasite and Fungi","ascension_level":12}}