{"host":"0k7350af1t8odskw","time":1614281143,"event":{"mods":["AchievementEnabler","BaseMod","Better Vampires","BetterRewards","Colored Map","Downfall","Highlight Path","Hubris","Lobotomy","Marisa£®ÏF”Í°°ƒß¿Ì…≥£©","Minty Spire (QoL Compilation)","Quick Restart","Replay The Spire","Shop Mod","StSLib","The Administrix","The Death Knight","The Runesmith","Youmu£®ªÍ∆«—˝√Œ£©"],"gold_per_floor":[119,119,130,130,130,157,157,171,196,218,218,236,236,255,255,356,356,368,368,368,387,400,410,410,2,2,2,2,2,32,49,49,149,149,164,17,35,35,51,51,78,92,118,118,129,129,129,149,149,149],"floor_reached":51,"language":"ZHS","playtime":1373,"items_purged":[],"score":1096,"play_id":"ab649a85-6a75-454b-9866-8b89c11b64f8","local_time":"20210225112543","is_ascension_mode":true,"campfire_choices":[{"data":"Inflame","floor":7,"key":"SMITH"},{"data":"Sever Soul","floor":13,"key":"SMITH"},{"data":"Cleave","floor":15,"key":"SMITH"},{"data":"Heavy Blade","floor":24,"key":"SMITH"},{"data":"Limit Break","floor":27,"key":"SMITH"},{"data":"Anger","floor":29,"key":"SMITH"},{"data":"Double Tap","floor":32,"key":"SMITH"},{"data":"Demon Form","floor":40,"key":"SMITH"},{"data":"Immolate","floor":44,"key":"SMITH"},{"data":"Cleave","floor":47,"key":"SMITH"},{"data":"hubris:StunningStrike","floor":49,"key":"SMITH"}],"circlet_count":0,"master_deck":["Strike_R+1","Strike_R+1","Strike_R+1","Strike_R+1","Strike_R+1","Defend_R+1","Defend_R+1","Defend_R+1","Defend_R+1","Bash","Double Tap+1","Cleave+1","Cleave+1","Inflame+1","Shrug It Off","Sever Soul+1","hubris:StunningStrike+1","Limit Break+1","Heavy Blade+1","Anger+1","Seeing Red","Clash+1","Immolate+1","Immolate+1","Double Tap+1","Anger+1","Demon Form+1","Flex+1","Whirlwind+1","Carnage+1","Thunderclap","Uppercut+1","Thunderclap+1"],"relics":["Burning Blood","Chemical X","hubris:Spice","Pen Nib","Replay:Rubber Ducky","Odd Mushroom","hubris:CrackedHourglass","hubris:Towel","Self Forming Clay","Oddly Smooth Stone","Sozu","Whetstone","hubris:ToyBattleship"],"acts_visited":["Exordium","TheCity","TheBeyond"],"potions_floor_usage":[16,50,50],"damage_taken":[{"damage":1,"enemies":"2 Louse","floor":1,"turns":3},{"damage":3,"enemies":"Small Slimes","floor":3,"turns":2},{"damage":27,"enemies":"Gremlin Nob","floor":6,"turns":4},{"damage":1,"enemies":"Cultist","floor":8,"turns":2},{"damage":12,"enemies":"The Mushroom Lair","floor":10,"turns":2},{"damage":0,"enemies":"3 Louse","floor":12,"turns":1},{"damage":11,"enemies":"Large Slime","floor":14,"turns":3},{"damage":50,"enemies":"The Guardian","floor":16,"turns":8},{"damage":26,"enemies":"2 Thieves","floor":18,"turns":4},{"damage":11,"enemies":"Shell Parasite","floor":21,"turns":3},{"damage":4,"enemies":"Centurion and Healer","floor":22,"turns":4},{"damage":2,"enemies":"Snake Plant","floor":23,"turns":3},{"damage":14,"enemies":"Book of Stabbing","floor":30,"turns":4},{"damage":15,"enemies":"Chosen and Byrds","floor":31,"turns":3},{"damage":20,"enemies":"Champ","floor":33,"turns":5},{"damage":11,"enemies":"3 Darklings","floor":35,"turns":2},{"damage":0,"enemies":"Orb Walker","floor":37,"turns":2},{"damage":18,"enemies":"Spire Growth","floor":39,"turns":2},{"damage":4,"enemies":"Reptomancer","floor":41,"turns":2},{"damage":1,"enemies":"Jaw Worm Horde","floor":42,"turns":1},{"damage":13,"enemies":"Transient","floor":45,"turns":5},{"damage":9,"enemies":"Spire Growth","floor":48,"turns":3},{"damage":22,"enemies":"Time Eater","floor":50,"turns":5}],"seed_played":"2008107070168321496","potions_obtained":[{"floor":3,"key":"Fruit Juice"},{"floor":10,"key":"SpeedPotion"},{"floor":12,"key":"champ:CounterPotion"},{"floor":16,"key":"Fire Potion"},{"floor":22,"key":"BloodPotion"},{"floor":33,"key":"Ancient Potion"}],"is_trial":false,"path_per_floor":["M","$","M","?","$","E","R","M","T","?","?","M","R","M","R","B",null,"M","?","?","M","M","M","R","$","T","R","?","R","E","M","R","B",null,"M","$","M","?","M","R","E","M","T","R","M","$","R","M","R","B",null],"character_chosen":"IRONCLAD","items_purchased":["Chemical X","Double Tap+1","hubris:Spice","hubris:Spice","Immolate","Whetstone"],"campfire_rested":0,"item_purchase_floors":[0,0,0,25,25,36],"current_hp_per_floor":[64,64,67,60,60,39,39,44,44,38,88,88,88,83,83,44,93,73,73,73,68,70,74,74,74,74,74,74,74,66,57,57,43,77,72,72,77,77,65,65,67,69,69,69,62,62,62,59,59,43],"gold":149,"neow_bonus":"","is_daily":false,"chose_seed":false,"campfire_upgraded":11,"win_rate":0.0,"timestamp":1614281143,"path_taken":["M","$","M","?","$","E","R","M","T","?","?","?","R","M","R","BOSS","M","?","?","M","M","M","R","$","T","R","?","R","E","M","R","BOSS","M","?","M","?","M","R","E","M","T","R","M","$","R","M","R","BOSS"],"items_purchased_type":["Relic","Card","Relic","Relic","Card","Relic"],"build_version":"2020-12-22","purchased_purges":0,"victory":true,"max_hp_per_floor":[96,96,96,96,96,96,96,96,88,88,88,88,88,88,88,93,93,93,93,93,93,93,93,93,85,85,85,77,77,77,77,77,77,77,77,77,77,77,77,77,69,69,69,69,69,69,69,69,69,69],"card_choices":[{"not_picked":["Thunderclap","Reckless Charge"],"picked":"Cleave","floor":1},{"not_picked":["hubris:SpiceAddiction","hubris:SpiceAddiction"],"picked":"Cleave","floor":3},{"not_picked":["Shrug It Off","Clash"],"picked":"Inflame","floor":6},{"not_picked":["Sentinel","Warcry"],"picked":"Metallicize","floor":8},{"not_picked":["hubris:SpiceAddiction","Evolve"],"picked":"Shrug It Off","floor":10},{"not_picked":["Ghostly Armor","Cleave"],"picked":"Sever Soul","floor":12},{"not_picked":["hubris:SpiceAddiction","ReplayTheSpireMod:Strike From Hell"],"picked":"hubris:StunningStrike","floor":14},{"not_picked":["Juggernaut","Fiend Fire"],"picked":"Limit Break","floor":16},{"not_picked":["True Grit","Feel No Pain+1"],"picked":"Heavy Blade","floor":18},{"not_picked":["Intimidate","Twin Strike"],"picked":"Anger","floor":21},{"not_picked":["Infernal Blade","Armaments"],"picked":"Seeing Red","floor":22},{"not_picked":["Ghostly Armor","Flame Barrier"],"picked":"Clash","floor":23},{"not_picked":["hubris:SpiceAddiction","hubris:CleavingFinish+1"],"picked":"Double Tap","floor":30},{"not_picked":["Hemokinesis","Iron Wave"],"picked":"Anger+1","floor":31},{"not_picked":["Offering","Berserk"],"picked":"Demon Form","floor":33},{"not_picked":["Run Through+1","True Grit+1"],"picked":"Flex+1","floor":35},{"not_picked":["hubris:SpiceAddiction","Intimidate+1","Body Slam+1"],"picked":"SKIP","floor":37},{"not_picked":["Feel No Pain+1","Armaments"],"picked":"Whirlwind+1","floor":39},{"not_picked":["Body Slam","Clash+1"],"picked":"Carnage+1","floor":41},{"not_picked":["hubris:SpiceAddiction","ReplayTheSpireMod:Corrosion Curse"],"picked":"Thunderclap","floor":42},{"not_picked":["Armaments","Dropkick+1"],"picked":"Uppercut+1","floor":45},{"not_picked":["hubris:SpiceAddiction","hubris:SpiceAddiction"],"picked":"Thunderclap+1","floor":48}],"player_experience":104110,"relics_obtained":[{"floor":6,"key":"Replay:Rubber Ducky"},{"floor":9,"key":"hubris:Spice"},{"floor":10,"key":"Odd Mushroom"},{"floor":26,"key":"Self Forming Clay"},{"floor":30,"key":"Oddly Smooth Stone"},{"floor":41,"key":"hubris:Spice"},{"floor":43,"key":"hubris:ToyBattleship"}],"event_choices":[{"damage_healed":0,"gold_gain":0,"player_choice":"Success","damage_taken":7,"relics_obtained":["Pen Nib"],"max_hp_gain":0,"max_hp_loss":0,"event_name":"Scrap Ooze","floor":4,"gold_loss":0},{"damage_healed":0,"gold_gain":0,"player_choice":"Fought Mushrooms","damage_taken":0,"max_hp_gain":0,"max_hp_loss":0,"event_name":"Mushrooms","floor":10,"gold_loss":0},{"cards_removed":["Metallicize"],"damage_healed":50,"gold_gain":0,"player_choice":"Offered Uncommon","damage_taken":0,"max_hp_gain":0,"max_hp_loss":0,"event_name":"Bonfire Elementals","floor":11,"gold_loss":0},{"damage_healed":0,"gold_gain":0,"player_choice":"Simplicity","damage_taken":0,"max_hp_gain":0,"max_hp_loss":0,"event_name":"Back to Basics","floor":19,"gold_loss":0,"cards_upgraded":["Strike_R","Strike_R","Strike_R","Strike_R","Strike_R","Defend_R","Defend_R","Defend_R","Defend_R"]},{"damage_healed":0,"gold_gain":0,"player_choice":"Gave Potion","damage_taken":0,"relics_obtained":["hubris:Spice"],"max_hp_gain":0,"max_hp_loss":0,"event_name":"WeMeetAgain","floor":28,"gold_loss":0}],"is_beta":false,"boss_relics":[{"not_picked":["Runesmith:UraniumAnvil","Black Blood"],"picked":"hubris:CrackedHourglass"},{"not_picked":["Replay:Bronze Core","hubris:Spice"],"picked":"Sozu"}],"items_purged_floors":[],"is_endless":false,"potions_floor_spawned":[3,10,12,14,16,18,22,23,33,48],"ascension_level":4}}