{"host":"cz96naaoibjp08st","time":1614280870,"event":{"mods":["Act Like it!","BaseMod","BetterRewards","GifTheSpireLib","Minty Spire (QoL Compilation)","Replay The Spire","Shop Mod","StSLib","The Bug Knight"],"gold_per_floor":[110,110,175,188,238,238,270,281,307,69,80,99,99,110,110,213,213,231,242,292,342,79,104,104,154,154,216,236,236,270,281,281,386,386,398,448,459,110,122,122,140,158,158,118,118,145,209,223,223,223],"floor_reached":51,"language":"ZHS","playtime":4561,"items_purged":["Strike_G","Strike_G"],"score":623,"play_id":"7e3815f4-4abe-47e5-8f32-d067b0c5d3dd","local_time":"20210226032110","is_ascension_mode":false,"campfire_choices":[{"data":"Footwork","floor":6,"key":"SMITH"},{"floor":13,"key":"REST"},{"data":"Well Laid Plans","floor":15,"key":"SMITH"},{"data":"Deadly Poison","floor":24,"key":"SMITH"},{"data":"Backstab","floor":29,"key":"SMITH"},{"data":"PiercingWail","floor":32,"key":"SMITH"},{"data":"After Image","floor":40,"key":"SMITH"},{"data":"Parasite","floor":49,"key":"PURGE"}],"circlet_count":0,"master_deck":["Strike_G","Strike_G","Defend_G","Defend_G","Defend_G+1","Defend_G","Defend_G","Survivor","Neutralize","PiercingWail+1","Deadly Poison+1","Footwork+1","Backflip","Backstab+1","Well Laid Plans+1","Crippling Poison+1","Prepared+1","Night Terror+1","Blur+1","Footwork+1","Catalyst+1","Die Die Die","Deflect+1","Deadly Poison+1","After Image+1","Deadly Poison+1","ReplayTheSpireMod:Necrosis+1","ReplayTheSpireMod:Necrosis+1","Adrenaline+1","Backflip+1","Deadly Poison+1"],"relics":["Ring of the Snake","Ginger","SsserpentHead","Snake Skull","ReplayTheSpireMod:TigerMarble","Toxic Egg 2","Cursed Key","DollysMirror","Blue Doll","ReplayTheSpireMod:Ninjato","Ice Cream","Philosopher\u0027s Stone","BargainBundle","Art of War","Replay:Mystery Machine","Replay:Multitool"],"acts_visited":["Exordium","TheCity","TheBeyond"],"potions_floor_usage":[19,19,19,28,50,50,50,50,50],"damage_taken":[{"damage":2,"enemies":"2 Louse","floor":1,"turns":3},{"damage":1,"enemies":"Cultist","floor":3,"turns":4},{"damage":2,"enemies":"Jaw Worm","floor":4,"turns":5},{"damage":49,"enemies":"Gremlin Nob","floor":7,"turns":6},{"damage":8,"enemies":"Large Slime","floor":8,"turns":8},{"damage":0,"enemies":"Blue Slaver","floor":11,"turns":4},{"damage":0,"enemies":"3 Louse","floor":12,"turns":2},{"damage":0,"enemies":"Lots of Slimes","floor":14,"turns":3},{"damage":13,"enemies":"Hexaghost","floor":16,"turns":10},{"damage":0,"enemies":"Spheric Guardian","floor":18,"turns":4},{"damage":0,"enemies":"Chosen","floor":19,"turns":5},{"damage":15,"enemies":"Book of Stabbing","floor":23,"turns":6},{"damage":9,"enemies":"Snake Plant","floor":27,"turns":4},{"damage":0,"enemies":"Centurion and Healer","floor":28,"turns":6},{"damage":30,"enemies":"Gremlin Leader","floor":30,"turns":6},{"damage":0,"enemies":"Shelled Parasite and Fungi","floor":31,"turns":4},{"damage":5,"enemies":"Pondfish","floor":33,"turns":5},{"damage":1,"enemies":"3 Darklings","floor":35,"turns":12},{"damage":0,"enemies":"Orb Walker","floor":37,"turns":2},{"damage":0,"enemies":"Jaw Worm Horde","floor":39,"turns":4},{"damage":7,"enemies":"Maw","floor":41,"turns":6},{"damage":11,"enemies":"Sphere and 2 Shapes","floor":42,"turns":5},{"damage":0,"enemies":"R_Hoarder","floor":46,"turns":5},{"damage":0,"enemies":"Jaw Worm Horde","floor":47,"turns":4},{"damage":4,"enemies":"Transient","floor":48,"turns":5},{"damage":9,"enemies":"Replay:Hell Engine","floor":50,"turns":9}],"seed_played":"33984501332501089","potions_obtained":[{"floor":7,"key":"LiquidBronze"},{"floor":8,"key":"Death Potion"},{"floor":12,"key":"Doom Potion"},{"floor":16,"key":"AttackPotion"},{"floor":19,"key":"Regen Potion"},{"floor":30,"key":"Block Potion"}],"is_trial":false,"path_per_floor":["M","?","M","M","?","R","E","M","T","$","M","M","R","M","R","B",null,"M","M","?","?","$","E","R","?","T","M","M","R","E","M","R","B",null,"M","?","M","$","M","R","M","M","T","?","$","E","M","M","R","B",null],"character_chosen":"THE_SILENT","items_purchased":["Toxic Egg 2","DollysMirror","Catalyst+1","BargainBundle","Art of War","ReplayTheSpireMod:Necrosis+1","EntropicBrew"],"campfire_rested":1,"item_purchase_floors":[10,22,22,38,38,38,38],"current_hp_per_floor":[61,61,60,58,58,58,9,1,1,1,1,1,19,19,19,6,63,63,63,63,63,63,48,48,48,48,39,54,54,24,24,24,19,63,62,60,60,60,60,60,53,42,42,42,42,42,42,38,38,29],"gold":223,"neow_bonus":"ONE_RARE_RELIC","is_daily":false,"chose_seed":false,"campfire_upgraded":6,"win_rate":0.0,"timestamp":1614280870,"path_taken":["M","?","?","M","?","R","E","M","T","$","M","M","R","M","R","BOSS","M","M","?","?","$","E","R","?","T","?","M","R","E","M","R","BOSS","M","?","M","$","M","R","M","M","T","?","$","E","?","M","R","BOSS"],"items_purchased_type":["Relic","Relic","Card","Relic","Relic","Card","Potion"],"build_version":"2020-12-22","purchased_purges":2,"victory":true,"max_hp_per_floor":[63,63,63,63,63,63,63,63,63,63,63,63,63,63,63,63,63,63,63,63,63,63,63,63,63,63,63,63,63,63,63,63,63,63,63,60,60,60,60,60,60,60,60,60,60,60,60,60,57,57],"card_choices":[{"not_picked":["Acrobatics","Dagger Spray"],"picked":"PiercingWail","floor":1},{"not_picked":["Fluid Movement","Dagger Throw"],"picked":"Deadly Poison","floor":3},{"not_picked":["Deflect","PiercingWail"],"picked":"Quick Slash","floor":4},{"not_picked":["Predator","Glass Knife"],"picked":"Backflip","floor":7},{"not_picked":["Quick Slash","Heel Hook"],"picked":"Backstab","floor":8},{"not_picked":["Blade Dance+1","Acrobatics+1"],"picked":"Well Laid Plans","floor":11},{"not_picked":["Reflex+1","Dagger Spray"],"picked":"Crippling Poison+1","floor":12},{"not_picked":["Hidden Blade+1","Outmaneuver+1"],"picked":"Prepared+1","floor":14},{"not_picked":["Unload","Grand Finale"],"picked":"Night Terror+1","floor":16},{"not_picked":["ReplayTheSpireMod:Exploit Weakness+1","Finisher+1","Acrobatics+1"],"picked":"SKIP","floor":18},{"not_picked":["ReplayTheSpireMod:The Works+1","Prepared+1"],"picked":"Blur+1","floor":19},{"not_picked":["ReplayTheSpireMod:Scrap Shanks","Sucker Punch+1"],"picked":"Die Die Die","floor":23},{"not_picked":["Choke","Blade Dance+1","ReplayTheSpireMod:Scrap Shanks"],"picked":"SKIP","floor":27},{"not_picked":["Eviscerate+1","ReplayTheSpireMod:Shiv Toss+1","Bane"],"picked":"SKIP","floor":28},{"not_picked":["Backflip+1","Poisoned Stab"],"picked":"Deadly Poison+1","floor":30},{"not_picked":["Dagger Throw","Blur+1","Glass Knife"],"picked":"SKIP","floor":31},{"not_picked":["A Thousand Cuts","Night Terror+1"],"picked":"After Image","floor":33},{"not_picked":["Dodge and Roll+1","Acrobatics+1","Dagger Throw+1"],"picked":"SKIP","floor":35},{"not_picked":["Dagger Spray","Slice+1"],"picked":"Deadly Poison+1","floor":37},{"not_picked":["Backflip+1","Sucker Punch"],"picked":"Adrenaline+1","floor":39},{"not_picked":["Quick Slash+1","Choke+1","Deflect+1"],"picked":"SKIP","floor":41},{"not_picked":["Outmaneuver+1","Grand Finale"],"picked":"Backflip+1","floor":42},{"not_picked":["Cloak And Dagger+1","All Out Attack+1"],"picked":"Deadly Poison+1","floor":46},{"not_picked":["PiercingWail+1","Caltrops+1","Underhanded Strike+1"],"picked":"SKIP","floor":47},{"not_picked":["Dagger Spray","Tactician+1","Accuracy+1"],"picked":"SKIP","floor":48}],"player_experience":310703,"relics_obtained":[{"floor":7,"key":"Snake Skull"},{"floor":9,"key":"ReplayTheSpireMod:TigerMarble"},{"floor":23,"key":"Blue Doll"},{"floor":26,"key":"ReplayTheSpireMod:Ninjato"},{"floor":30,"key":"Ice Cream"},{"floor":43,"key":"Replay:Mystery Machine"},{"floor":46,"key":"Replay:Multitool"}],"event_choices":[{"damage_healed":0,"gold_gain":0,"player_choice":"Trade","damage_taken":0,"relics_obtained":["SsserpentHead"],"max_hp_gain":0,"max_hp_loss":0,"event_name":"FaceTrader","floor":2,"gold_loss":0},{"damage_healed":0,"gold_gain":0,"cards_transformed":["Strike_G"],"player_choice":"Change","damage_taken":0,"max_hp_gain":0,"max_hp_loss":0,"event_name":"Living Wall","floor":5,"gold_loss":0,"cards_obtained":["Footwork"]},{"damage_healed":0,"gold_gain":0,"player_choice":"Ignored","damage_taken":0,"max_hp_gain":0,"max_hp_loss":0,"event_name":"Ghosts","floor":20,"gold_loss":0},{"damage_healed":0,"gold_gain":0,"player_choice":"Ignored","damage_taken":0,"max_hp_gain":0,"max_hp_loss":0,"event_name":"Vampires","floor":21,"gold_loss":0},{"damage_healed":0,"gold_gain":0,"cards_transformed":["Quick Slash"],"player_choice":"Transformed","damage_taken":0,"max_hp_gain":0,"max_hp_loss":0,"event_name":"Transmorgrifier","floor":25,"gold_loss":0,"cards_obtained":["Deflect"]},{"damage_healed":0,"gold_gain":0,"player_choice":"Max HP","damage_taken":0,"max_hp_gain":0,"max_hp_loss":3,"event_name":"Winding Halls","floor":36,"gold_loss":0},{"cards_removed":["Writhe"],"damage_healed":0,"gold_gain":0,"player_choice":"Upgrade and Remove","damage_taken":0,"max_hp_gain":0,"max_hp_loss":0,"event_name":"Designer","floor":44,"gold_loss":90,"cards_upgraded":["Defend_G"]}],"is_beta":false,"boss_relics":[{"not_picked":["ReplayTheSpireMod:DimensionalGlitch","Astrolabe"],"picked":"Cursed Key"},{"not_picked":["Busted Crown","Ring of Chaos"],"picked":"Philosopher\u0027s Stone"}],"items_purged_floors":[22,38],"is_endless":false,"potions_floor_spawned":[7,8,12,16,19,30,39,42,48],"ascension_level":0}}