{"host":"f97mkdti7dx29mjq","time":1614214997,"event":{"mods":["BaseMod","Colored Powertips","Minty Spire (QoL Compilation)","Quick Restart","Rare Cards Sparkle","StSLib"],"gold_per_floor":[360,375,394,409,484,511,527,562,562,580,644,661,661,661,661],"floor_reached":14,"language":"ENG","playtime":756,"items_purged":[],"score":109,"play_id":"bc271864-f366-49a5-97a8-a3f8cdbbb693","local_time":"20210224200317","is_ascension_mode":true,"campfire_choices":[{"data":"Armaments","floor":13,"key":"SMITH"}],"circlet_count":0,"master_deck":["Strike_R","Strike_R","Strike_R","Strike_R","Strike_R","Defend_R","Defend_R","Defend_R","Defend_R","Bash","Sword Boomerang","Clothesline","Flex","Headbutt","Perfected Strike","Armaments+1","Fire Breathing","Shrug It Off"],"relics":["Burning Blood","Pantograph","Oddly Smooth Stone","Turnip"],"acts_visited":["Exordium"],"potions_floor_usage":[7,8,14],"damage_taken":[{"damage":6,"enemies":"2 Louse","floor":1,"turns":3},{"damage":2,"enemies":"Small Slimes","floor":2,"turns":3},{"damage":11,"enemies":"Jaw Worm","floor":3,"turns":4},{"damage":5,"enemies":"2 Fungi Beasts","floor":4,"turns":4},{"damage":20,"enemies":"Gremlin Nob","floor":6,"turns":4},{"damage":12,"enemies":"Gremlin Gang","floor":7,"turns":3},{"damage":31,"enemies":"3 Sentries","floor":8,"turns":7},{"damage":4,"enemies":"Looter","floor":10,"turns":3},{"damage":13,"enemies":"Exordium Thugs","floor":12,"turns":3},{"damage":23,"enemies":"Lagavulin","floor":14,"turns":6}],"seed_played":"-2504221622571427579","potions_obtained":[{"floor":1,"key":"SteroidPotion"},{"floor":4,"key":"Regen Potion"},{"floor":8,"key":"Explosive Potion"}],"is_trial":false,"path_per_floor":["M","M","M","M","?","E","M","E","T","M","?","M","R","E"],"character_chosen":"IRONCLAD","items_purchased":[],"campfire_rested":0,"item_purchase_floors":[],"current_hp_per_floor":[72,72,67,68,57,43,37,27,27,29,29,22,22,0,0],"gold":661,"neow_bonus":"TWO_FIFTY_GOLD","is_daily":false,"chose_seed":false,"campfire_upgraded":1,"win_rate":0.0,"timestamp":1614214997,"path_taken":["M","M","M","M","?","E","M","E","T","M","?","M","R","E"],"items_purchased_type":[],"build_version":"2020-12-22","purchased_purges":0,"victory":false,"max_hp_per_floor":[72,72,72,72,72,72,72,72,72,72,72,72,72,72,72],"card_choices":[{"not_picked":["Blood for Blood","Havoc","Body Slam"],"picked":"SKIP","floor":1},{"not_picked":["Headbutt","Reckless Charge"],"picked":"Sword Boomerang","floor":2},{"not_picked":["Body Slam","True Grit"],"picked":"Clothesline","floor":3},{"not_picked":["Dual Wield","Twin Strike"],"picked":"Flex","floor":4},{"not_picked":["Seeing Red","Second Wind"],"picked":"Headbutt","floor":6},{"not_picked":["Offering","Clash"],"picked":"Perfected Strike","floor":7},{"not_picked":["Power Through","Seeing Red"],"picked":"Armaments","floor":8},{"not_picked":["Clothesline","Heavy Blade"],"picked":"Fire Breathing","floor":10},{"not_picked":["Headbutt","Entrench"],"picked":"Shrug It Off","floor":12}],"player_experience":208300,"relics_obtained":[{"floor":6,"key":"Pantograph"},{"floor":8,"key":"Oddly Smooth Stone"},{"floor":9,"key":"Turnip"}],"event_choices":[{"damage_healed":0,"gold_gain":75,"player_choice":"Gather Gold","damage_taken":11,"max_hp_gain":0,"max_hp_loss":0,"event_name":"World of Goop","floor":5,"gold_loss":0},{"damage_healed":0,"gold_gain":64,"player_choice":"Gained Gold","damage_taken":0,"max_hp_gain":0,"max_hp_loss":0,"event_name":"Golden Wing","floor":11,"gold_loss":0}],"is_beta":false,"boss_relics":[],"items_purged_floors":[],"is_endless":false,"potions_floor_spawned":[1,4,8],"killed_by":"Lagavulin","ascension_level":1}}