{"host":"zp8jvycvinn13jdb","time":1614286859,"event":{"mods":["BaseMod","Better Match","Colored Powertips","Downfall","Googly Eyes","Hermit","Minty Spire (QoL Compilation)","Rare Cards Sparkle","Relic Stats","StSLib","SuperFastMode","Synergy Search","The Bug Knight","The Cursed"],"gold_per_floor":[119,137,149,159,65,65,98,114,114,69,82,82,102,119,119,119,119],"floor_reached":16,"language":"ENG","playtime":972,"items_purged":[],"score":106,"play_id":"deec8da2-62fc-4f79-aaf5-d19cbfc0ae91","local_time":"20210225160059","is_ascension_mode":false,"campfire_choices":[{"data":"Shrug It Off","floor":6,"key":"SMITH"},{"floor":15,"key":"REST"}],"circlet_count":0,"master_deck":["Strike_R","Strike_R","Strike_R","Strike_R","Strike_R","Defend_R","Defend_R","Defend_R","Defend_R","Bash","Shrug It Off+1","Shrug It Off","Panacea","Evolve","Armaments+1"],"relics":["Burning Blood","Bird Faced Urn","HornCleat"],"acts_visited":["Exordium"],"potions_floor_usage":[16],"damage_taken":[{"damage":15,"enemies":"Cultist","floor":1,"turns":4},{"damage":0,"enemies":"Small Slimes","floor":2,"turns":5},{"damage":4,"enemies":"Jaw Worm","floor":3,"turns":8},{"damage":12,"enemies":"Blue Slaver","floor":4,"turns":4},{"damage":70,"enemies":"Lagavulin","floor":7,"turns":13},{"damage":2,"enemies":"Red Slaver","floor":8,"turns":5},{"damage":7,"enemies":"Looter","floor":10,"turns":5},{"damage":1,"enemies":"3 Louse","floor":11,"turns":6},{"damage":4,"enemies":"2 Fungi Beasts","floor":13,"turns":5},{"damage":4,"enemies":"Blue Slaver","floor":14,"turns":6},{"damage":81,"enemies":"Hexaghost","floor":16,"turns":14}],"seed_played":"-690178906060182588","potions_obtained":[{"floor":1,"key":"Explosive Potion"},{"floor":8,"key":"BlessingOfTheForge"},{"floor":14,"key":"FairyPotion"}],"is_trial":false,"path_per_floor":["M","M","M","M","$","R","E","M","T","M","M","?","M","M","R","B"],"character_chosen":"IRONCLAD","items_purchased":["Panacea"],"campfire_rested":1,"item_purchase_floors":[5],"current_hp_per_floor":[71,77,79,73,73,73,9,13,13,12,19,19,21,25,49,0,0],"gold":119,"neow_bonus":"THREE_CARDS","is_daily":false,"chose_seed":false,"campfire_upgraded":1,"win_rate":0.0,"timestamp":1614286859,"path_taken":["M","?","M","?","$","R","E","?","T","M","M","?","M","M","R","BOSS"],"items_purchased_type":["Card"],"build_version":"2020-12-22","purchased_purges":0,"victory":false,"max_hp_per_floor":[80,80,80,80,80,80,80,80,80,80,80,80,80,80,80,80,80],"relic_stats":{"counters":[11,75],"Bird Faced Urn":[6],"obtain_stats":[{"HornCleat":9,"Bird Faced Urn":7,"Burning Blood":0},{"HornCleat":6,"Bird Faced Urn":5,"Burning Blood":0},{"HornCleat":39,"Bird Faced Urn":34,"Burning Blood":0}],"Burning Blood":60},"card_choices":[{"not_picked":["Anger","Cleave"],"picked":"Shrug It Off","floor":0},{"not_picked":["Entrench","Heavy Blade","Thunderclap"],"picked":"SKIP","floor":1},{"not_picked":["Heavy Blade","Headbutt"],"picked":"Shrug It Off","floor":2},{"not_picked":["Infernal Blade","Anger","Bloodletting"],"picked":"SKIP","floor":3},{"not_picked":["Perfected Strike","Metallicize","Limit Break"],"picked":"SKIP","floor":4},{"not_picked":["Rupture","Heavy Blade","Flame Barrier"],"picked":"SKIP","floor":7},{"not_picked":["Anger","True Grit"],"picked":"Evolve","floor":8},{"not_picked":["Sword Boomerang","Thunderclap","Flex"],"picked":"SKIP","floor":10},{"not_picked":["Twin Strike","Inflame"],"picked":"Armaments","floor":11},{"not_picked":["Second Wind","Carnage","Fiend Fire"],"picked":"SKIP","floor":13},{"not_picked":["Anger","Iron Wave","Armaments"],"picked":"SKIP","floor":14}],"player_experience":190129,"relics_obtained":[{"floor":7,"key":"Bird Faced Urn"},{"floor":9,"key":"HornCleat"}],"event_choices":[{"damage_healed":0,"gold_gain":0,"player_choice":"Forge","damage_taken":0,"max_hp_gain":0,"max_hp_loss":0,"event_name":"Accursed Blacksmith","floor":12,"gold_loss":0,"cards_upgraded":["Armaments"]}],"is_beta":false,"boss_relics":[],"items_purged_floors":[],"is_endless":false,"potions_floor_spawned":[1,8,14],"killed_by":"Hexaghost","ascension_level":0}}