{"host":"oyfp84051kzsuwdh","time":1614219030,"event":{"mods":["AchievementEnabler","BaseMod","Best Route Mod","BetterRewards","Colored Map","Custom Start","Minty Spire (QoL Compilation)","Relic Stats","Slay-I","StSLib"],"gold_per_floor":[110,120,120,133,148,177,194,194,194,228,245,272,272,39,39,116,116,134,31,31,31,49,49,76,76,76,105,123,123,148,161,161,234,234,249,249,259,269,281,281,301,334,361,394,127,52,80,91,91,91],"floor_reached":51,"language":"ENG","playtime":4173,"items_purged":["Pain","Envenom"],"score":2016,"play_id":"3409c014-37c0-4f67-91cc-a4c38c0b7ce3","local_time":"20210224201030","is_ascension_mode":true,"campfire_choices":[{"data":"Catalyst","floor":8.0,"key":"SMITH"},{"data":"Neutralize","floor":13.0,"key":"SMITH"},{"data":"Backstab","floor":15.0,"key":"SMITH"},{"floor":23.0,"key":"REST"},{"floor":25.0,"key":"REST"},{"floor":32.0,"key":"REST"},{"floor":40,"key":"REST"},{"data":"Adrenaline","floor":49,"key":"SMITH"}],"circlet_count":0,"master_deck":["AscendersBane","Defend_G","Defend_G","Defend_G","Survivor","Neutralize+1","Noxious Fumes","Blade Dance","Catalyst+1","Predator","Backstab+1","Acrobatics","Corpse Explosion","Catalyst","Dash","Blur","Catalyst","Bullet Time","PiercingWail","PanicButton","Poisoned Stab","Dodge and Roll","Bite","Bite","Bite","Bite","Bite","Night Terror","Adrenaline+1","Finisher+1","Flechettes+1","Dagger Throw","Concentrate","Prepared","Calculated Gamble+1"],"relics":["Ring of the Snake","Whetstone","WarpedTongs","Mercury Hourglass","MealTicket","Boot","Gremlin Horn","Potion Belt","SlaversCollar","Enchiridion","Regal Pillow","HornCleat","Blue Candle","Shuriken","Runic Pyramid","Centennial Puzzle","Toy Ornithopter","Akabeko","Medical Kit","CaptainsWheel"],"acts_visited":["Exordium","TheCity","TheBeyond"],"potions_floor_usage":[44,48,50,50],"damage_taken":[{"damage":0.0,"enemies":"Cultist","floor":1.0,"turns":3.0},{"damage":0.0,"enemies":"Small Slimes","floor":2.0,"turns":3.0},{"damage":1.0,"enemies":"Jaw Worm","floor":4.0,"turns":3.0},{"damage":6.0,"enemies":"Looter","floor":5.0,"turns":3.0},{"damage":17.0,"enemies":"Gremlin Nob","floor":6.0,"turns":3.0},{"damage":1.0,"enemies":"Blue Slaver","floor":7.0,"turns":4.0},{"damage":6.0,"enemies":"Lagavulin","floor":10.0,"turns":5.0},{"damage":3.0,"enemies":"Red Slaver","floor":11.0,"turns":4.0},{"damage":8.0,"enemies":"3 Sentries","floor":12.0,"turns":6.0},{"damage":0.0,"enemies":"Slime Boss","floor":16.0,"turns":8.0},{"damage":10.0,"enemies":"Spheric Guardian","floor":18.0,"turns":6.0},{"damage":0.0,"enemies":"2 Thieves","floor":22.0,"turns":2.0},{"damage":25.0,"enemies":"Slavers","floor":24.0,"turns":2.0},{"damage":43.0,"enemies":"Book of Stabbing","floor":27.0,"turns":4.0},{"damage":13.0,"enemies":"Snake Plant","floor":28.0,"turns":3.0},{"damage":0.0,"enemies":"Gremlin Leader","floor":30.0,"turns":5.0},{"damage":23.0,"enemies":"Shelled Parasite and Fungi","floor":31.0,"turns":7.0},{"damage":49.0,"enemies":"Collector","floor":33.0,"turns":6.0},{"damage":0.0,"enemies":"3 Shapes","floor":35.0,"turns":4.0},{"damage":2.0,"enemies":"3 Darklings","floor":37.0,"turns":6.0},{"damage":45.0,"enemies":"Transient","floor":38.0,"turns":5.0},{"damage":0,"enemies":"4 Shapes","floor":39,"turns":4},{"damage":0,"enemies":"Writhing Mass","floor":41,"turns":4},{"damage":31,"enemies":"Nemesis","floor":42,"turns":5},{"damage":23,"enemies":"Reptomancer","floor":44,"turns":5},{"damage":0,"enemies":"Giant Head","floor":47,"turns":6},{"damage":8,"enemies":"Maw","floor":48,"turns":5},{"damage":53,"enemies":"Awakened One","floor":50,"turns":12}],"seed_played":"-4375979687117821159","potions_obtained":[{"floor":4.0,"key":"PowerPotion"},{"floor":5.0,"key":"Block Potion"},{"floor":7.0,"key":"LiquidBronze"},{"floor":10.0,"key":"SkillPotion"},{"floor":12.0,"key":"FairyPotion"},{"floor":22.0,"key":"Fire Potion"},{"floor":24.0,"key":"Poison Potion"},{"floor":28.0,"key":"Swift Potion"},{"floor":30.0,"key":"Explosive Potion"},{"floor":31.0,"key":"SteroidPotion"},{"floor":35.0,"key":"EssenceOfSteel"},{"floor":39,"key":"SteroidPotion"},{"floor":47,"key":"Block Potion"},{"floor":48,"key":"PowerPotion"}],"is_trial":false,"path_per_floor":["M","M","?","M","M","E","M","R","T","E","M","E","R","$","R","B",null,"M","$","?","?","M","R","E","R","T","E","M","?","E","M","R","B",null,"M","?","M","M","M","R","M","E","T","E","$","?","E","M","R","B",null],"character_chosen":"THE_SILENT","items_purchased":["Whetstone","Noxious Fumes","Blade Dance","Potion Belt","PanicButton","Medical Kit"],"campfire_rested":4,"item_purchase_floors":[0,0,0,14,19,45],"current_hp_per_floor":[59,59,59,58,52,35,34,34,34,28,25,17,17,32,32,32,58,48,63,45,24,24,45,20,56,56,13,21,21,35,20,49,2,37,46,46,47,4,10,39,45,21,21,14,29,29,40,49,49,15],"gold":91,"neow_bonus":"","is_daily":false,"chose_seed":false,"campfire_upgraded":4,"win_rate":0.0,"timestamp":1614219030,"path_taken":["M","M","?","M","?","E","M","R","T","E","M","E","R","$","R","BOSS","M","$","?","?","M","R","E","R","T","E","M","?","E","M","R","BOSS","M","?","M","M","M","R","M","E","T","E","$","?","E","?","R","BOSS"],"items_purchased_type":["Relic","Card","Card","Relic","Card","Relic"],"build_version":"2020-12-22","purchased_purges":2,"victory":true,"max_hp_per_floor":[66,66,66,66,66,66,66,66,66,66,66,66,66,66,66,66,66,66,66,71,71,71,71,71,71,71,71,71,49,49,49,49,49,49,49,49,49,49,49,49,49,49,49,49,49,49,49,49,49,49],"relic_stats":{"Regal Pillow":45,"Gremlin Horn":[23,25],"counters":[225,1145],"Blue Candle":[0],"Whetstone":["Strike_G","Strike_G"],"Boot":[68],"Medical Kit":[0],"WarpedTongs":[126],"Mercury Hourglass":[469],"Centennial Puzzle":[15],"Shuriken":[37],"MealTicket":45,"obtain_stats":[{"Ice Cream":19,"TwistedFunnel":0,"Tiny House":17,"Calipers":0,"Gremlin Horn":9,"CeramicFish":3,"Vajra":43,"Spirit Poop":22,"Whetstone":0,"Ginger":9,"Bottled Tornado":48,"Boot":8,"Blood Vial":6,"Lizard Tail":37,"Centennial Puzzle":13,"HornCleat":37,"Sundial":10,"Strawberry":43,"Philosopher\u0027s Stone":17,"MealTicket":9,"Kunai":37,"Toxic Egg 2":9,"Girya":0,"Pear":19,"Happy Flower":13,"Blue Candle":6,"Dead Branch":0,"Tingsha":8,"Eternal Feather":0,"Question Card":8,"Akabeko":44,"WarpedTongs":19,"Du-Vu Doll":12,"SlaversCollar":17,"Shuriken":6,"Snecko Eye":17,"Molten Egg 2":13,"Black Star":34,"StrikeDummy":25,"Ring of the Serpent":17,"Unceasing Top":9,"Meat on the Bone":0,"Darkstone Periapt":13,"Regal Pillow":30,"Lantern":9,"Torii":0,"Singing Bowl":24,"SacredBark":34,"Enchiridion":21,"StoneCalendar":0,"Mango":0,"Snake Skull":6,"Incense Burner":7,"Juzu Bracelet":8,"Bag of Preparation":11,"Ancient Tea Set":6,"Cursed Key":17,"ClockworkSouvenir":0,"Dream Catcher":26,"Shovel":11,"Matryoshka":40,"WristBlade":34,"Tiny Chest":5,"WingedGreaves":0,"InkBottle":42,"Ring of the Snake":0,"Runic Pyramid":34,"Potion Belt":26,"The Specimen":0,"Golden Idol":2,"Thread and Needle":11,"The Courier":9,"Omamori":20,"Orichalcum":9,"Frozen Egg 2":26,"Odd Mushroom":14,"MawBank":30,"Medical Kit":45,"White Beast Statue":13,"Mercury Hourglass":45,"CaptainsWheel":11,"Anchor":0,"Ornamental Fan":45,"Orrery":0,"Turnip":8,"Art of War":9,"Bag of Marbles":12,"Toy Ornithopter":6,"TungstenRod":30},{"Ice Cream":81,"TwistedFunnel":141,"Tiny House":10,"Calipers":69,"Gremlin Horn":36,"CeramicFish":1,"Vajra":107,"Spirit Poop":126,"Whetstone":84,"Ginger":175,"Bottled Tornado":166,"Boot":36,"Blood Vial":89,"Lizard Tail":135,"Centennial Puzzle":195,"HornCleat":161,"Sundial":194,"Strawberry":138,"Philosopher\u0027s Stone":65,"MealTicket":203,"Kunai":105,"Toxic Egg 2":75,"Girya":169,"Pear":152,"Happy Flower":121,"Blue Candle":35,"Dead Branch":141,"Tingsha":18,"Eternal Feather":113,"Question Card":119,"Akabeko":222,"WarpedTongs":124,"Du-Vu Doll":176,"SlaversCollar":207,"Shuriken":29,"Snecko Eye":151,"Molten Egg 2":39,"Black Star":103,"StrikeDummy":182,"Ring of the Serpent":80,"Unceasing Top":119,"Meat on the Bone":113,"Darkstone Periapt":8,"Regal Pillow":157,"Lantern":193,"Torii":113,"Singing Bowl":154,"SacredBark":159,"Enchiridion":153,"StoneCalendar":15,"Mango":113,"Snake Skull":17,"Incense Burner":49,"Juzu Bracelet":62,"Bag of Preparation":147,"Ancient Tea Set":4,"Cursed Key":40,"ClockworkSouvenir":113,"Dream Catcher":182,"Shovel":38,"Matryoshka":106,"WristBlade":133,"Tiny Chest":23,"WingedGreaves":187,"InkBottle":138,"Ring of the Snake":0,"Runic Pyramid":215,"Potion Belt":128,"The Specimen":141,"Golden Idol":16,"Thread and Needle":120,"The Courier":90,"Omamori":42,"Orichalcum":4,"Frozen Egg 2":99,"Odd Mushroom":122,"MawBank":101,"Medical Kit":222,"White Beast Statue":149,"Mercury Hourglass":109,"CaptainsWheel":92,"Anchor":169,"Ornamental Fan":109,"Orrery":169,"Turnip":175,"Art of War":18,"Bag of Marbles":77,"Toy Ornithopter":74,"TungstenRod":185},{"Ice Cream":432,"TwistedFunnel":781,"Tiny House":45,"Calipers":376,"Gremlin Horn":184,"CeramicFish":4,"Vajra":577,"Spirit Poop":687,"Whetstone":444,"Ginger":908,"Bottled Tornado":873,"Boot":184,"Blood Vial":466,"Lizard Tail":739,"Centennial Puzzle":1001,"HornCleat":850,"Sundial":994,"Strawberry":761,"Philosopher\u0027s Stone":360,"MealTicket":1031,"Kunai":561,"Toxic Egg 2":405,"Girya":890,"Pear":811,"Happy Flower":657,"Blue Candle":173,"Dead Branch":781,"Tingsha":88,"Eternal Feather":617,"Question Card":648,"Akabeko":1122,"WarpedTongs":676,"Du-Vu Doll":914,"SlaversCollar":1054,"Shuriken":140,"Snecko Eye":808,"Molten Egg 2":201,"Black Star":549,"StrikeDummy":939,"Ring of the Serpent":428,"Unceasing Top":648,"Meat on the Bone":617,"Darkstone Periapt":34,"Regal Pillow":831,"Lantern":989,"Torii":617,"Singing Bowl":821,"SacredBark":844,"Enchiridion":817,"StoneCalendar":73,"Mango":617,"Snake Skull":84,"Incense Burner":265,"Juzu Bracelet":337,"Bag of Preparation":797,"Ancient Tea Set":19,"Cursed Key":218,"ClockworkSouvenir":617,"Dream Catcher":939,"Shovel":193,"Matryoshka":571,"WristBlade":731,"Tiny Chest":107,"WingedGreaves":963,"InkBottle":761,"Ring of the Snake":0,"Runic Pyramid":1089,"Potion Belt":697,"The Specimen":781,"Golden Idol":77,"Thread and Needle":652,"The Courier":471,"Omamori":227,"Orichalcum":19,"Frozen Egg 2":519,"Odd Mushroom":661,"MawBank":531,"Medical Kit":1122,"White Beast Statue":803,"Mercury Hourglass":590,"CaptainsWheel":479,"Anchor":890,"Ornamental Fan":590,"Orrery":890,"Turnip":908,"Art of War":88,"Bag of Marbles":415,"Toy Ornithopter":398,"TungstenRod":950}],"Toy Ornithopter":10,"Ring of the Snake":[168]},"card_choices":[{"not_picked":["Bouncing Flask","Underhanded Strike"],"picked":"Catalyst","floor":1.0},{"not_picked":["Underhanded Strike","Finisher"],"picked":"Predator","floor":2.0},{"not_picked":["Skewer","Endless Agony"],"picked":"Backstab","floor":4.0},{"not_picked":["Setup","Infinite Blades"],"picked":"Acrobatics","floor":5.0},{"not_picked":["Deadly Poison","Concentrate"],"picked":"Corpse Explosion","floor":6.0},{"not_picked":["Quick Slash","Well Laid Plans"],"picked":"Catalyst","floor":7.0},{"not_picked":["Underhanded Strike","Flechettes"],"picked":"Dash","floor":10.0},{"not_picked":["Outmaneuver","Prepared"],"picked":"Blur","floor":11.0},{"not_picked":["Crippling Poison","Endless Agony"],"picked":"Catalyst","floor":12.0},{"not_picked":["Storm of Steel","Die Die Die"],"picked":"Bullet Time","floor":16.0},{"not_picked":["Cloak And Dagger","Finisher"],"picked":"PiercingWail","floor":18.0},{"not_picked":["Dagger Spray","Quick Slash"],"picked":"Poisoned Stab","floor":22.0},{"not_picked":["Dash","Backstab"],"picked":"Envenom","floor":24.0},{"not_picked":["Catalyst","Blade Dance"],"picked":"Dodge and Roll","floor":27.0},{"not_picked":["Sucker Punch","Bane","Expertise+1"],"picked":"SKIP","floor":28.0},{"not_picked":["Doppelganger","Prepared"],"picked":"Night Terror","floor":30.0},{"not_picked":["PiercingWail+1","Dagger Spray","Choke"],"picked":"SKIP","floor":31.0},{"not_picked":["Phantasmal Killer","Venomology"],"picked":"Adrenaline","floor":33.0},{"not_picked":["Dagger Throw+1","Choke"],"picked":"Finisher+1","floor":35.0},{"not_picked":["Slice","Acrobatics","Dodge and Roll"],"picked":"SKIP","floor":37.0},{"not_picked":["Dagger Spray","Deflect+1","PiercingWail"],"picked":"SKIP","floor":38},{"not_picked":["Underhanded Strike","Heel Hook"],"picked":"Flechettes+1","floor":39},{"not_picked":["Dagger Throw","Poisoned Stab","Sucker Punch"],"picked":"SKIP","floor":41},{"not_picked":["Tactician","Escape Plan","Blur"],"picked":"SKIP","floor":42},{"not_picked":["Finisher","Caltrops","Acrobatics"],"picked":"SKIP","floor":44},{"not_picked":["Predator","Dagger Spray"],"picked":"Prepared","floor":47},{"not_picked":["Masterful Stab","Acrobatics"],"picked":"Calculated Gamble+1","floor":48}],"player_experience":648494,"relics_obtained":[{"floor":6.0,"key":"Mercury Hourglass"},{"floor":9.0,"key":"MealTicket"},{"floor":10.0,"key":"Boot"},{"floor":12.0,"key":"Gremlin Horn"},{"floor":21.0,"key":"Enchiridion"},{"floor":24.0,"key":"Regal Pillow"},{"floor":26.0,"key":"HornCleat"},{"floor":27.0,"key":"Blue Candle"},{"floor":30.0,"key":"Shuriken"},{"floor":42,"key":"Centennial Puzzle"},{"floor":43,"key":"Toy Ornithopter"},{"floor":44,"key":"Akabeko"},{"floor":47,"key":"CaptainsWheel"}],"event_choices":[{"damage_healed":0.0,"max_hp_gain":0.0,"max_hp_loss":0.0,"gold_gain":0.0,"event_name":"Accursed Blacksmith","player_choice":"Rummage","floor":3.0,"gold_loss":0.0,"damage_taken":0.0,"relics_obtained":["WarpedTongs"],"cards_obtained":["Pain"]},{"damage_healed":0.0,"max_hp_gain":5.0,"max_hp_loss":0.0,"gold_gain":0.0,"event_name":"Forgotten Altar","player_choice":"Shed Blood","floor":20.0,"gold_loss":0.0,"damage_taken":23.0},{"damage_healed":0.0,"max_hp_gain":0.0,"max_hp_loss":0.0,"gold_gain":0.0,"event_name":"Cursed Tome","player_choice":"Obtained Book","floor":21.0,"gold_loss":0.0,"damage_taken":21.0},{"damage_healed":0.0,"max_hp_gain":0.0,"max_hp_loss":22.0,"gold_gain":0.0,"event_name":"Vampires","player_choice":"Became a vampire","floor":29.0,"gold_loss":0.0,"damage_taken":0.0,"cards_obtained":["Bite","Bite","Bite","Bite","Bite"]},{"damage_healed":0.0,"max_hp_gain":0.0,"max_hp_loss":0.0,"gold_gain":0.0,"event_name":"SecretPortal","player_choice":"Ignored","floor":36.0,"gold_loss":0.0,"damage_taken":0.0},{"damage_healed":0,"gold_gain":0,"cards_transformed":["Defend_G","Defend_G"],"player_choice":"Transformed Cards","damage_taken":0,"max_hp_gain":0,"max_hp_loss":0,"event_name":"Designer","floor":46,"gold_loss":75,"cards_obtained":["Dagger Throw","Concentrate"]}],"is_beta":false,"boss_relics":[{"not_picked":["Pandora\u0027s Box","Velvet Choker"],"picked":"SlaversCollar"},{"not_picked":["Philosopher\u0027s Stone","HoveringKite"],"picked":"Runic Pyramid"}],"items_purged_floors":[14,45],"is_endless":false,"potions_floor_spawned":[4,5,7,10,12,22,24,28,30,31,35,39,47,48],"ascension_level":16}}