{"host":"emzatosnsokm6754","time":1614235452,"event":{"mods":["Act Like it!","BaseMod","Bossed Relics","Colored Powertips","Dota2Spire","Energized Spire","Minty Spire (QoL Compilation)","Rare Cards Sparkle","Replay The Spire","Ruina","Small Relic Pack","StSLib","The Hierophant","The Servant 0.9.4"],"gold_per_floor":[111,133,148,166,166,166,210,210,210,234,234,334,350,350,350,475,475,493,393,393,393,393],"floor_reached":21,"language":"ENG","playtime":572,"items_purged":[],"score":195,"play_id":"3fe46d5f-ecf6-466e-bf39-520b086d409a","local_time":"20210225194412","is_ascension_mode":true,"campfire_choices":[{"floor":6,"key":"REST"},{"data":"Luminosity","floor":11,"key":"SMITH"},{"floor":15,"key":"REST"}],"circlet_count":0,"master_deck":["Strike_S","Strike_S","Strike_S","Strike_S","Defend_S","Defend_S+1","Defend_S","Defend_S","KidneyShot+1","Exchange","Luminosity+1","Gouge","BottledTime","KillingDoll","Inflame","Sunlight","Duplication","Doubt","Pot Of Greed","Pot Of Greed"],"relics":["Happy Flower","Golden Idol","ReplayTheSpireMod:Shallot","m_ScarletBlood","Pear","energizedSpire:NeverEndingSparkler","Grinning Jar"],"acts_visited":["Exordium","ruina:Briah"],"potions_floor_usage":[7,16],"damage_taken":[{"damage":0,"enemies":"Jaw Worm","floor":1,"turns":4},{"damage":8,"enemies":"Small Slimes","floor":3,"turns":4},{"damage":0,"enemies":"2 Louse","floor":4,"turns":2},{"damage":12,"enemies":"Lagavulin","floor":7,"turns":6},{"damage":11,"enemies":"Red Slaver","floor":10,"turns":3},{"damage":11,"enemies":"Blue Slaver","floor":13,"turns":4},{"damage":37,"enemies":"Slime Boss","floor":16,"turns":9},{"damage":20,"enemies":"ruina:2_Scarecrows","floor":18,"turns":5},{"damage":0,"enemies":"ruina:BadWolf","floor":21,"turns":1}],"seed_played":"-8844297230186126019","potions_obtained":[{"floor":2,"key":"FairyPotion"},{"floor":2,"key":"Reflective Coating"},{"floor":2,"key":"Dota2Spire:HealingSalve"},{"floor":7,"key":"BlessingOfTheForge"},{"floor":16,"key":"Reflective Coating"}],"is_trial":false,"path_per_floor":["M","?","M","M","?","R","E","?","T","M","R","?","M","?","R","B",null,"M","?","?","M"],"character_chosen":"THE_SERVANT","items_purchased":[],"campfire_rested":2,"item_purchase_floors":[],"current_hp_per_floor":[65,49,41,41,25,44,44,44,54,43,43,43,32,17,39,2,75,55,55,55,55,55],"gold":393,"neow_bonus":"RANDOM_COMMON_RELIC","is_daily":false,"chose_seed":false,"campfire_upgraded":1,"win_rate":0.0,"timestamp":1614235452,"path_taken":["M","?","M","M","?","R","E","?","T","M","R","?","?","?","R","BOSS","M","?","?","M"],"items_purchased_type":[],"build_version":"2020-12-22","purchased_purges":0,"victory":false,"max_hp_per_floor":[65,65,65,65,65,65,65,65,75,75,75,75,75,75,75,75,75,75,75,75,75,75],"card_choices":[{"not_picked":["Revamp","FastForward"],"picked":"Luminosity","floor":1},{"not_picked":["Rewind","Defy"],"picked":"Gouge","floor":3},{"not_picked":["TimeTheft","Unruled"],"picked":"BottledTime","floor":4},{"not_picked":["Rearm","TimeWarp"],"picked":"KillingDoll","floor":7},{"not_picked":["Replace","BottledTime","Heavy Blade"],"picked":"SKIP","floor":10},{"not_picked":["Heavy Blade","FastForward","Revamp"],"picked":"SKIP","floor":13},{"not_picked":["MurderousAura","Dilation"],"picked":"Sunlight","floor":16},{"not_picked":["Misdirection","Spin","Defy"],"picked":"SKIP","floor":18},{"not_picked":["SilverMatrix","Solidify"],"picked":"Duplication","floor":19}],"player_experience":221245,"relics_obtained":[{"floor":7,"key":"ReplayTheSpireMod:Shallot"},{"floor":9,"key":"Pear"}],"event_choices":[{"damage_healed":0,"gold_gain":0,"player_choice":"Take Damage","damage_taken":16,"relics_obtained":["Golden Idol"],"max_hp_gain":0,"max_hp_loss":0,"event_name":"Golden Idol","floor":5,"gold_loss":0},{"damage_healed":0,"gold_gain":100,"player_choice":"Pray","damage_taken":0,"max_hp_gain":0,"max_hp_loss":0,"event_name":"Golden Shrine","floor":12,"gold_loss":0},{"damage_healed":0,"gold_gain":0,"player_choice":"Entered Light","damage_taken":15,"max_hp_gain":0,"max_hp_loss":0,"event_name":"Shining Light","floor":14,"gold_loss":0,"cards_upgraded":["KidneyShot","Defend_S"]}],"is_beta":false,"boss_relics":[{"not_picked":["energizedSpire:EnergizedDie","relicPack:KazumaCape"],"picked":"energizedSpire:NeverEndingSparkler"}],"items_purged_floors":[],"is_endless":false,"potions_floor_spawned":[7,16],"killed_by":"ruina:BadWolf","ascension_level":2}}