{"host":"oeeu8njhzvf3llor","time":1614221231,"event":{"mods":["BaseMod","Better Match","Better Note","Better Skull","Better Third Choice","Hubris","Minty Spire (QoL Compilation)","Rare Cards Sparkle","Replay The Spire","Shop Mod","Spicy Shops","StSLib","Swap Starting Deck Mod"],"gold_per_floor":[117,135,231,231,281,281,281,315,340,356,391,407,407,420,420,517,517,528,528,161,181,196,196,206,226,226,255,255,255,66,0,0,97,97,115,115,15,15,15,49,59,59,59,75,75,101,116,116,116,116,116,116,8,39,39],"floor_reached":56,"language":"ENG","playtime":1590,"items_purged":[],"score":1487,"play_id":"5f31f17c-e61f-4bdf-8e08-242da2663def","local_time":"20210224214711","is_ascension_mode":true,"campfire_choices":[{"data":"Reprogram","floor":6,"key":"SMITH"},{"data":"Scrape","floor":15,"key":"SMITH"},{"data":"Core Surge","floor":23,"key":"SMITH"},{"data":"Rip and Tear","floor":28,"key":"SMITH"},{"data":"J.A.X.","floor":32,"key":"SMITH"},{"data":"Rip and Tear","floor":42,"key":"SMITH"},{"floor":49,"key":"RECALL"},{"data":"Gash","floor":52,"key":"SMITH"}],"circlet_count":0,"master_deck":["Gash+1","Gash","Gash","Gash","Rip and Tear+1","Reprogram+1","Steam","Steam","Steam","Steam","Rebound","Steam+1","ReplayTheSpireMod:Splinters","Rip and Tear+1","Go for the Eyes","Go for the Eyes","Scrape+1","Core Surge+1","CurseOfTheBell","Gash","J.A.X.+1","Scrape+1","Gash","Reprogram+1","Hyperbeam","Hyperbeam"],"relics":["Cracked Core","swapstartingdeckmod:Bellows","hubris:Towel","ReplayTheSpireMod:Lightbulb","Mercury Hourglass","ReplayTheSpireMod:TigerMarble","Juzu Bracelet","hubris:OldNail","Ancient Tea Set","Replay:Bottled Steam","hubris:FunFungus","MerchantsRug","Snack Pack","Mirror","hubris:BundleOfHerbs","Oddly Smooth Stone","Dream Catcher","Vajra","Gremlin Horn","Iron Hammer","Pen Nib","Centennial Puzzle"],"acts_visited":["Exordium","TheCity","TheBeyond","TheEnding"],"potions_floor_usage":[11,25,25,27,55,55],"damage_taken":[{"damage":0,"enemies":"Cultist","floor":1,"turns":3},{"damage":0,"enemies":"Small Slimes","floor":2,"turns":3},{"damage":0,"enemies":"Gremlin Nob","floor":8,"turns":3},{"damage":0,"enemies":"Jaw Worm","floor":10,"turns":2},{"damage":0,"enemies":"Lagavulin","floor":11,"turns":3},{"damage":0,"enemies":"Blue Slaver","floor":12,"turns":2},{"damage":0,"enemies":"Looter","floor":14,"turns":2},{"damage":25,"enemies":"The Guardian","floor":16,"turns":7},{"damage":0,"enemies":"Chosen","floor":18,"turns":3},{"damage":0,"enemies":"3 Byrds","floor":21,"turns":4},{"damage":0,"enemies":"Snecko","floor":22,"turns":2},{"damage":0,"enemies":"Sentry and Sphere","floor":24,"turns":3},{"damage":0,"enemies":"Shelled Parasite and Fungi","floor":25,"turns":2},{"damage":0,"enemies":"Book of Stabbing","floor":27,"turns":3},{"damage":22,"enemies":"hubris:MusketHawk","floor":33,"turns":5},{"damage":15,"enemies":"3 Shapes","floor":35,"turns":2},{"damage":3,"enemies":"R_Hoarder","floor":40,"turns":4},{"damage":3,"enemies":"3 Darklings","floor":41,"turns":2},{"damage":6,"enemies":"Transient","floor":44,"turns":5},{"damage":3,"enemies":"Nemesis","floor":46,"turns":1},{"damage":3,"enemies":"Sphere and 2 Shapes","floor":47,"turns":2},{"damage":25,"enemies":"Time Eater","floor":50,"turns":4},{"damage":0,"enemies":"Shield and Spear","floor":54,"turns":2},{"damage":83,"enemies":"The Heart","floor":55,"turns":6}],"seed_played":"2574675852585768868","potions_obtained":[{"floor":1,"key":"Adrenaline Potion"},{"floor":11,"key":"Swift Potion"},{"floor":12,"key":"Block Potion"},{"floor":22,"key":"DistilledChaos"},{"floor":25,"key":"BlessingOfTheForge"},{"floor":33,"key":"SteroidPotion"},{"floor":40,"key":"SpeedPotion"}],"is_trial":false,"path_per_floor":["M","M","?","?","T","R","T","E","T","M","E","M","?","M","R","B",null,"M","?","$","M","M","R","M","M","T","E","R","?","$","?","R","B",null,"M","?","NS","T","?","E","M","R","T","M","?","E","M","T","R","B",null,"R","$","E","B",null],"character_chosen":"DEFECT","items_purchased":["MerchantsRug","Snack Pack","Oddly Smooth Stone","Scrape","Hyperbeam"],"campfire_rested":0,"item_purchase_floors":[20,20,30,30,53],"current_hp_per_floor":[75,75,75,75,75,75,75,75,75,75,75,75,75,75,75,50,75,75,75,75,75,75,75,75,75,75,75,75,75,75,75,75,68,75,68,68,68,68,68,75,74,74,74,75,75,75,75,75,75,55,75,75,75,75,1],"gold":39,"neow_bonus":"","is_daily":false,"chose_seed":false,"campfire_upgraded":7,"win_rate":0.0,"timestamp":1614221231,"path_taken":["M","?","?","?","?","R","?","E","T","M","E","M","?","M","R","BOSS","M","?","$","M","M","R","M","M","T","E","R","?","$","?","R","BOSS","M","?","NS","?","?","E","M","R","T","M","?","E","M","?","R","BOSS","R","$","E","BOSS"],"items_purchased_type":["Relic","Relic","Relic","Card","Card"],"build_version":"2020-12-22","purchased_purges":0,"victory":true,"max_hp_per_floor":[75,75,75,75,75,75,75,75,75,75,75,75,75,75,75,75,75,75,75,75,75,75,75,75,75,75,75,75,75,75,75,75,75,75,75,75,75,75,75,75,75,75,75,75,75,75,75,75,75,75,75,75,75,75,75],"card_choices":[{"not_picked":["Coolheaded","ReplayTheSpireMod:System Scan"],"picked":"Rebound","floor":1},{"not_picked":["Auto Shields","Aggregate"],"picked":"Steam","floor":2},{"not_picked":["Rebound","Stack"],"picked":"Rip and Tear","floor":3},{"not_picked":["Rebound","Redo"],"picked":"Go for the Eyes","floor":3},{"not_picked":["Turbo","Panic Button","Rebound"],"picked":"SKIP","floor":8},{"not_picked":["Sweeping Beam","Coolheaded"],"picked":"Go for the Eyes","floor":10},{"not_picked":["Force Field","Reinforced Body"],"picked":"Scrape","floor":11},{"not_picked":["Leap","Streamline","Consume"],"picked":"SKIP","floor":12},{"not_picked":["BasicCrystalCard","Turbo","Sweeping Beam"],"picked":"SKIP","floor":14},{"not_picked":["Amplify","ReplayTheSpireMod:Fabricate Wheel"],"picked":"Core Surge","floor":16},{"not_picked":["BasicCrystalCard","Coolheaded+1","Turbo+1"],"picked":"SKIP","floor":18},{"not_picked":["Static Discharge+1","ReplaySolidLightProjector"],"picked":"Gash+1","floor":21},{"not_picked":["Leap","BasicCrystalCard"],"picked":"Gash","floor":22},{"not_picked":["ReplayTheSpireMod:Repulse","Self Repair+1","Aggregate+1"],"picked":"SKIP","floor":24},{"not_picked":["Chill","Reinforced Body","Hologram"],"picked":"SKIP","floor":25},{"not_picked":["Auto Shields","hubris:Prefetch","Tempest+1"],"picked":"SKIP","floor":27},{"not_picked":["Conserve Battery+1","ReplayTheSpireMod:Calculation Training+1"],"picked":"Melter+1","floor":35},{"not_picked":["Cold Snap","Stack+1","BasicCrystalCard+1"],"picked":"SKIP","floor":40},{"not_picked":["Leap","hubris:PowerSurge","Melter"],"picked":"SKIP","floor":41},{"not_picked":["Undo+1","Stack","ReplayTheSpireMod:Reroute Power"],"picked":"SKIP","floor":44},{"not_picked":["Streamline+1","Conserve Battery"],"picked":"Reprogram+1","floor":46},{"not_picked":["Sweeping Beam+1","Panic Button","Leap"],"picked":"SKIP","floor":47},{"not_picked":["Rebound","Streamline","Ball Lightning+1"],"picked":"SKIP","floor":54}],"player_experience":527230,"relics_obtained":[{"floor":5,"key":"ReplayTheSpireMod:Lightbulb"},{"floor":7,"key":"Mercury Hourglass"},{"floor":8,"key":"ReplayTheSpireMod:TigerMarble"},{"floor":9,"key":"Juzu Bracelet"},{"floor":11,"key":"hubris:OldNail"},{"floor":17,"key":"Ancient Tea Set"},{"floor":17,"key":"Replay:Bottled Steam"},{"floor":17,"key":"hubris:FunFungus"},{"floor":26,"key":"Mirror"},{"floor":27,"key":"hubris:BundleOfHerbs"},{"floor":40,"key":"Vajra"},{"floor":43,"key":"Gremlin Horn"},{"floor":46,"key":"Iron Hammer"},{"floor":48,"key":"Pen Nib"},{"floor":54,"key":"Centennial Puzzle"}],"event_choices":[{"cards_removed":["ReplayTheSpireMod:Splinters"],"damage_healed":0,"gold_gain":0,"player_choice":"Give","damage_taken":0,"max_hp_gain":0,"max_hp_loss":0,"event_name":"betterNote:BetterNote","floor":19,"gold_loss":0,"cards_obtained":["Strike_R"]},{"damage_healed":0,"gold_gain":0,"player_choice":"Obtain J.A.X.","damage_taken":0,"max_hp_gain":0,"max_hp_loss":0,"event_name":"Drug Dealer","floor":29,"gold_loss":0,"cards_obtained":["J.A.X."]},{"damage_healed":0,"gold_gain":0,"player_choice":"Paid Gold","damage_taken":0,"relics_obtained":["Dream Catcher"],"max_hp_gain":0,"max_hp_loss":0,"event_name":"WeMeetAgain","floor":31,"gold_loss":66},{"damage_healed":0,"gold_gain":0,"player_choice":"Upgraded","damage_taken":0,"max_hp_gain":0,"max_hp_loss":0,"event_name":"Upgrade Shrine","floor":39,"gold_loss":0,"cards_upgraded":["Scrape"]},{"damage_healed":0,"gold_gain":0,"player_choice":"Memory 1","damage_taken":0,"max_hp_gain":0,"max_hp_loss":0,"event_name":"SensoryStone","floor":45,"gold_loss":0}],"is_beta":false,"boss_relics":[{"not_picked":["hubris:Stopwatch","Painkiller Herb"],"picked":"Calling Bell"},{"not_picked":["FrozenCore","hubris:VirtuousBlindfold","Astrolabe"]}],"items_purged_floors":[],"is_endless":false,"potions_floor_spawned":[1,11,12,22,24,25,33,40,44,54],"ascension_level":1}}