{"host":"8so2ajx8h59tj2mr","time":1614256673,"event":{"mods":["Act Like it!","BaseMod","Better Note","Better Sensory Stone","Colored Map","Curses Come First","Minty Spire (QoL Compilation)","Relic Stats","Reliquary","Ruina","Spire Arcade","StSLib","The Blue Laboratory","The Hierophant"],"gold_per_floor":[115,115,133,162,10,35,35,39,89,119,163,200,200,239,239,371,371,418,368,368,368,427,427],"floor_reached":22,"language":"ENG","playtime":1429,"items_purged":[],"score":223,"play_id":"71989b41-d66b-4312-911b-f0e8c5187401","local_time":"20210225143753","is_ascension_mode":false,"campfire_choices":[{"data":"hierophant:Punish","floor":7.0,"key":"SMITH"},{"floor":13.0,"key":"REST"},{"data":"hierophant:RepressedViolence","floor":15.0,"key":"SMITH"}],"circlet_count":0,"master_deck":["hierophant:Strike_Hierophant","hierophant:Strike_Hierophant","hierophant:Punish+1","hierophant:Defend_Hierophant","hierophant:Defend_Hierophant","hierophant:Defend_Hierophant","hierophant:Defend_Hierophant","hierophant:ChurchCoffers","hierophant:Embezzle","hierophant:Doubloon","hierophant:Refuge","hierophant:OrnateBuckler","hierophant:RepressedViolence+1","hierophant:LocustPlague+1","hierophant:FieryStrike+1","hierophant:FieryStrike+1","hierophant:RustyCrate","hierophant:Doubloon","hierophant:Doubloon","hierophant:SolarFlare+1","hierophant:RepressedViolence+1","hierophant:FlamingChariot+1","hierophant:Doubloon","hierophant:Generosity","Clumsy","Doubt","Pain"],"relics":["hierophant:PropheticMaskRelic","NeowsBlessing","reliquary:RoseTintedGlasses","Molten Egg 2","Dream Catcher","Philosopher\u0027s Stone","ruina:FalsePresent","Oddly Smooth Stone","Calipers"],"acts_visited":["Exordium","ruina:Briah"],"potions_floor_usage":[],"damage_taken":[{"damage":0.0,"enemies":"2 Louse","floor":1.0,"turns":1.0},{"damage":0.0,"enemies":"Cultist","floor":3.0,"turns":1.0},{"damage":0.0,"enemies":"Jaw Worm","floor":4.0,"turns":1.0},{"damage":46.0,"enemies":"3 Sentries","floor":6.0,"turns":18.0},{"damage":0.0,"enemies":"Looter","floor":8.0,"turns":2.0},{"damage":5.0,"enemies":"2 Fungi Beasts","floor":10.0,"turns":3.0},{"damage":14.0,"enemies":"Lagavulin","floor":11.0,"turns":5.0},{"damage":26.0,"enemies":"Exordium Thugs","floor":12.0,"turns":4.0},{"damage":0.0,"enemies":"Red Slaver","floor":14.0,"turns":1.0},{"damage":19.0,"enemies":"The Guardian","floor":16.0,"turns":9.0},{"damage":16.0,"enemies":"ruina:Nosferatu","floor":18.0,"turns":3.0},{"damage":15.0,"enemies":"ruina:3_Bats","floor":22.0,"turns":5.0}],"seed_played":"4469104245582856223","potions_obtained":[{"floor":1.0,"key":"blueLaboratory:PyrophylliteBrew"},{"floor":3.0,"key":"EssenceOfSteel"},{"floor":4.0,"key":"Dexterity Potion"},{"floor":11.0,"key":"blueLaboratory:FruitPreserves"},{"floor":14.0,"key":"blueLaboratory:LouseDecoction"},{"floor":16.0,"key":"blueLaboratory:RememoryPotion"},{"floor":18.0,"key":"SkillPotion"}],"is_trial":false,"path_per_floor":["M","?","M","M","$","E","R","M","T","M","E","M","R","M","R","B",null,"M","?","?","?","M"],"character_chosen":"HIEROPHANT","items_purchased":["reliquary:RoseTintedGlasses"],"campfire_rested":1,"item_purchase_floors":[5],"current_hp_per_floor":[75,75,75,75,75,29,29,29,29,24,10,18,40,40,40,21,75,59,55,55,55,40,40],"gold":427,"neow_bonus":"THREE_ENEMY_KILL","is_daily":false,"chose_seed":false,"campfire_upgraded":2,"win_rate":0.0,"timestamp":1614256673,"path_taken":["M","?","?","M","?","E","R","M","T","M","E","M","R","M","R","BOSS","M","?","?","?","M"],"items_purchased_type":["Relic"],"build_version":"2020-12-22","purchased_purges":0,"victory":false,"max_hp_per_floor":[75,75,75,75,75,75,75,75,75,75,75,75,75,75,75,75,75,75,70,70,70,70,70],"relic_stats":{"Dream Catcher":1,"counters":[12,53],"obtain_stats":[{"ruina:FalsePresent":19,"Dream Catcher":11,"Calipers":21,"NeowsBlessing":0,"hierophant:PropheticMaskRelic":0,"Oddly Smooth Stone":20,"Molten Egg 2":6,"Philosopher\u0027s Stone":17,"reliquary:RoseTintedGlasses":5},{"ruina:FalsePresent":11,"Dream Catcher":7,"Calipers":11,"NeowsBlessing":0,"hierophant:PropheticMaskRelic":0,"Oddly Smooth Stone":11,"Molten Egg 2":4,"Philosopher\u0027s Stone":10,"reliquary:RoseTintedGlasses":3},{"ruina:FalsePresent":48,"Dream Catcher":31,"Calipers":48,"NeowsBlessing":0,"hierophant:PropheticMaskRelic":0,"Oddly Smooth Stone":48,"Molten Egg 2":21,"Philosopher\u0027s Stone":45,"reliquary:RoseTintedGlasses":3}]},"card_choices":[{"not_picked":["hierophant:Encroach","hierophant:FaithHealing"],"picked":"hierophant:Embezzle","floor":1.0},{"not_picked":["hierophant:Martyrdom","hierophant:Zeal"],"picked":"hierophant:OrnateBuckler","floor":3.0},{"not_picked":["hierophant:AuricShield","hierophant:Endure"],"picked":"hierophant:RepressedViolence","floor":4.0},{"not_picked":["hierophant:HolyVerse","hierophant:SolarFlare+1"],"picked":"hierophant:LocustPlague+1","floor":6.0},{"not_picked":["hierophant:Bribe","hierophant:Zeal+1"],"picked":"hierophant:FieryStrike+1","floor":8.0},{"not_picked":["hierophant:Doubloon","hierophant:Shelter"],"picked":"hierophant:FieryStrike+1","floor":10.0},{"not_picked":["hierophant:Upheaval+1","hierophant:SealAway+1"],"picked":"hierophant:RustyCrate","floor":11.0},{"not_picked":["hierophant:AuricForm","hierophant:RustyCrate"],"picked":"hierophant:SolarFlare+1","floor":12.0},{"not_picked":["hierophant:CursedGold","hierophant:Zeal+1"],"picked":"hierophant:RepressedViolence+1","floor":13.0},{"not_picked":["hierophant:BulkyChest","hierophant:Encroach"],"picked":"hierophant:FlamingChariot+1","floor":14.0},{"not_picked":["hierophant:DeathKnell","hierophant:Invocation"],"picked":"hierophant:Generosity","floor":16.0},{"not_picked":["hierophant:SealAway+1","hierophant:Patience","hierophant:Zeal+1"],"picked":"SKIP","floor":18.0}],"player_experience":72566,"relics_obtained":[{"floor":6.0,"key":"Molten Egg 2"},{"floor":11.0,"key":"Dream Catcher"}],"event_choices":[{"damage_healed":0.0,"max_hp_gain":0.0,"max_hp_loss":0.0,"gold_gain":0.0,"cards_transformed":["hierophant:Strike_Hierophant"],"event_name":"Transmorgrifier","player_choice":"Transformed","floor":2.0,"gold_loss":0.0,"damage_taken":0.0,"cards_obtained":["hierophant:Refuge"]}],"is_beta":false,"boss_relics":[{"not_picked":["Astrolabe","reliquary:Craggleroot"],"picked":"Philosopher\u0027s Stone"}],"items_purged_floors":[],"is_endless":false,"potions_floor_spawned":[1,3,4,11,14,16,18],"killed_by":"ruina:3_Bats","ascension_level":0}}