{"host":"nkolxg4se00n20yf","time":1614292851,"event":{"mods":["BaseMod","CatGirl Mod","Chen","Colored Map","Colored Powertips","Downfall","Friendly Minions","Infinite Spire","Kiyohime????","Marisa????????","Minty Spire (QoL Compilation)","StSLib","Td1madao Mod","The Administrix","The Cursed","The Exalted","The Hierophant","The Servant 0.9.4"],"gold_per_floor":[109,127,139,139,139,139,154,168,214,214,232,232,246,78,78,157,157,171,189,204,218,229,229,242,242,242,242,78,78,103,118,118,118,118],"floor_reached":33,"language":"ENG","playtime":1881,"items_purged":[],"score":474,"play_id":"c4ee9183-7004-4f95-8ad0-cc4f12aaad92","local_time":"20210225234051","is_ascension_mode":true,"campfire_choices":[{"floor":6,"key":"REST"},{"floor":15,"key":"REST"},{"floor":23,"key":"REST"},{"floor":25,"key":"REST"},{"floor":27,"key":"REST"},{"data":"Storm of Steel","floor":29,"key":"SMITH"},{"floor":32,"key":"REST"}],"circlet_count":0,"master_deck":["AscendersBane","Strike_G","Strike_G","Strike_G","Strike_G","Strike_G","Defend_G","Defend_G","Defend_G","Defend_G+1","Survivor","Neutralize","Blade Dance","Venomology+1","Poisoned Stab+1","Poisoned Stab","Storm of Steel+1","Sucker Punch","Catalyst","Envenom","Flying Knee","Flying Knee","Footwork","Footwork","Crippling Poison"],"relics":["Ring of the Snake","Bronze Scales","Toy Ornithopter","WristBlade","Paper Crane","Regal Pillow","Red Mask"],"acts_visited":["Exordium","TheCity"],"potions_floor_usage":[3,7,8,11,13,16,16,19,20,20,21,22,24,24,31,33,33,33],"damage_taken":[{"damage":3,"enemies":"2 Louse","floor":1,"turns":4},{"damage":0,"enemies":"Small Slimes","floor":2,"turns":3},{"damage":0,"enemies":"Cultist","floor":3,"turns":3},{"damage":5,"enemies":"Large Slime","floor":7,"turns":7},{"damage":11,"enemies":"Lots of Slimes","floor":8,"turns":4},{"damage":2,"enemies":"3 Louse","floor":11,"turns":2},{"damage":11,"enemies":"Gremlin Gang","floor":13,"turns":5},{"damage":28,"enemies":"Hexaghost","floor":16,"turns":8},{"damage":7,"enemies":"3 Byrds","floor":18,"turns":3},{"damage":21,"enemies":"Shell Parasite","floor":19,"turns":4},{"damage":46,"enemies":"Shelled Parasite and Fungi","floor":20,"turns":7},{"damage":4,"enemies":"Centurion and Healer","floor":21,"turns":6},{"damage":7,"enemies":"Snecko","floor":22,"turns":4},{"damage":21,"enemies":"Snake Plant","floor":24,"turns":3},{"damage":22,"enemies":"Masked Bandits","floor":30,"turns":4},{"damage":19,"enemies":"Chosen and Byrds","floor":31,"turns":4},{"damage":97,"enemies":"Automaton","floor":33,"turns":10}],"seed_played":"6976331196571019534","potions_obtained":[{"floor":1,"key":"Weak Potion"},{"floor":2,"key":"AttackPotion"},{"floor":3,"key":"DuplicationPotion"},{"floor":8,"key":"AttackPotion"},{"floor":12,"key":"hexamod:SoulburnPotion"},{"floor":21,"key":"DuplicationPotion"}],"is_trial":false,"path_per_floor":["M","M","M","?","?","R","M","M","T","?","M","?","M","$","R","B",null,"M","M","M","M","M","R","M","R","T","R","$","R","?","M","R","B"],"character_chosen":"THE_SILENT","items_purchased":["Toy Ornithopter","Regal Pillow"],"campfire_rested":6,"item_purchase_floors":[14,28],"current_hp_per_floor":[62,62,62,40,40,61,56,45,45,45,43,43,32,32,53,35,63,56,40,4,5,3,24,13,34,34,55,55,55,33,31,67,0,0],"gold":118,"neow_bonus":"TEN_PERCENT_HP_BONUS","is_daily":false,"chose_seed":false,"campfire_upgraded":1,"win_rate":0.0,"timestamp":1614292851,"path_taken":["M","M","M","?","?","R","M","?","T","?","?","?","M","$","R","BOSS","M","M","M","M","?","R","M","R","T","R","?","R","?","M","R","BOSS"],"items_purchased_type":["Relic","Relic"],"build_version":"2020-12-22","purchased_purges":0,"victory":false,"max_hp_per_floor":[72,72,72,72,72,72,72,72,72,72,72,72,72,72,72,72,72,72,72,72,72,72,72,72,72,72,72,72,72,72,72,72,72,72],"card_choices":[{"not_picked":["Bane","Cloak And Dagger"],"picked":"Blade Dance","floor":1},{"not_picked":["Bouncing Flask","Deflect"],"picked":"Venomology","floor":2},{"not_picked":["Dash","Deflect"],"picked":"Poisoned Stab","floor":3},{"not_picked":["Sucker Punch","Cloak And Dagger"],"picked":"Poisoned Stab","floor":7},{"not_picked":["Deadly Poison","Cloak And Dagger"],"picked":"Storm of Steel","floor":8},{"not_picked":["Predator","Slice"],"picked":"Sucker Punch","floor":11},{"not_picked":["Quick Slash","Flechettes"],"picked":"Catalyst","floor":13},{"not_picked":["Doppelganger","Tools of the Trade"],"picked":"Envenom","floor":16},{"not_picked":["Riddle With Holes","Dodge and Roll"],"picked":"Flying Knee","floor":18},{"not_picked":["Backflip","Predator","Acrobatics+1"],"picked":"SKIP","floor":19},{"not_picked":["Dodge and Roll","Bane"],"picked":"Flying Knee","floor":20},{"not_picked":["Setup","Eviscerate","Poisoned Stab"],"picked":"SKIP","floor":21},{"not_picked":["Escape Plan","Grand Finale","Underhanded Strike"],"picked":"SKIP","floor":22},{"not_picked":["Dodge and Roll+1","Poisoned Stab"],"picked":"Footwork","floor":24},{"not_picked":["Tactician","Eviscerate"],"picked":"Footwork","floor":30},{"not_picked":["Escape Plan","Skewer"],"picked":"Crippling Poison","floor":31}],"player_experience":1153075,"relics_obtained":[{"floor":9,"key":"Bronze Scales"},{"floor":26,"key":"Paper Crane"},{"floor":30,"key":"Red Mask"}],"event_choices":[{"damage_healed":0,"gold_gain":0,"player_choice":"Entered Light","damage_taken":22,"max_hp_gain":0,"max_hp_loss":0,"event_name":"Shining Light","floor":4,"gold_loss":0,"cards_upgraded":["Defend_G","Poisoned Stab"]},{"cards_removed":["Defend_G"],"damage_healed":0,"gold_gain":0,"player_choice":"Purged","damage_taken":0,"max_hp_gain":0,"max_hp_loss":0,"event_name":"Purifier","floor":5,"gold_loss":0},{"damage_healed":0,"gold_gain":0,"player_choice":"Forge","damage_taken":0,"max_hp_gain":0,"max_hp_loss":0,"event_name":"Accursed Blacksmith","floor":10,"gold_loss":0,"cards_upgraded":["Venomology"]},{"damage_healed":0,"gold_gain":0,"player_choice":"Got Potions","damage_taken":0,"max_hp_gain":0,"max_hp_loss":0,"event_name":"Lab","floor":12,"gold_loss":0},{"damage_healed":0,"gold_gain":0,"player_choice":"Fought Bandits","damage_taken":0,"max_hp_gain":0,"max_hp_loss":0,"event_name":"Masked Bandits","floor":30,"gold_loss":0}],"is_beta":false,"boss_relics":[{"not_picked":["infinitespire:Cupcake","Ring of the Serpent"],"picked":"WristBlade"}],"items_purged_floors":[],"is_endless":false,"potions_floor_spawned":[1,2,3,8,19,21],"killed_by":"Automaton","ascension_level":19}}