{"host":"9tlw6ssh7xz6j5yh","time":1614250880,"event":{"mods":["BaseMod","Colored Map","DNKmod","Downfall","Friendly Minions","Marisa£®ÏF”Í°°ƒß¿Ì…≥£©","Minty Spire (QoL Compilation)","READ ME - Guardian Mod","Red Circlet Mod","Relic Filter Mod","Remove Card Discount Mod","Shop Mod","StSLib","The Alterego","The Marked","UnlockEverythingMod","Waifu the Spire"],"gold_per_floor":[119,130,2,2,21,53,53,49,72,103,117,127,127,202,202,303,303,317,337,7,20,32,32,66,66,66,80,80,80,90,90,90,186,186,204,222,233,233,279,279,306,306,306,306,306,201,0,12,12,12],"floor_reached":51,"language":"ZHS","playtime":3517,"items_purged":["Strike_R","Defend_R","Strike_R","Defend_R","Strike_R","Strike_R","Strike_R","Writhe","Pain","Defend_R","Defend_R","Sword Boomerang","Sword Boomerang+1"],"score":1062,"play_id":"6d39d039-9265-4603-806d-9349a523a1c5","local_time":"20210225190120","is_ascension_mode":true,"campfire_choices":[{"data":"Armaments","floor":7.0,"key":"SMITH"},{"data":"Spot Weakness","floor":13.0,"key":"SMITH"},{"data":"Flex","floor":15.0,"key":"SMITH"},{"data":"Blood for Blood","floor":23.0,"key":"SMITH"},{"data":"Bloodletting","floor":25.0,"key":"SMITH"},{"data":"Headbutt","floor":28.0,"key":"SMITH"},{"data":"Shrug It Off","floor":32.0,"key":"SMITH"},{"data":"Pommel Strike","floor":40.0,"key":"SMITH"},{"data":"Cleave","floor":44.0,"key":"SMITH"},{"data":"Iron Wave","floor":49,"key":"SMITH"}],"circlet_count":0,"master_deck":["Bloodletting+1","Pummel","Iron Wave","Armaments+1","Flex+1","Shrug It Off+1","Iron Wave+1","Spot Weakness+1","Twin Strike","Reaper","Blood for Blood+1","Battle Trance+1","Armaments+1","Headbutt+1","Exhume+1","Cleave+1","Pommel Strike+1","Flex+1","Rupture+1","Thunderclap","Barricade+1"],"relics":["Burning Blood","Bag of Preparation","Oddly Smooth Stone","Gremlin Horn","Runic Pyramid","Toxic Egg 2","Juzu Bracelet","Frozen Egg 2","Cursed Key","Pocketwatch","Regal Pillow","Question Card","Torii","Red Mask"],"acts_visited":["TheCity","TheBeyond"],"potions_floor_usage":[50],"damage_taken":[{"damage":7.0,"enemies":"Small Slimes","floor":1.0,"turns":3.0},{"damage":1.0,"enemies":"Cultist","floor":2.0,"turns":3.0},{"damage":4.0,"enemies":"Jaw Worm","floor":5.0,"turns":3.0},{"damage":29.0,"enemies":"Lagavulin","floor":6.0,"turns":9.0},{"damage":24.0,"enemies":"3 Sentries","floor":10.0,"turns":11.0},{"damage":1.0,"enemies":"Red Slaver","floor":11.0,"turns":4.0},{"damage":3.0,"enemies":"Looter","floor":12.0,"turns":1.0},{"damage":13.0,"enemies":"The Guardian","floor":16.0,"turns":9.0},{"damage":2.0,"enemies":"Shell Parasite","floor":18.0,"turns":4.0},{"damage":9.0,"enemies":"Chosen","floor":19.0,"turns":3.0},{"damage":15.0,"enemies":"Sentry and Sphere","floor":21.0,"turns":4.0},{"damage":0.0,"enemies":"Cultist and Chosen","floor":22.0,"turns":4.0},{"damage":3.0,"enemies":"Gremlin Leader","floor":24.0,"turns":4.0},{"damage":11.0,"enemies":"Centurion and Healer","floor":27.0,"turns":3.0},{"damage":12.0,"enemies":"Snake Plant","floor":30.0,"turns":2.0},{"damage":17.0,"enemies":"Champ","floor":33.0,"turns":7.0},{"damage":0.0,"enemies":"3 Shapes","floor":35.0,"turns":3.0},{"damage":30.0,"enemies":"3 Darklings","floor":36.0,"turns":3.0},{"damage":7.0,"enemies":"Spire Growth","floor":37.0,"turns":3.0},{"damage":8.0,"enemies":"2 Orb Walkers","floor":39.0,"turns":3.0},{"damage":42.0,"enemies":"Giant Head","floor":41.0,"turns":6.0},{"damage":3,"enemies":"Jaw Worm Horde","floor":48,"turns":2},{"damage":65,"enemies":"Awakened One","floor":50,"turns":6}],"seed_played":"-1769705260657615875","potions_obtained":[{"floor":1.0,"key":"Fire Potion"},{"floor":2.0,"key":"AttackPotion"},{"floor":4.0,"key":"Regen Potion"},{"floor":4.0,"key":"LiquidMemories"},{"floor":16.0,"key":"Swift Potion"},{"floor":21.0,"key":"champ:CounterPotion"}],"is_trial":false,"path_per_floor":["M","M","$","?","M","E","R","$","T","E","M","M","R","?","R","B",null,"M","M","$","M","M","R","E","R","T","M","R","?","M","?","R","B",null,"M","M","M","?","?","R","E","?","T","R","T","$","?","M","R","B",null],"character_chosen":"IRONCLAD","items_purchased":["Iron Wave","Armaments","Flex","Toxic Egg 2","Regen Potion","Rupture+1","Thunderclap"],"campfire_rested":0,"item_purchase_floors":[3,3,3,20,20,46,46],"current_hp_per_floor":[71,76,76,76,78,70,70,70,70,52,57,60,60,51,51,44,96,96,96,96,96,96,96,96,96,96,94,94,94,88,88,88,77,96,96,96,95,95,96,96,74,74,74,74,74,74,74,96,96,66],"gold":12,"neow_bonus":"TWENTY_PERCENT_HP_BONUS","is_daily":false,"chose_seed":false,"campfire_upgraded":10,"win_rate":0.0,"timestamp":1614250880,"path_taken":["M","M","$","?","M","E","R","$","T","E","?","M","R","?","R","BOSS","M","M","$","M","M","R","E","R","T","M","R","?","M","?","R","BOSS","M","M","M","?","?","R","E","?","T","R","?","$","?","M","R","BOSS"],"items_purchased_type":["Card","Card","Card","Relic","Potion","Card","Card"],"build_version":"2020-12-22","purchased_purges":13,"victory":true,"max_hp_per_floor":[96,96,96,96,96,96,96,96,96,96,96,96,96,96,96,96,96,96,96,96,96,96,96,96,96,96,96,96,96,96,96,96,96,96,96,96,96,96,96,96,96,96,96,96,96,96,96,96,96,96],"card_choices":[{"not_picked":["Ghostly Armor","Uppercut"],"picked":"Bloodletting","floor":1.0},{"not_picked":["Clash","Burning Pact"],"picked":"Pummel","floor":2.0},{"not_picked":["Heavy Blade","Body Slam"],"picked":"Shrug It Off","floor":5.0},{"not_picked":["Twin Strike","Evolve"],"picked":"Iron Wave","floor":6.0},{"not_picked":["Body Slam","Dark Embrace"],"picked":"Spot Weakness","floor":10.0},{"not_picked":["Sword Boomerang","Perfected Strike","Havoc"],"picked":"SKIP","floor":11.0},{"not_picked":["Warcry","Anger"],"picked":"Twin Strike","floor":12.0},{"not_picked":["Juggernaut","Brutality"],"picked":"Reaper","floor":16.0},{"not_picked":["Wild Strike","Evolve"],"picked":"Blood for Blood","floor":18.0},{"not_picked":["Clash","Whirlwind+1"],"picked":"Sword Boomerang","floor":19.0},{"not_picked":["Cleave","Iron Wave+1"],"picked":"Battle Trance+1","floor":21.0},{"not_picked":["Clash","Carnage+1","True Grit+1"],"picked":"SKIP","floor":22.0},{"not_picked":["Flame Barrier+1","Rage+1"],"picked":"Armaments+1","floor":24.0},{"not_picked":["Carnage","Intimidate+1"],"picked":"Headbutt","floor":27.0},{"not_picked":["Immolate","True Grit+1","Sword Boomerang"],"picked":"SKIP","floor":30.0},{"not_picked":["Bludgeon","Impervious+1"],"picked":"Exhume+1","floor":33.0},{"not_picked":["Searing Blow+1","Sword Boomerang"],"picked":"Cleave","floor":35.0},{"not_picked":["Wild Strike","Anger"],"picked":"Sword Boomerang+1","floor":36.0},{"not_picked":["Perfected Strike","Infernal Blade+1","Warcry+1"],"picked":"SKIP","floor":37.0},{"not_picked":["Armaments+1","Dual Wield+1"],"picked":"Pommel Strike","floor":39.0},{"not_picked":["Sever Soul","Shrug It Off+1"],"picked":"Flex+1","floor":41.0},{"not_picked":["Shockwave+1","Dropkick+1","Whirlwind+1"],"picked":"Barricade+1","floor":48}],"player_experience":132816,"relics_obtained":[{"floor":6.0,"key":"Bag of Preparation"},{"floor":9.0,"key":"Oddly Smooth Stone"},{"floor":10.0,"key":"Gremlin Horn"},{"floor":24.0,"key":"Juzu Bracelet"},{"floor":26.0,"key":"Frozen Egg 2"},{"floor":39.0,"key":"Pocketwatch"},{"floor":41.0,"key":"Regal Pillow"},{"floor":43.0,"key":"Question Card"},{"floor":45.0,"key":"Torii"}],"event_choices":[{"damage_healed":0.0,"max_hp_gain":0.0,"max_hp_loss":0.0,"gold_gain":0.0,"event_name":"Lab","player_choice":"Got Potions","floor":4.0,"gold_loss":0.0,"damage_taken":0.0},{"damage_healed":0.0,"max_hp_gain":0.0,"max_hp_loss":0.0,"gold_gain":75.0,"event_name":"FaceTrader","player_choice":"Touch","floor":14.0,"gold_loss":0.0,"damage_taken":9.0},{"damage_healed":0.0,"max_hp_gain":0.0,"max_hp_loss":0.0,"gold_gain":0.0,"event_name":"Beggar","player_choice":"Ignored","floor":29.0,"gold_loss":0.0,"damage_taken":0.0},{"damage_healed":0.0,"max_hp_gain":0.0,"max_hp_loss":0.0,"gold_gain":0.0,"event_name":"Ghosts","player_choice":"Ignored","floor":31.0,"gold_loss":0.0,"damage_taken":0.0},{"damage_healed":0.0,"max_hp_gain":0.0,"max_hp_loss":0.0,"gold_gain":0.0,"event_name":"The Woman in Blue","player_choice":"Bought 0 Potions","floor":38.0,"gold_loss":0.0,"damage_taken":0.0},{"damage_healed":0.0,"max_hp_gain":0.0,"max_hp_loss":0.0,"gold_gain":0.0,"event_name":"Mysterious Sphere","player_choice":"Fight","floor":39.0,"gold_loss":0.0,"damage_taken":0.0},{"cards_removed":["Bash"],"damage_healed":0.0,"max_hp_gain":0.0,"max_hp_loss":0.0,"gold_gain":0.0,"event_name":"Falling","player_choice":"Removed Attack","floor":42.0,"gold_loss":0.0,"damage_taken":0.0},{"damage_healed":0.0,"max_hp_gain":0.0,"max_hp_loss":0.0,"gold_gain":0.0,"event_name":"Tomb of Lord Red Mask","player_choice":"Paid","floor":47.0,"gold_loss":201.0,"damage_taken":0.0,"relics_obtained":["Red Mask"]}],"is_beta":false,"boss_relics":[{"not_picked":["Snecko Eye","SacredBark"],"picked":"Runic Pyramid"},{"not_picked":["Tiny House","Velvet Choker"],"picked":"Cursed Key"}],"items_purged_floors":[3,3,3,3,8,8,20,46,46,46,46,46,46],"is_endless":false,"potions_floor_spawned":[1,2,5,16,21,22,27,35,41],"ascension_level":3}}