{"host":"prxrhpgaxnj4om9r","time":1614259749,"event":{"mods":["AchievementEnabler","BaseMod","Colored Map","DeckTracker","Keyboard Shortcuts","Minty Spire (QoL Compilation)"],"gold_per_floor":[15,35,110,110,124,124,147,186,213,213,225,42,61,102,102,102,102],"floor_reached":16,"language":"KOR","playtime":616,"items_purged":[],"score":110,"play_id":"1dce5daf-c9bf-4ab1-a9cf-e0af549ac4a0","local_time":"20210225222909","is_ascension_mode":false,"campfire_choices":[{"floor":6,"key":"DIG"},{"floor":10,"key":"DIG"},{"floor":15,"key":"REST"}],"circlet_count":0,"master_deck":["Strike_B","Strike_B","Strike_B","Strike_B","Defend_B","Defend_B","Defend_B+1","Defend_B","Zap","Dualcast","Stack+1","Sweeping Beam","Injury","Cold Snap","Capacitor","Self Repair+1","Genetic Algorithm","Coolheaded","Recycle"],"relics":["Cracked Core","Shovel","Golden Idol","Toy Ornithopter","War Paint","Bag of Marbles","MawBank","Runic Capacitor","Akabeko"],"acts_visited":["Exordium"],"potions_floor_usage":[2,7,7,8,8,8],"damage_taken":[{"damage":6,"enemies":"Jaw Worm","floor":1,"turns":3},{"damage":5,"enemies":"Small Slimes","floor":2,"turns":3},{"damage":0,"enemies":"2 Louse","floor":5,"turns":2},{"damage":8,"enemies":"Lots of Slimes","floor":7,"turns":3},{"damage":19,"enemies":"Gremlin Nob","floor":8,"turns":4},{"damage":20,"enemies":"Looter","floor":13,"turns":3},{"damage":36,"enemies":"Lagavulin","floor":14,"turns":7},{"damage":49,"enemies":"Hexaghost","floor":16,"turns":16}],"seed_played":"-5092372587071402425","potions_obtained":[{"floor":2,"key":"Fruit Juice"},{"floor":5,"key":"Swift Potion"},{"floor":7,"key":"EntropicBrew"}],"is_trial":false,"path_per_floor":["M","M","?","?","M","R","M","E","T","R","?","$","M","E","R","B"],"character_chosen":"DEFECT","items_purchased":["Runic Capacitor","Genetic Algorithm"],"campfire_rested":1,"item_purchase_floors":[12,12],"current_hp_per_floor":[69,69,58,58,58,58,60,56,56,56,56,56,46,20,44,0,0],"gold":102,"neow_bonus":"ONE_RARE_RELIC","is_daily":false,"chose_seed":false,"campfire_upgraded":0,"win_rate":0.0,"timestamp":1614259749,"path_taken":["M","M","?","?","M","R","M","E","T","R","?","$","M","E","R","BOSS"],"items_purchased_type":["Relic","Card"],"build_version":"2020-12-22","purchased_purges":0,"victory":false,"max_hp_per_floor":[75,80,80,80,80,80,80,80,80,80,80,80,80,80,80,80,80],"card_choices":[{"not_picked":["Compile Driver","Gash"],"picked":"Stack","floor":1},{"not_picked":["Turbo","BootSequence"],"picked":"Sweeping Beam","floor":2},{"not_picked":["Go for the Eyes","Auto Shields"],"picked":"Cold Snap","floor":5},{"not_picked":["Barrage","Double Energy"],"picked":"Capacitor","floor":7},{"not_picked":["Compile Driver","Conserve Battery"],"picked":"Self Repair","floor":8},{"not_picked":["Cold Snap","Compile Driver"],"picked":"Coolheaded","floor":13},{"not_picked":["Barrage","Doom and Gloom"],"picked":"Recycle","floor":14}],"player_experience":660491,"relics_obtained":[{"floor":6,"key":"Toy Ornithopter"},{"floor":8,"key":"War Paint"},{"floor":9,"key":"Bag of Marbles"},{"floor":10,"key":"MawBank"},{"floor":14,"key":"Akabeko"}],"event_choices":[{"damage_healed":0,"gold_gain":75,"player_choice":"Gather Gold","damage_taken":11,"max_hp_gain":0,"max_hp_loss":0,"event_name":"World of Goop","floor":3,"gold_loss":0},{"damage_healed":0,"gold_gain":0,"player_choice":"Take Wound","damage_taken":0,"relics_obtained":["Golden Idol"],"max_hp_gain":0,"max_hp_loss":0,"event_name":"Golden Idol","floor":4,"gold_loss":0,"cards_obtained":["Injury"]},{"damage_healed":0,"gold_gain":0,"player_choice":"Upgraded","damage_taken":0,"max_hp_gain":0,"max_hp_loss":0,"event_name":"Upgrade Shrine","floor":11,"gold_loss":0,"cards_upgraded":["Self Repair"]}],"is_beta":false,"boss_relics":[],"items_purged_floors":[],"is_endless":false,"potions_floor_spawned":[2,5,7],"killed_by":"Hexaghost","ascension_level":0}}