{"host":"6k83u4w3pgxa5yg2","time":1614212156,"event":{"mods":["2.2 Compatiblity","AchievementEnabler","Act Like it!","Aspiration","Astrologer","BaseMod","Better Note","Better Sensory Stone","Block Reminder","CapriCore","Card Forge","Conspire","Custom Start","Defuse TimeMaze Blight","Dio Mod","Downfall","Friendly Minions","Gensokyo","Hallownest","Hermit","HololiveMod","Hubris","Hyrulean Relics","Infinite Spire","Koishi","KomeijiMod","Library of Ruina","Library of Ruina Extra","Lobotomy","LobotomyExtend","Mari Mod (Legacy)","Mari\u0027s V1 Patch","MarisaÅiñ∂âJÅ@ñÇóùçπÅj","Minty Spire (QoL Compilation)","MostiFishMod","Railgun Mod","ReimuÅiîé??öÎÅj","Relic Stats","RemiliaÅiÂQïƒ‰ª?Åj","Replay The Spire","RumiaBox-òIïƒ?ìIê_îÈ·¥éq","Small Relic Pack","StSLib","The Animator","The Bladedancer","The Gatherer","The Immortal","The Poker Player","The Wild Card","TheBandit","TheVelvet","Transform Curses","Uncapped","Waifu the Spire","Wandering Minibosses","WarShipGirlsR/??è≠èóR mod","Yohane!","Yuyuko","Åyå˜î\ModÅz?ñæìIç≈?Boss","Åy?ï®?îvÅzREMEMod"],"gold_per_floor":[119,79,94,109,126,154,154,181,227,227,227,227,246,260,260,356,356,368,36,52,67,82,82,111,128,128,144,160,160,190,210,210,310,310,330,345,276,290,305,305,335,345,395,405,433,445,463,463,463,463],"floor_reached":51,"language":"ENG","playtime":4093,"items_purged":[],"score":1035,"play_id":"0d6fe8b2-d914-4b29-8551-a05ba61356cd","local_time":"20210224161556","is_ascension_mode":true,"campfire_choices":[{"data":"FleetFootsteps","floor":7,"key":"SMITH"},{"data":"Adrenaline","floor":10,"key":"SMITH"},{"data":"CombatPreparation","floor":12,"key":"SMITH"},{"floor":15,"key":"DIG"},{"data":"RipSpace","floor":23,"key":"SMITH"},{"data":"CleanUp","floor":29,"key":"SMITH"},{"floor":32,"key":"DIG"},{"data":"EndlessBattle","floor":40,"key":"SMITH"},{"data":"ToOvercomeCrisis","floor":49,"key":"SMITH"}],"circlet_count":0,"master_deck":["Dodge","LightDefense","LightAttack","LightAttack","LightAttack","LightDefense","LightDefense","LightDefense","ChargeAndCover","FocusedStrikes","Adrenaline+1","Brawl","FlashingStrike","FleetFootsteps+1","CombatPreparation+1","CrackOfDawn","RepressedFlesh","CleanUp+1","AbsorbImpact","Transpierce","HeavyPeaks","SilentMist","EndlessBattle+1","TendonChords","BattleCommand+1","RipSpace+1","QuickSuppression+1","GrazeTheGrass","EnergyCycle","EnergyConversion+1","InnerArdor","WaitUp+1","Disposal","EndlessBattle+1","Mutilate","AGoldenOpportunity","Reload+1","Faith+1","EnergyCycle+1","GroundSmash","ToOvercomeCrisis+1","Wallop_lor+1","SinglePointStab+1","Parasite","SunsetBlade+1"],"relics":["PageOfLibrarian","REME_ComplimentaryCards","DaveBox","aspiration:Nostalgia","rmod:firstchargereward","JellyFishMachine","SynthV:TestCard","LetterFromLob","PaintedHorse:ReiMu","hubris:PeanutButter","infinitespire:Broken Mirror","ReplayTheSpireMod:Lightbulb","Nunchaku","REME_DuelDisc","MagicDraw3","wanderingMiniBosses:CarrionFlame","conspire:Dentures","CaptainsWheel","Replay:Accelerometer","hubris:Reverence","SoulBox","MealTicket","aspiration:Lifesprig"],"acts_visited":["Exordium","TheCity","TheBeyond"],"potions_floor_usage":[50,50,50],"damage_taken":[{"damage":0,"enemies":"conspire:RoseBush","floor":1,"turns":2},{"damage":0,"enemies":"Cultist","floor":3,"turns":6},{"damage":0,"enemies":"Small Slimes","floor":4,"turns":2},{"damage":11,"enemies":"conspire:2 RoseBushes","floor":5,"turns":3},{"damage":7,"enemies":"Gremlin Nob","floor":6,"turns":3},{"damage":0,"enemies":"3 Sentries","floor":8,"turns":5},{"damage":0,"enemies":"Blue Slaver","floor":13,"turns":2},{"damage":0,"enemies":"3 Louse","floor":14,"turns":2},{"damage":0,"enemies":"The Guardian","floor":16,"turns":8},{"damage":0,"enemies":"Spheric Guardian","floor":18,"turns":1},{"damage":0,"enemies":"Shell Parasite","floor":20,"turns":2},{"damage":0,"enemies":"Chosen and Byrds","floor":21,"turns":5},{"damage":0,"enemies":"Sentry and Sphere","floor":22,"turns":2},{"damage":0,"enemies":"Gremlin Leader","floor":24,"turns":3},{"damage":0,"enemies":"3 Cultists","floor":25,"turns":3},{"damage":0,"enemies":"Snecko","floor":27,"turns":2},{"damage":0,"enemies":"Sentry and Sphere","floor":28,"turns":2},{"damage":0,"enemies":"conspire:Head Lice","floor":30,"turns":3},{"damage":0,"enemies":"3 Cultists","floor":31,"turns":1},{"damage":0,"enemies":"Collector","floor":33,"turns":6},{"damage":0,"enemies":"Orb Walker","floor":35,"turns":2},{"damage":0,"enemies":"3 Darklings","floor":36,"turns":2},{"damage":0,"enemies":"Transient","floor":38,"turns":5},{"damage":0,"enemies":"Jaw Worm Horde","floor":39,"turns":2},{"damage":0,"enemies":"Nemesis","floor":41,"turns":3},{"damage":0,"enemies":"4 Shapes","floor":42,"turns":1},{"damage":0,"enemies":"Spire Growth","floor":44,"turns":3},{"damage":0,"enemies":"conspire:MimicChest","floor":45,"turns":3},{"damage":0,"enemies":"Maw","floor":46,"turns":5},{"damage":0,"enemies":"Writhing Mass","floor":47,"turns":3},{"damage":15,"enemies":"Time Eater","floor":50,"turns":11}],"seed_played":"-1287075720866538037","potions_obtained":[{"floor":5,"key":"champ:CounterPotion"},{"floor":8,"key":"BlessingOfTheForge"},{"floor":11,"key":"Reflective Coating"},{"floor":11,"key":"DistilledChaos"},{"floor":21,"key":"Energy Potion"}],"is_trial":false,"path_per_floor":["M","?","M","M","M","E","R","E","T","R","?","R","M","M","R","B",null,"M","$","M","M","M","R","E","M","T","M","M","R","E","M","R","B",null,"M","M","$","M","M","R","E","M","T","M","?","M","M","?","R","B",null],"character_chosen":"Librarian","items_purchased":["MagicDraw3","SilentMist","EndlessBattle","AGoldenOpportunity"],"campfire_rested":0,"item_purchase_floors":[19,19,19,37],"current_hp_per_floor":[60,60,60,60,61,65,65,76,76,76,76,76,76,76,76,76,77,77,77,77,77,77,77,77,77,77,77,77,77,77,77,77,77,77,77,50,50,59,50,50,50,50,50,53,50,53,50,50,50,46],"gold":463,"neow_bonus":"NOSTALGIA","is_daily":false,"chose_seed":false,"campfire_upgraded":7,"win_rate":0.0,"timestamp":1614212156,"path_taken":["M","?","M","M","M","E","R","E","T","R","?","R","M","?","R","BOSS","M","$","M","M","M","R","E","M","T","M","M","R","E","M","R","BOSS","M","M","$","M","M","R","E","M","T","M","?","M","M","?","R","BOSS"],"items_purchased_type":["Relic","Card","Card","Card"],"build_version":"2020-12-22","purchased_purges":0,"victory":true,"max_hp_per_floor":[77,77,68,76,76,76,76,76,76,76,76,76,76,76,76,77,77,77,77,77,77,77,77,77,77,77,77,77,77,77,77,77,77,77,201,201,201,201,201,201,201,201,201,201,201,201,201,201,201,201],"relic_stats":{"Nunchaku":[24],"counters":[32,111],"MealTicket":0,"obtain_stats":[{"conspire:Dentures":24,"Replay:Accelerometer":30,"aspiration:Lifesprig":43,"DaveBox":0,"aspiration:Nostalgia":0,"JellyFishMachine":0,"REME_DuelDisc":17,"SoulBox":34,"MagicDraw3":19,"PageOfLibrarian":0,"Nunchaku":15,"CaptainsWheel":26,"SynthV:TestCard":1,"wanderingMiniBosses:CarrionFlame":21,"PaintedHorse:ReiMu":2,"infinitespire:Broken Mirror":8,"hubris:PeanutButter":6,"MealTicket":41,"rmod:firstchargereward":0,"LetterFromLob":1,"ReplayTheSpireMod:Lightbulb":9,"REME_ComplimentaryCards":0,"hubris:Reverence":32},{"conspire:Dentures":14,"Replay:Accelerometer":18,"aspiration:Lifesprig":26,"DaveBox":0,"aspiration:Nostalgia":0,"JellyFishMachine":0,"REME_DuelDisc":9,"SoulBox":20,"MagicDraw3":10,"PageOfLibrarian":0,"Nunchaku":8,"CaptainsWheel":15,"SynthV:TestCard":1,"wanderingMiniBosses:CarrionFlame":12,"PaintedHorse:ReiMu":1,"infinitespire:Broken Mirror":6,"hubris:PeanutButter":5,"MealTicket":25,"rmod:firstchargereward":0,"LetterFromLob":1,"ReplayTheSpireMod:Lightbulb":6,"REME_ComplimentaryCards":0,"hubris:Reverence":19},{"conspire:Dentures":46,"Replay:Accelerometer":56,"aspiration:Lifesprig":78,"DaveBox":0,"aspiration:Nostalgia":0,"JellyFishMachine":0,"REME_DuelDisc":33,"SoulBox":63,"MagicDraw3":34,"PageOfLibrarian":0,"Nunchaku":25,"CaptainsWheel":49,"SynthV:TestCard":2,"wanderingMiniBosses:CarrionFlame":41,"PaintedHorse:ReiMu":2,"infinitespire:Broken Mirror":21,"hubris:PeanutButter":16,"MealTicket":77,"rmod:firstchargereward":0,"LetterFromLob":2,"ReplayTheSpireMod:Lightbulb":21,"REME_ComplimentaryCards":0,"hubris:Reverence":57}]},"card_choices":[{"not_picked":["FervidEmotions","ViolentFlame","BiAn","StructuralAnalysis","Diversion","SteelKnuckles","GrazeTheGrass","UncannyStrike"],"picked":"Brawl","floor":1},{"not_picked":["SnakesPrey","FierceCharge","Unlock1","AbsorbImpact","FlowOfTheSword","MindPrepared","Thrust","EnergyCycle","SharpSwipe","Parry2"],"picked":"FlashingStrike","floor":3},{"not_picked":["SunsetBlade","IronWall","Creak","Parry2","ExtremeEdge","Leap_lor","ProselytesBlade","Standoff","Unlock1","SavageMode"],"picked":"FleetFootsteps","floor":4},{"not_picked":["GrazeTheGrass","EnergyStrike","Commandeering","InnerArdor","SharpSwipe","Parry","AsThePrescriptOrders","Thrust","IdentifyWeakpoint","PreemptiveStrike"],"picked":"CombatPreparation","floor":5},{"not_picked":["FierceCharge","AutomatedMovement","EnergyShield","CumulusWall","ToWhereThePrescriptPoints","WillBeTasty","AsThePrescriptOrders","PreemptiveStrike","GuardingStance","RhinoRam"],"picked":"CrackOfDawn","floor":6},{"not_picked":["IngredientHunt","YoureTooSlow","OpportunitySpotted","Disposal","DarkCloud","TendonChords","EndlessBattle","TimeForALittleTest","FlashOfSunup","FlamingDragonFist"],"picked":"RepressedFlesh","floor":8},{"not_picked":["ViolentFlame","BackAttack","SerpentSwordTechnique","Faith","StrongStrike","Gamble","GrazeTheGrass","ClassAndRespect","Parry2","Wallop_lor"],"picked":"CleanUp","floor":13},{"not_picked":["Standoff","SturdyDefense","SpearedSweep","Reload","Retaliate","EnergyStrike","BindingChains","Leap_lor","Juggling","MultiBlock"],"picked":"AbsorbImpact","floor":14},{"not_picked":["RepressedFlesh","Commandeering","Castigation","MirageStorm"],"picked":"Transpierce","floor":16},{"not_picked":["Marionette","IdentifyWeakpoint+1","AsThePrescriptOrders+1","FlashOfSunup","TheRedNotes","CleanUp","FierceCharge+1","SharpNails","ForTheFamily","GreatSerpentsImpact+1"],"picked":"HeavyPeaks","floor":18},{"not_picked":["Mutilate+1","FierceCharge","BiAn","Tailoring","BulkyImpact","RulesOfTheBackstreets","MultiHit","CombatPreparation","Parry","Rewind"],"picked":"TendonChords","floor":20},{"not_picked":["ProselytesBlade","HighKick","DarkCloud+1","SnakesPrey","BurningFlash+1","PuppetBlockade+1","BladeWhirl","GuardingStance","IdentifyWeakpoint","StrikeDown"],"picked":"BattleCommand+1","floor":21},{"not_picked":["GuardingStance","SomberProcuration+1","AsThePrescriptOrders","SuppressingShot","Pound","Outburst","Diversion+1","ClassAndRespect","Standoff+1","GuidanceOfTheGears"],"picked":"RipSpace","floor":22},{"not_picked":["PreemptiveStrike","SuppressingShot","BackAttack","DaringDecision","StructuralAnalysis","Quickness","Outburst","AbsorbImpact","DriedUp","Commandeering"],"picked":"QuickSuppression+1","floor":24},{"not_picked":["BackstreetsDash+1","Suppress","StrongStrike+1","CoordinatedAssault","Overcharge","WillOfThePrescript","SharpNails","FierceCharge","NightInTheBackstreets","AsThePrescriptOrders"],"picked":"GrazeTheGrass","floor":25},{"not_picked":["AutonomousRush","FlashOfSunup","Fence","Overpower","Faith","FleshFillet","SmokingPipe","SerpentSwordTechnique","Parry","FleetEdge"],"picked":"EnergyCycle","floor":27},{"not_picked":["SummaryJudgment","DevastatingThrash","KeepItFresh","Pound","AutonomousRush","LeRegole","ExtractFuel","SharpSwipe","Wallop_lor+1","DesperateStruggle+1"],"picked":"EnergyConversion+1","floor":28},{"not_picked":["FeatherShield","SmokingPipe","EnergyConversion+1","SunsetBlade","Overcharge","Zzzzzap","Leap_lor","FlamingDragonFist","ViolentFlame","Reload"],"picked":"InnerArdor","floor":30},{"not_picked":["Guardian_lor","Laceration+1","TasteMyFlamingBat","StrikeDown+1","Leap_lor+1","SetFire+1","IronWall","ClassAndRespect+1","BurningFlash","GuardingStance"],"picked":"WaitUp+1","floor":31},{"not_picked":["RipSpace","FleshFillet","MirageStorm","CleanUp"],"picked":"Disposal","floor":33},{"not_picked":["GreatSerpentsImpact","ChiWen","AutomatedMovement","WaitUp+1","GuidanceOfTheGears+1","ViolentFlame","SerpentSwordTechnique","Rampage_lor","RatsGuideToSurvival+1","Multislash"],"picked":"EndlessBattle+1","floor":35},{"not_picked":["IngredientHunt","IronWall","Rewind","CoordinatedAssault","GrazeTheGrass+1","Duel_lor","Outburst+1","OpportunitySpotted+1","Pound+1","Unlock1+1"],"picked":"Mutilate","floor":36},{"not_picked":["Fence","HighKick+1","FlashingStrike+1","GrazeTheGrass","Eliminate","EnergyStrike+1","TendonChords+1","DesperateStruggle+1","BackstreetsDash","QuickAttack+1"],"picked":"Reload+1","floor":38},{"not_picked":["YoureAHindrance","FieryWaltz+1","Gamble","HiddenBlade+1","GuidanceOfTheGears+1","QuickAttack","StartinOutLightly+1","SuppressingShot","ElectricShock+1","YourShield+1"],"picked":"Faith+1","floor":39},{"not_picked":["HiddenBlade","Pound+1","ShockingBlow","Faith+1","SenseQuarry","DimensionalRift","Tailoring+1","Outburst+1","ShockRound","Unlock1"],"picked":"EnergyCycle+1","floor":41},{"not_picked":["SunsetBlade","ExtremeEdge+1","BlowItUp","Reload","FleetEdge+1","GreatSerpentsImpact","Standoff","EnergyStrike+1","FlowOfTheSword+1","PinpointShot+1"],"picked":"GroundSmash","floor":42},{"not_picked":["BlazingStrike","AsThePrescriptOrders+1","Quickness+1","Standoff","Unlock1+1","SinglePointStab+1","Struggle+1","CoordinatedAssault+1","IronWall","BulkyImpact"],"picked":"ToOvercomeCrisis","floor":44},{"not_picked":["Pound+1","DesperateStruggle+1","Parry2+1","Outburst+1","UpbeatPerformance","NightInTheBackstreets","CoordinatedAssault+1","JiaoTu+1","SerpentSwordTechnique+1","SharpSwipe"],"picked":"Wallop_lor+1","floor":45},{"not_picked":["Quickness+1","Thrust","ViolentFlame","Thirst","UpbeatPerformance+1","BiAn+1","FeatherShield","DestructiveImpact","EndlessBattle+1","StrongStrike+1"],"picked":"SinglePointStab+1","floor":46},{"not_picked":["VenomousFangs","NightInTheBackstreets+1","Track+1","HandleRequest","ReadyUp","WillOfThePrescript+1","SpearedSweep+1","EndlessBattle+1","Juggling","DarkCloud+1"],"picked":"SunsetBlade+1","floor":47}],"player_experience":311886,"relics_obtained":[{"floor":1,"key":"SynthV:TestCard"},{"floor":1,"key":"LetterFromLob"},{"floor":6,"key":"hubris:PeanutButter"},{"floor":8,"key":"infinitespire:Broken Mirror"},{"floor":9,"key":"ReplayTheSpireMod:Lightbulb"},{"floor":15,"key":"Nunchaku"},{"floor":21,"key":"wanderingMiniBosses:CarrionFlame"},{"floor":24,"key":"conspire:Dentures"},{"floor":26,"key":"CaptainsWheel"},{"floor":30,"key":"Replay:Accelerometer"},{"floor":32,"key":"hubris:Reverence"},{"floor":41,"key":"MealTicket"},{"floor":43,"key":"aspiration:Lifesprig"}],"event_choices":[{"damage_healed":0,"gold_gain":0,"player_choice":"Donate","damage_taken":0,"relics_obtained":["PaintedHorse:ReiMu"],"max_hp_gain":0,"max_hp_loss":0,"event_name":"yidonshenshe","floor":2,"gold_loss":40},{"damage_healed":0,"gold_gain":0,"player_choice":"Got Potions","damage_taken":0,"max_hp_gain":0,"max_hp_loss":0,"event_name":"Lab","floor":11,"gold_loss":0}],"is_beta":false,"boss_relics":[{"not_picked":["Honey Jar","Coffee Dripper"],"picked":"REME_DuelDisc"},{"not_picked":["Runic Dome","aspiration:FutureDiary"],"picked":"SoulBox"}],"items_purged_floors":[],"is_endless":false,"potions_floor_spawned":[5,6,8,13,16,21,25,28,33,36,38,41,42,46,47],"ascension_level":1}}