{"host":"06x7ibqulglyn97c","time":1614238210,"event":{"mods":["AchievementEnabler","BaseMod","Minty Spire (QoL Compilation)","Rare Cards Sparkle","Relic Sorter","Relic Stats","StSLib","The Awakened One except there are too many feathers"],"gold_per_floor":[118,293,368,386,403,422,422,9,9,26,26,26,41,57,57,153,153,169,169,182,214,214,214,226,226,252,252,264,264,514,531,531,634,634,652,652,456,456,456,456,469,469,469,482,482,231,250,268,268,268],"floor_reached":51,"language":"ENG","playtime":2368,"items_purged":["Doubt","Writhe"],"score":979,"play_id":"c4044319-ff68-4d11-9d9a-ef81d26134b1","local_time":"20210225073010","is_ascension_mode":true,"campfire_choices":[{"floor":7,"key":"REST"},{"floor":12,"key":"REST"},{"data":"Storm","floor":15,"key":"SMITH"},{"floor":23,"key":"REST"},{"floor":25,"key":"REST"},{"floor":29,"key":"REST"},{"floor":32,"key":"REST"},{"data":"Static Discharge","floor":40,"key":"SMITH"},{"data":"Static Discharge","floor":42,"key":"SMITH"},{"floor":45,"key":"REST"},{"floor":49,"key":"REST"}],"circlet_count":0,"master_deck":["Strike_B+1","Strike_B+1","Strike_B+1","Defend_B+1","Defend_B+1","Defend_B+1","Defend_B+1","Zap+1","Dualcast","Static Discharge+1","Static Discharge+1","Storm+1","Barrage","Defragment","Thunder Strike","Conserve Battery","Static Discharge+1","Electrodynamics","Conserve Battery"],"relics":["Cracked Core","Nuclear Battery","Singing Bowl","Meat on the Bone","Red Mask","Potion Belt","Old Coin","SlaversCollar","InkBottle","Mummified Hand"],"acts_visited":["Exordium","TheCity","TheBeyond"],"potions_floor_usage":[8,10,16,21,24,33,33,50,50,50,50,50],"damage_taken":[{"damage":1,"enemies":"2 Louse","floor":1,"turns":2},{"damage":8,"enemies":"Small Slimes","floor":4,"turns":3},{"damage":7,"enemies":"Jaw Worm","floor":5,"turns":3},{"damage":11,"enemies":"Exordium Thugs","floor":6,"turns":4},{"damage":7,"enemies":"Looter","floor":10,"turns":3},{"damage":12,"enemies":"2 Fungi Beasts","floor":13,"turns":3},{"damage":10,"enemies":"Large Slime","floor":14,"turns":5},{"damage":29,"enemies":"Hexaghost","floor":16,"turns":5},{"damage":24,"enemies":"Shell Parasite","floor":18,"turns":3},{"damage":2,"enemies":"Chosen","floor":20,"turns":3},{"damage":38,"enemies":"Masked Bandits","floor":21,"turns":3},{"damage":31,"enemies":"Snake Plant","floor":24,"turns":3},{"damage":32,"enemies":"3 Cultists","floor":28,"turns":3},{"damage":13,"enemies":"Snecko","floor":31,"turns":3},{"damage":58,"enemies":"Automaton","floor":33,"turns":8},{"damage":14,"enemies":"3 Darklings","floor":35,"turns":2},{"damage":12,"enemies":"Orb Walker","floor":41,"turns":3},{"damage":7,"enemies":"4 Shapes","floor":44,"turns":3},{"damage":28,"enemies":"Sphere and 2 Shapes","floor":47,"turns":3},{"damage":24,"enemies":"Writhing Mass","floor":48,"turns":4},{"damage":46,"enemies":"Time Eater","floor":50,"turns":5}],"seed_played":"-8722640137148642317","potions_obtained":[{"floor":5,"key":"LiquidBronze"},{"floor":10,"key":"Fruit Juice"},{"floor":14,"key":"SkillPotion"},{"floor":16,"key":"Strength Potion"},{"floor":24,"key":"SteroidPotion"},{"floor":28,"key":"Dexterity Potion"},{"floor":31,"key":"Dexterity Potion"},{"floor":33,"key":"SteroidPotion"},{"floor":35,"key":"EssenceOfSteel"},{"floor":41,"key":"PotionOfCapacity"}],"is_trial":false,"path_per_floor":["M","?","?","M","M","M","R","$","T","M","$","R","M","M","R","B",null,"M","?","M","?","?","R","M","R","T","?","M","R","?","M","R","B",null,"M","?","$","?","?","R","M","R","T","M","R","$","M","M","R","B",null],"character_chosen":"DEFECT","items_purchased":["Singing Bowl","Fruit Juice","CultistPotion","Mummified Hand"],"campfire_rested":8,"item_purchase_floors":[8,8,37,46],"current_hp_per_floor":[67,67,56,48,41,30,52,57,57,57,57,83,71,61,61,44,76,52,52,52,28,28,55,36,63,63,63,45,72,72,61,89,43,82,68,92,92,94,94,94,84,84,84,79,101,101,75,65,96,62],"gold":268,"neow_bonus":"UPGRADE_CARD","is_daily":false,"chose_seed":false,"campfire_upgraded":3,"win_rate":0.0,"timestamp":1614238210,"path_taken":["M","?","?","M","M","M","R","$","T","M","?","R","M","M","R","BOSS","M","?","M","?","?","R","M","R","T","?","?","R","?","?","R","BOSS","M","?","$","?","?","R","M","R","T","M","R","$","M","M","R","BOSS"],"items_purchased_type":["Relic","Potion","Potion","Relic"],"build_version":"2020-12-22","purchased_purges":2,"victory":true,"max_hp_per_floor":[75,75,75,75,75,75,75,80,80,87,87,87,87,87,87,87,87,87,87,89,91,91,91,91,91,91,91,93,93,93,95,95,95,95,95,95,95,97,97,97,99,99,99,101,101,101,103,105,105,105],"relic_stats":{"Singing Bowl":20,"counters":[21,74],"Mummified Hand":[15],"obtain_stats":[{"Potion Belt":26,"SlaversCollar":34,"Singing Bowl":8,"Mummified Hand":46,"Red Mask":21,"Cracked Core":0,"InkBottle":43,"Meat on the Bone":9,"Nuclear Battery":17,"Old Coin":30},{"Potion Belt":12,"SlaversCollar":15,"Singing Bowl":4,"Mummified Hand":18,"Red Mask":11,"Cracked Core":0,"InkBottle":17,"Meat on the Bone":4,"Nuclear Battery":8,"Old Coin":13},{"Potion Belt":40,"SlaversCollar":54,"Singing Bowl":12,"Mummified Hand":62,"Red Mask":37,"Cracked Core":0,"InkBottle":59,"Meat on the Bone":12,"Nuclear Battery":28,"Old Coin":43}],"InkBottle":[5],"Meat on the Bone":84},"card_choices":[{"not_picked":["Steam","Doom and Gloom"],"picked":"Static Discharge","floor":1},{"not_picked":["Steam","Fusion"],"picked":"Static Discharge","floor":4},{"not_picked":["Coolheaded","Rebound"],"picked":"Storm","floor":5},{"not_picked":["Darkness","Undo","Scrape"],"picked":"SKIP","floor":6},{"not_picked":["Skim","Rebound","Force Field"],"picked":"Singing Bowl","floor":10},{"not_picked":["Redo","Doom and Gloom"],"picked":"Barrage","floor":13},{"not_picked":["Skim","Go for the Eyes"],"picked":"Defragment","floor":14},{"not_picked":["Hyperbeam","Core Surge"],"picked":"Thunder Strike","floor":16},{"not_picked":["Reprogram","Steam"],"picked":"Conserve Battery","floor":18},{"not_picked":["Hologram","Cold Snap+1","Redo"],"picked":"Singing Bowl","floor":20},{"not_picked":["Static Discharge","Gash","Steam+1"],"picked":"Singing Bowl","floor":21},{"not_picked":["Reinforced Body","Rebound"],"picked":"Static Discharge+1","floor":24},{"not_picked":["Blizzard+1","Ball Lightning","Beam Cell+1"],"picked":"Singing Bowl","floor":28},{"not_picked":["Core Surge","Compile Driver","Gash"],"picked":"Singing Bowl","floor":31},{"not_picked":["Amplify","All For One"],"picked":"Electrodynamics","floor":33},{"not_picked":["Barrage","Loop+1"],"picked":"Conserve Battery","floor":35},{"not_picked":["Mind Blast","Trip","Forethought"],"picked":"Singing Bowl","floor":38},{"not_picked":["Turbo+1","Hologram+1","Beam Cell+1"],"picked":"Singing Bowl","floor":41},{"not_picked":["Sweeping Beam+1","Leap+1","Fusion+1"],"picked":"Singing Bowl","floor":44},{"not_picked":["Cold Snap","Darkness+1","Redo"],"picked":"Singing Bowl","floor":47},{"not_picked":["Gash","Steam+1","Rip and Tear"],"picked":"Singing Bowl","floor":48}],"player_experience":694247,"relics_obtained":[{"floor":9,"key":"Meat on the Bone"},{"floor":21,"key":"Red Mask"},{"floor":26,"key":"Potion Belt"},{"floor":43,"key":"InkBottle"}],"event_choices":[{"damage_healed":0,"gold_gain":175,"player_choice":"AGREE","damage_taken":0,"max_hp_gain":0,"max_hp_loss":0,"event_name":"Liars Game","floor":2,"gold_loss":0,"cards_obtained":["Doubt"]},{"damage_healed":0,"gold_gain":75,"player_choice":"Gather Gold","damage_taken":11,"max_hp_gain":0,"max_hp_loss":0,"event_name":"World of Goop","floor":3,"gold_loss":0},{"damage_healed":0,"gold_gain":0,"player_choice":"Ignored","damage_taken":0,"max_hp_gain":0,"max_hp_loss":0,"event_name":"Vampires","floor":19,"gold_loss":0},{"damage_healed":0,"gold_gain":0,"player_choice":"Fought Bandits","damage_taken":0,"max_hp_gain":0,"max_hp_loss":0,"event_name":"Masked Bandits","floor":21,"gold_loss":0},{"damage_healed":0,"gold_gain":0,"player_choice":"Ignored","damage_taken":0,"max_hp_gain":0,"max_hp_loss":0,"event_name":"Cursed Tome","floor":22,"gold_loss":0},{"damage_healed":0,"gold_gain":0,"player_choice":"Simplicity","damage_taken":0,"max_hp_gain":0,"max_hp_loss":0,"event_name":"Back to Basics","floor":27,"gold_loss":0,"cards_upgraded":["Strike_B","Strike_B","Strike_B","Strike_B","Defend_B","Defend_B","Defend_B","Defend_B"]},{"damage_healed":0,"gold_gain":0,"player_choice":"Paid Gold","damage_taken":0,"relics_obtained":["Old Coin"],"max_hp_gain":0,"max_hp_loss":0,"event_name":"WeMeetAgain","floor":30,"gold_loss":50},{"damage_healed":24,"gold_gain":0,"player_choice":"Writhe","damage_taken":0,"max_hp_gain":0,"max_hp_loss":0,"event_name":"Winding Halls","floor":36,"gold_loss":0,"cards_obtained":["Writhe"]},{"damage_healed":0,"gold_gain":0,"player_choice":"Memory 1","damage_taken":0,"max_hp_gain":0,"max_hp_loss":0,"event_name":"SensoryStone","floor":38,"gold_loss":0},{"cards_removed":["Strike_B"],"damage_healed":0,"gold_gain":0,"player_choice":"Offered Basic","damage_taken":0,"max_hp_gain":0,"max_hp_loss":0,"event_name":"Bonfire Elementals","floor":39,"gold_loss":0}],"is_beta":false,"boss_relics":[{"not_picked":["Astrolabe","Pandora\u0027s Box"],"picked":"Nuclear Battery"},{"not_picked":["Coffee Dripper","Empty Cage"],"picked":"SlaversCollar"}],"items_purged_floors":[8,37],"is_endless":false,"potions_floor_spawned":[5,10,14,16,24,28,31,33,35,41,44,47],"ascension_level":9}}