{"host":"np9ouipdmi0bkas5","time":1614247127,"event":{"mods":["AchievementEnabler","Aspiration","BaseMod","Better Altar","Better Match","Better Skull","Better Third Choice","Colored Map","Downfall","Highlight Path","Hubris","Infinite Spire","Minty Spire (QoL Compilation)","Replay The Spire","StSLib"],"gold_per_floor":[116,132,132,142,142,177,208,228,228,254,109,147,165,205,205,335,335,351,351,374,399,399,440,440,484,484,484,484,522,536,549,549,549,549],"floor_reached":33,"language":"ENG","playtime":1437,"items_purged":[],"score":403,"play_id":"49f2edff-7abf-46d8-89ca-e956dff62637","local_time":"20210225015847","is_ascension_mode":true,"campfire_choices":[{"floor":15,"key":"REST"},{"floor":24,"key":"REST"},{"floor":27,"key":"REST"},{"floor":32,"key":"REST"}],"circlet_count":0,"master_deck":["Strike_G","Strike_G","Strike_G","Strike_G","Defend_G","Defend_G","Defend_G","Defend_G","Survivor","Neutralize","Hidden Blade","Corpse Explosion+1","Backflip","Bane","Flechettes","Bane","Corpse Explosion","Crippling Poison","Blade Dance","Poison Darts","Replay:Bag of Tricks","Deflect","Toxin Wave+1","Concentrate","Caltrops","Noxious Fumes","Footwork+1","Deadly Poison+1"],"relics":["Ring of the Snake","NeowsBlessing","Golden Idol","infinitespire:Beetle Shell","Odd Mushroom","infinitespire:Satchel","Orrery","aspiration:TomeofQuesting","Snake Skull","hubris:TerracottaHorce","MutagenicStrength","Pocketwatch","aspiration:Lifesprig","Garlic","Art of War"],"acts_visited":["Exordium","TheCity"],"potions_floor_usage":[7,12,13,16,16,25,25,30,31],"damage_taken":[{"damage":0,"enemies":"Jaw Worm","floor":1,"turns":1},{"damage":0,"enemies":"2 Louse","floor":2,"turns":1},{"damage":0,"enemies":"Cultist","floor":4,"turns":1},{"damage":10,"enemies":"Replay:BlueRogue","floor":6,"turns":5},{"damage":0,"enemies":"The Mushroom Lair","floor":7,"turns":2},{"damage":8,"enemies":"Looter","floor":8,"turns":4},{"damage":16,"enemies":"3 Sentries","floor":12,"turns":3},{"damage":0,"enemies":"3 Louse","floor":13,"turns":2},{"damage":17,"enemies":"Lagavulin","floor":14,"turns":5},{"damage":15,"enemies":"Hexaghost","floor":16,"turns":8},{"damage":2,"enemies":"Chosen","floor":18,"turns":3},{"damage":16,"enemies":"Spheric Guardian","floor":20,"turns":4},{"damage":11,"enemies":"Snecko","floor":21,"turns":4},{"damage":14,"enemies":"Gremlin Leader","floor":23,"turns":4},{"damage":4,"enemies":"Replay:Snechameleon","floor":25,"turns":2},{"damage":19,"enemies":"Slavers","floor":29,"turns":3},{"damage":12,"enemies":"Snake Plant","floor":30,"turns":3},{"damage":0,"enemies":"Centurion and Healer","floor":31,"turns":2},{"damage":45,"enemies":"hubris:MusketHawk","floor":33,"turns":6}],"seed_played":"6675844899541564733","potions_obtained":[{"floor":1,"key":"SpeedPotion"},{"floor":6,"key":"ColorlessPotion"},{"floor":8,"key":"Explosive Potion"},{"floor":12,"key":"ColorlessPotion"},{"floor":14,"key":"AttackPotion"},{"floor":20,"key":"FearPotion"},{"floor":21,"key":"GamblersBrew"},{"floor":23,"key":"CunningPotion"},{"floor":25,"key":"FearPotion"}],"is_trial":false,"path_per_floor":["M","M","?","M","?","E","?","M","T","T","$","E","M","E","R","B",null,"M","?","M","M","?","E","R","E","T","R","?","E","M","M","R","B"],"character_chosen":"THE_SILENT","items_purchased":["Orrery"],"campfire_rested":4,"item_purchase_floors":[11],"current_hp_per_floor":[70,70,70,70,65,55,55,47,47,47,47,31,31,14,33,18,53,51,51,35,24,24,10,29,25,25,44,44,25,13,13,32,0,0],"gold":549,"neow_bonus":"THREE_ENEMY_KILL","is_daily":false,"chose_seed":false,"campfire_upgraded":0,"win_rate":0.0,"timestamp":1614247127,"path_taken":["M","M","?","M","?","E","?","M","T","?","?","E","M","E","R","BOSS","M","?","M","?","?","E","R","E","T","R","?","E","M","M","R","BOSS"],"items_purchased_type":["Relic"],"build_version":"2020-12-22","purchased_purges":0,"victory":false,"max_hp_per_floor":[70,70,70,70,65,65,65,65,65,65,65,65,65,65,65,65,65,65,65,65,65,65,65,65,65,65,65,65,65,65,65,65,65,65],"card_choices":[{"not_picked":["Masterful Stab","Sucker Punch","Dodge and Roll"],"picked":"SKIP","floor":1},{"not_picked":["Dodge and Roll","Sucker Punch"],"picked":"Hidden Blade","floor":2},{"not_picked":["PiercingWail","Deflect"],"picked":"Backflip","floor":4},{"not_picked":["Tools of the Trade","Riddle With Holes","Endless Agony"],"picked":"SKIP","floor":6},{"not_picked":["Infinite Blades","ReplayTheSpireMod:Speed Training"],"picked":"Bane","floor":7},{"not_picked":["PiercingWail","Outmaneuver"],"picked":"Flechettes","floor":8},{"not_picked":["Setup","Outmaneuver"],"picked":"Bane","floor":11},{"not_picked":["Dagger Throw","Dodge and Roll"],"picked":"Corpse Explosion","floor":11},{"not_picked":["Quick Slash","Outmaneuver"],"picked":"Crippling Poison","floor":11},{"not_picked":["Quick Slash","Heel Hook","Flying Knee"],"picked":"SKIP","floor":12},{"not_picked":["Well Laid Plans","Eviscerate"],"picked":"Blade Dance","floor":13},{"not_picked":["Dagger Throw","Backflip"],"picked":"Poison Darts","floor":14},{"not_picked":["Doppelganger","Tools of the Trade"],"picked":"Replay:Bag of Tricks","floor":16},{"not_picked":["Dash","Flying Knee+1"],"picked":"Deflect","floor":18},{"not_picked":["hubris:Counter","Crippling Poison"],"picked":"Toxin Wave+1","floor":20},{"not_picked":["Prepared","Sucker Punch+1"],"picked":"Concentrate","floor":21},{"not_picked":["Wraith Form v2","Backflip+1"],"picked":"Caltrops","floor":23},{"not_picked":["Quick Slash","Skewer+1","Setup"],"picked":"SKIP","floor":25},{"not_picked":["Terror","Dagger Throw+1"],"picked":"Noxious Fumes","floor":29},{"not_picked":["Flying Knee","ReplayTheSpireMod:Tripwire"],"picked":"Footwork+1","floor":30},{"not_picked":["Backflip+1","Sucker Punch"],"picked":"Deadly Poison+1","floor":31}],"player_experience":142032,"relics_obtained":[{"floor":6,"key":"infinitespire:Beetle Shell"},{"floor":7,"key":"Odd Mushroom"},{"floor":10,"key":"infinitespire:Satchel"},{"floor":12,"key":"aspiration:TomeofQuesting"},{"floor":14,"key":"Snake Skull"},{"floor":23,"key":"Pocketwatch"},{"floor":25,"key":"aspiration:Lifesprig"},{"floor":26,"key":"Garlic"},{"floor":29,"key":"Art of War"}],"event_choices":[{"damage_healed":0,"gold_gain":0,"player_choice":"Lose Max HP","damage_taken":0,"relics_obtained":["Golden Idol"],"max_hp_gain":0,"max_hp_loss":5,"event_name":"Golden Idol","floor":5,"gold_loss":0},{"damage_healed":0,"gold_gain":0,"player_choice":"Fought Mushrooms","damage_taken":0,"max_hp_gain":0,"max_hp_loss":0,"event_name":"Mushrooms","floor":7,"gold_loss":0},{"cards_removed":["Strike_G"],"damage_healed":0,"gold_gain":0,"player_choice":"Offered Basic","damage_taken":0,"max_hp_gain":0,"max_hp_loss":0,"event_name":"Bonfire Elementals","floor":19,"gold_loss":0},{"damage_healed":0,"gold_gain":0,"player_choice":"Inject Mutagens","damage_taken":0,"relics_obtained":["MutagenicStrength"],"max_hp_gain":0,"max_hp_loss":0,"event_name":"Drug Dealer","floor":22,"gold_loss":0},{"damage_healed":0,"gold_gain":0,"player_choice":"Ignored","damage_taken":0,"max_hp_gain":0,"max_hp_loss":0,"event_name":"Cursed Tome","floor":28,"gold_loss":0}],"is_beta":false,"boss_relics":[{"not_picked":["bronze:MakeshiftBattery","Coffee Dripper"],"picked":"hubris:TerracottaHorce"}],"items_purged_floors":[],"is_endless":false,"potions_floor_spawned":[1,6,8,12,14,20,21,23,25],"killed_by":"hubris:MusketHawk","ascension_level":3}}