{"host":"uyfpom4rlahfoee4","time":1614295121,"event":{"mods":["BaseMod","Downfall","Minty Spire (QoL Compilation)","StSLib"],"gold_per_floor":[99,116,135,585,600,500,500,513,413,413,432,86,86,101,121,121,121,121],"floor_reached":16,"language":"ENG","playtime":623,"items_purged":[],"score":94,"play_id":"b60124e1-c174-4471-a4a8-56e511e4d518","local_time":"20210225151841","is_ascension_mode":false,"campfire_choices":[{"floor":1,"key":"RECALL"},{"data":"bronze:BronzeArmor","floor":6,"key":"SMITH"},{"data":"bronze:Separator","floor":9,"key":"SMITH"}],"circlet_count":0,"master_deck":["bronze:Strike","bronze:Strike","bronze:Strike","bronze:Strike","bronze:Defend","bronze:Defend","bronze:Defend","bronze:Defend","bronze:Replicate+1","bronze:Goto","bronze:DelayedSlice","bronze:Shield","downfall:Icky","downfall:Icky","downfall:Icky","bronze:BronzeArmor+1","bronze:Separator+1","Parasite","bronze:Repair","bronze:Deprecate","bronze:Backtrace","bronze:WhirlingStrike","bronze:WildBeam"],"relics":["bronze:BronzeCore","downfall:HeartBlessingRed","downfall:HeartBlessingBlue","Eternal Feather"],"acts_visited":["Exordium"],"potions_floor_usage":[],"damage_taken":[{"damage":0,"enemies":"2 Louse","floor":2,"turns":2},{"damage":0,"enemies":"Cultist","floor":3,"turns":3},{"damage":2,"enemies":"Small Slimes","floor":5,"turns":3},{"damage":17,"enemies":"3 Louse","floor":8,"turns":3},{"damage":5,"enemies":"downfall:LooterAlt","floor":11,"turns":3},{"damage":0,"enemies":"downfall:FleeingMerchant","floor":12,"turns":4},{"damage":4,"enemies":"Exordium Wildlife","floor":14,"turns":4},{"damage":1,"enemies":"Blue Slaver","floor":15,"turns":3},{"damage":83,"enemies":"WA_ARCHETYPE_RETAIN","floor":16,"turns":9}],"seed_played":"4431339324132414382","potions_obtained":[{"floor":3,"key":"DuplicationPotion"},{"floor":8,"key":"BlessingOfTheForge"},{"floor":11,"key":"bronze:FreeFunctionsPotion"}],"is_trial":false,"path_per_floor":["R","M","M","?","M","R","T","M","R","?","M","$","?","M","M","B"],"character_chosen":"THE_AUTOMATON","items_purchased":["bronze:Backtrace","Eternal Feather"],"campfire_rested":0,"item_purchase_floors":[12,12],"current_hp_per_floor":[70,70,70,70,68,68,68,51,61,80,75,80,80,76,79,3,3,3],"gold":121,"neow_bonus":"UPGRADE_CARD","is_daily":false,"chose_seed":false,"campfire_upgraded":2,"win_rate":0.0,"timestamp":1614295121,"path_taken":["R","M","M","?","M","R","T","M","R","?","M","$","?","?","M","BOSS"],"items_purchased_type":["Card","Relic"],"build_version":"2020-12-22","purchased_purges":0,"victory":false,"max_hp_per_floor":[70,70,70,70,70,70,70,70,80,80,80,80,80,80,80,80,80,80],"card_choices":[{"not_picked":["bronze:WildBeam","bronze:FineTuning"],"picked":"bronze:DelayedSlice","floor":2},{"not_picked":["bronze:Overload","bronze:DigitalCarnage"],"picked":"bronze:Shield","floor":3},{"not_picked":["bronze:NullPointer","bronze:DelayedSlice"],"picked":"bronze:BronzeArmor","floor":5},{"not_picked":["bronze:BuggyMess","bronze:Overheat"],"picked":"bronze:Separator","floor":8},{"not_picked":["bronze:BuggyMess","bronze:Deprecate"],"picked":"bronze:Repair","floor":11},{"not_picked":["bronze:CutThrough","bronze:BitShift"],"picked":"bronze:Deprecate","floor":12},{"not_picked":["bronze:CutThrough","bronze:FindAndReplace"],"picked":"bronze:WhirlingStrike","floor":14},{"not_picked":["bronze:DigitalCarnage","bronze:ForceShield"],"picked":"bronze:WildBeam","floor":15}],"player_experience":216028,"relics_obtained":[],"event_choices":[{"damage_healed":20,"gold_gain":0,"player_choice":"Healed and dodged fight","damage_taken":0,"max_hp_gain":0,"max_hp_loss":0,"event_name":"Mushrooms","floor":10,"gold_loss":0,"cards_obtained":["Parasite"]}],"is_beta":false,"boss_relics":[],"items_purged_floors":[],"is_endless":false,"potions_floor_spawned":[3,8,11],"killed_by":"WA_ARCHETYPE_RETAIN","ascension_level":0}}