{"host":"38p8qnzhmsyj15s2","time":1614266522,"event":{"mods":["AchievementEnabler","Act Like it!","Aspiration","Bard","BaseMod","Better Note","Better Third Choice","BetterRewards","Challenge The Spire","Colored Powertips","Conspire","DeckTracker","Defuse TimeMaze Blight","Downfall","Energized Spire","GifTheSpireLib","GungeonMod","Halation","Hermit","Hubris","Infinite Spire","Jorbs\u0027s Wanderer Trilogy","Minty Spire (QoL Compilation)","Quick Restart","Random Character Button","Rare Cards Sparkle","Relic Sorter","Replay The Spire","Robot Space Explorer","StSLib","The Cursed","The Disciple","The Hayseed","The Hierophant","The Jungle","The Marked","The Mystic","The Poker Player","The Servant 0.9.4","TheBandit","TheFirefly","Wandering Minibosses","everything is the same but u backflip on backflip"],"gold_per_floor":[115,134,153,133,152,152,177,189,189,199,199,224,224,244,244,345,345,360,373,385,164,164,164,177,205,228,228,228,241,241,241],"floor_reached":30,"language":"ENG","playtime":3263,"items_purged":["mysticmod:Defend_Mystic"],"score":314,"play_id":"c9e22757-acd5-4995-9f7d-b61ab1a86f8f","local_time":"20210225152202","is_ascension_mode":false,"campfire_choices":[{"data":"mysticmod:PureInstinct","floor":6,"key":"SMITH"},{"data":"mysticmod:ComponentsPouch","floor":11,"key":"SMITH"},{"data":"mysticmod:ComboCaster","floor":13,"key":"SMITH"},{"data":"mysticmod:EarthenWall","floor":15,"key":"SMITH"},{"data":"mysticmod:Discipline","floor":23,"key":"SMITH"},{"data":"mysticmod:Probe","floor":28,"key":"SMITH"}],"circlet_count":0,"master_deck":["Pot Of Greed+1","mysticmod:Strike_Mystic","mysticmod:Strike_Mystic","mysticmod:Strike_Mystic","mysticmod:Strike_Mystic","mysticmod:Defend_Mystic","mysticmod:Defend_Mystic","mysticmod:Defend_Mystic","mysticmod:ArcaneDodge","mysticmod:ShockingGrasp","mysticmod:ComboCaster+1","mysticmod:PureInstinct+1","mysticmod:MagicWeapon+1","mysticmod:PunishingArmor","mysticmod:LightningBolt","mysticmod:Flourish","mysticmod:ComponentsPouch+1","mysticmod:EarthenWall+1","mysticmod:Alacrity","mysticmod:Spellstrike+1","mysticmod:BladedDash+1","mysticmod:Discipline+1","mysticmod:Daze","Metamorphosis","mysticmod:Probe+1","mysticmod:CorrosiveTouch","Necronomicurse","mysticmod:DiviningBlow"],"relics":["mysticmod:SpellBook","infinitespire:Eraser","aspiration:Lifesprig","MealTicket","Replay:Bottled Steam","hubris:Backtick","Guide Book","halation:KoshaPiece","Toy Ornithopter","Necronomicon"],"acts_visited":["Exordium","TheCity"],"potions_floor_usage":[7,7,12,16,20,25,29,30,30],"damage_taken":[{"damage":0,"enemies":"Cultist","floor":1,"turns":5},{"damage":2,"enemies":"Jaw Worm","floor":2,"turns":4},{"damage":6,"enemies":"Small Slimes","floor":3,"turns":4},{"damage":9,"enemies":"2 Fungi Beasts","floor":5,"turns":4},{"damage":3,"enemies":"Lagavulin","floor":7,"turns":6},{"damage":2,"enemies":"Looter","floor":8,"turns":3},{"damage":12,"enemies":"conspire:2 RoseBushes","floor":10,"turns":5},{"damage":15,"enemies":"3 Sentries","floor":12,"turns":5},{"damage":3,"enemies":"Lots of Slimes","floor":14,"turns":4},{"damage":0,"enemies":"Hexaghost","floor":16,"turns":9},{"damage":0,"enemies":"Chosen","floor":18,"turns":3},{"damage":0,"enemies":"conspire:FuzzyDice","floor":19,"turns":6},{"damage":33,"enemies":"Centurion and Healer","floor":20,"turns":5},{"damage":10,"enemies":"Cultist and Chosen","floor":24,"turns":5},{"damage":4,"enemies":"conspire:Head Lice","floor":25,"turns":5},{"damage":15,"enemies":"Snecko","floor":29,"turns":5},{"damage":18,"enemies":"Slavers","floor":30,"turns":2}],"seed_played":"2795467238123991119","potions_obtained":[{"floor":2,"key":"Milkshake"},{"floor":3,"key":"LiquidBronze"},{"floor":4,"key":"hexamod:SoulburnPotion"},{"floor":7,"key":"BlessingOfTheForge"},{"floor":10,"key":"DemoMod:LeadSkinPotion"},{"floor":12,"key":"GamblersBrew"},{"floor":18,"key":"Weak Potion"},{"floor":25,"key":"hexamod:SoulburnPotion"},{"floor":29,"key":"CultistPotion"}],"is_trial":false,"path_per_floor":["M","M","M","?","M","R","E","M","T","M","R","E","R","M","R","B",null,"M","M","M","$","?","R","M","E","T","?","R","M","E"],"character_chosen":"MYSTIC_CLASS","items_purchased":["aspiration:Lifesprig"],"campfire_rested":0,"item_purchase_floors":[21],"current_hp_per_floor":[84,82,76,76,67,67,64,62,62,50,50,35,35,32,32,32,84,84,84,51,66,66,66,56,52,52,36,36,26,0,0],"gold":241,"neow_bonus":"TEN_PERCENT_HP_BONUS","is_daily":false,"chose_seed":false,"campfire_upgraded":6,"win_rate":0.0,"timestamp":1614266522,"path_taken":["M","?","M","?","?","R","E","M","T","M","R","E","R","M","R","BOSS","M","M","M","$","?","R","M","E","T","?","R","M","E"],"items_purchased_type":["Relic"],"build_version":"2020-12-22","purchased_purges":1,"victory":false,"max_hp_per_floor":[84,84,84,84,84,84,84,84,84,84,84,84,84,84,84,84,84,84,84,84,84,84,84,84,84,84,84,84,84,84,84],"card_choices":[{"not_picked":["mysticmod:Riposte","mysticmod:LightningBolt"],"picked":"mysticmod:ComboCaster","floor":1},{"not_picked":["mysticmod:BulkUp","mysticmod:Probe"],"picked":"mysticmod:PureInstinct","floor":2},{"not_picked":["mysticmod:CorrosiveTouch","mysticmod:Probe"],"picked":"mysticmod:MagicWeapon","floor":3},{"not_picked":["mysticmod:Shield","mysticmod:PowerSlash"],"picked":"mysticmod:PunishingArmor","floor":5},{"not_picked":["mysticmod:Shield","mysticmod:Riposte"],"picked":"mysticmod:LightningBolt","floor":7},{"not_picked":["mysticmod:Probe","mysticmod:Shield"],"picked":"mysticmod:Flourish","floor":8},{"not_picked":["mysticmod:DiviningBlow","mysticmod:MightyMagic"],"picked":"mysticmod:ComponentsPouch","floor":10},{"not_picked":["mysticmod:CorrosiveTouch","mysticmod:Daze"],"picked":"mysticmod:EarthenWall","floor":12},{"not_picked":["mysticmod:VorpalThrust","mysticmod:Riposte"],"picked":"mysticmod:Alacrity","floor":14},{"not_picked":["mysticmod:SpontaneousCaster","mysticmod:Natural20"],"picked":"mysticmod:Spellstrike","floor":16},{"not_picked":["mysticmod:Alacrity","mysticmod:Grease"],"picked":"mysticmod:BladedDash+1","floor":18},{"not_picked":["mysticmod:VorpalThrust","mysticmod:PureInstinct"],"picked":"mysticmod:Discipline","floor":19},{"not_picked":["mysticmod:IllusionOfCalm","mysticmod:Sideswipe"],"picked":"mysticmod:Daze","floor":20},{"not_picked":["mysticmod:Snowball","mysticmod:BulkUp+1"],"picked":"mysticmod:Probe","floor":24},{"not_picked":["mysticmod:EbbAndFlow","mysticmod:BladedDash+1"],"picked":"mysticmod:CorrosiveTouch","floor":25},{"not_picked":["mysticmod:PreparedCaster","mysticmod:Feint"],"picked":"mysticmod:DiviningBlow","floor":29}],"player_experience":70891,"relics_obtained":[{"floor":7,"key":"MealTicket"},{"floor":9,"key":"infinitespire:Eraser"},{"floor":12,"key":"Replay:Bottled Steam"},{"floor":25,"key":"halation:KoshaPiece"},{"floor":26,"key":"Toy Ornithopter"},{"floor":27,"key":"Necronomicon"}],"event_choices":[{"damage_healed":0,"gold_gain":0,"player_choice":"Bought 1 Potion","damage_taken":0,"max_hp_gain":0,"max_hp_loss":0,"event_name":"The Woman in Blue","floor":4,"gold_loss":0},{"cards_removed":["mysticmod:MagicWeapon"],"damage_healed":0,"gold_gain":0,"player_choice":"Take \u0026 Give","damage_taken":0,"max_hp_gain":0,"max_hp_loss":0,"event_name":"betterNote:BetterNote","floor":22,"gold_loss":0,"cards_obtained":["Metamorphosis"]},{"damage_healed":0,"gold_gain":0,"player_choice":"Obtained Book","damage_taken":16,"max_hp_gain":0,"max_hp_loss":0,"event_name":"Cursed Tome","floor":27,"gold_loss":0}],"is_beta":false,"boss_relics":[{"not_picked":["Cursed Key","halation:MonkeysPaw"],"picked":"hubris:Backtick"}],"items_purged_floors":[21],"is_endless":false,"potions_floor_spawned":[2,3,7,10,12,18,25,29],"killed_by":"Slavers","ascension_level":0}}