{"host":"upxylo0gv9lknfjc","time":1614229355,"event":{"mods":["2.2 Compatiblity","BaseMod","Colored Map","Downfall","GungeonMod","Hermit","Lobotomy","Minty Spire (QoL Compilation)","StSLib","The Bug Knight","The Cursed","The Dragon Tamer","The Gatherer","The Hierophant","The Jungle","The Poker Player","The Runesmith"],"gold_per_floor":[99,119,138,158,608,608,608,608,353,372,372,172,172,199,210,210,210,210],"floor_reached":16,"language":"ENG","playtime":1264,"items_purged":["downfall:Icky"],"score":100,"play_id":"0390683c-22b5-4749-a56f-066c6649f697","local_time":"20210225140235","is_ascension_mode":false,"campfire_choices":[{"floor":1,"key":"RECALL"},{"data":"bronze:Spike","floor":12,"key":"SMITH"}],"circlet_count":0,"master_deck":["bronze:Strike","bronze:Strike","bronze:Strike","bronze:Strike","bronze:Defend","bronze:Defend","bronze:Defend","bronze:Defend","bronze:Replicate","bronze:Goto","bronze:Turbo","bronze:OilSpill","bronze:Repulsor","downfall:Icky","downfall:Icky","bronze:Spike+1","bronze:NullPointer","bronze:WhirlingStrike","bronze:ForLoop","bronze:Overheat","bronze:Frontload"],"relics":["bronze:BronzeCore","Centennial Puzzle","Oddly Smooth Stone","downfall:ShatteredFragment","downfall:HeartBlessingRed","downfall:HeartBlessingBlue","Bronze Scales","Potion Belt"],"acts_visited":["Exordium"],"potions_floor_usage":[16,16,16],"damage_taken":[{"damage":1,"enemies":"Jaw Worm","floor":2,"turns":4},{"damage":1,"enemies":"Small Slimes","floor":3,"turns":4},{"damage":0,"enemies":"Cultist","floor":4,"turns":3},{"damage":19,"enemies":"Cultist","floor":6,"turns":5},{"damage":4,"enemies":"downfall:FleeingMerchant","floor":9,"turns":4},{"damage":6,"enemies":"2 Fungi Beasts","floor":10,"turns":4},{"damage":12,"enemies":"Lagavulin","floor":14,"turns":7},{"damage":12,"enemies":"Blue Slaver","floor":15,"turns":3},{"damage":4,"enemies":"IC_STATUS_ARCHETYPE","floor":16,"turns":8}],"seed_played":"-6356314199492070664","potions_obtained":[{"floor":6,"key":"DemoMod:LeadSkinPotion"},{"floor":8,"key":"Block Potion"},{"floor":8,"key":"Dexterity Potion"}],"is_trial":false,"path_per_floor":["R","M","M","M","?","?","T","?","$","M","?","R","T","E","M","B"],"character_chosen":"THE_AUTOMATON","items_purchased":["bronze:WhirlingStrike","Oddly Smooth Stone"],"campfire_rested":0,"item_purchase_floors":[9,9],"current_hp_per_floor":[70,69,68,68,68,49,49,49,45,39,18,28,28,16,4,0,0,0],"gold":210,"neow_bonus":"RANDOM_COMMON_RELIC","is_daily":false,"chose_seed":false,"campfire_upgraded":1,"win_rate":0.0,"timestamp":1614229355,"path_taken":["R","M","M","M","?","?","T","?","$","?","?","R","?","E","M","BOSS"],"items_purchased_type":["Card","Relic"],"build_version":"2020-12-22","purchased_purges":1,"victory":false,"max_hp_per_floor":[70,70,70,70,70,70,70,70,70,70,70,80,80,80,80,80,80,80],"card_choices":[{"not_picked":["bronze:OilSpill","bronze:WildBeam"],"picked":"bronze:Turbo","floor":2},{"not_picked":["bronze:GetLatest","bronze:WildBeam"],"picked":"bronze:OilSpill","floor":3},{"not_picked":["bronze:FineTuning","bronze:Backtrace"],"picked":"bronze:Repulsor","floor":4},{"not_picked":[],"picked":"bronze:Spike","floor":6},{"not_picked":["bronze:CutThrough","bronze:Format"],"picked":"bronze:NullPointer","floor":6},{"not_picked":["bronze:WildBeam","bronze:Shield","bronze:BitShift"],"picked":"SKIP","floor":9},{"not_picked":["bronze:Turbo","bronze:WhirlingStrike"],"picked":"bronze:ForLoop","floor":10},{"not_picked":["bronze:Iterate","bronze:BurnOut"],"picked":"bronze:Overheat","floor":14},{"not_picked":["bronze:WhirlingStrike","bronze:Shell"],"picked":"bronze:Frontload","floor":15}],"player_experience":1161287,"relics_obtained":[{"floor":13,"key":"Bronze Scales"},{"floor":14,"key":"Potion Belt"}],"event_choices":[{"damage_healed":0,"gold_gain":0,"player_choice":"Got Potions","damage_taken":0,"max_hp_gain":0,"max_hp_loss":0,"event_name":"Lab","floor":8,"gold_loss":0}],"is_beta":false,"boss_relics":[],"items_purged_floors":[9],"is_endless":false,"potions_floor_spawned":[6,10],"killed_by":"IC_STATUS_ARCHETYPE","ascension_level":0}}