{"host":"5mo0809oo9tcrmpl","time":1614215547,"event":{"mods":["BaseMod","Highlight Path","Minty Spire (QoL Compilation)","Relic Stats","Slay the Relics Exporter"],"gold_per_floor":[116,134,144,158,123,123,148,148,148,105,105,105,123,123,123],"floor_reached":14,"language":"ENG","playtime":415,"items_purged":[],"score":180,"play_id":"e11d3a74-5717-4dd5-93f4-3e667b320220","local_time":"20210224191227","is_ascension_mode":true,"campfire_choices":[{"data":"Perfected Strike","floor":6.0,"key":"SMITH"},{"data":"Bash","floor":8.0,"key":"SMITH"},{"data":"Iron Wave","floor":11.0,"key":"SMITH"}],"circlet_count":0,"master_deck":["AscendersBane","Strike_R","Strike_R","Strike_R","Strike_R","Strike_R","Defend_R","Defend_R","Defend_R","Defend_R","Bash+1","Wild Strike","Iron Wave+1","Perfected Strike+1","Carnage","Power Through"],"relics":["Burning Blood","Ancient Tea Set","Ginger","Dead Branch","Question Card"],"acts_visited":["Exordium"],"potions_floor_usage":[14,14],"damage_taken":[{"damage":9.0,"enemies":"Jaw Worm","floor":1.0,"turns":4.0},{"damage":11.0,"enemies":"Small Slimes","floor":2.0,"turns":5.0},{"damage":0.0,"enemies":"Cultist","floor":3.0,"turns":3.0},{"damage":40.0,"enemies":"Gremlin Gang","floor":4.0,"turns":4.0},{"damage":25.0,"enemies":"3 Sentries","floor":7.0,"turns":9.0},{"damage":12.0,"enemies":"Large Slime","floor":13.0,"turns":3.0},{"damage":40,"enemies":"Lagavulin","floor":14,"turns":3}],"seed_played":"7784826505836800031","potions_obtained":[{"floor":7.0,"key":"GamblersBrew"},{"floor":13.0,"key":"AttackPotion"}],"is_trial":false,"path_per_floor":["M","M","M","M","?","R","E","R","T","?","R","T","M","E"],"character_chosen":"IRONCLAD","items_purchased":[],"campfire_rested":0,"item_purchase_floors":[],"current_hp_per_floor":[65,60,66,32,50,50,31,31,31,31,31,31,25,0,0],"gold":123,"neow_bonus":"RANDOM_COMMON_RELIC","is_daily":false,"chose_seed":false,"campfire_upgraded":3,"win_rate":0.0,"timestamp":1614215547,"path_taken":["M","M","M","M","?","R","E","R","T","?","R","?","?","E"],"items_purchased_type":[],"build_version":"2020-12-22","purchased_purges":0,"victory":false,"max_hp_per_floor":[75,75,75,75,75,75,75,75,75,75,75,75,75,75,75],"relic_stats":{"counters":[7,31],"Dead Branch":[2],"Ginger":[0],"Question Card":1,"obtain_stats":[{"Dead Branch":9,"Ginger":7,"Ancient Tea Set":0,"Question Card":12,"Burning Blood":0},{"Dead Branch":5,"Ginger":5,"Ancient Tea Set":0,"Question Card":5,"Burning Blood":0},{"Dead Branch":25,"Ginger":25,"Ancient Tea Set":0,"Question Card":25,"Burning Blood":0}],"Burning Blood":36},"card_choices":[{"not_picked":["Iron Wave","Rupture"],"picked":"Wild Strike","floor":1.0},{"not_picked":["Warcry","Clash"],"picked":"Iron Wave","floor":2.0},{"not_picked":["Thunderclap","Carnage"],"picked":"Perfected Strike","floor":3.0},{"not_picked":["Entrench","Clash","Flex"],"picked":"SKIP","floor":4.0},{"not_picked":["Havoc","Burning Pact"],"picked":"Carnage","floor":7.0},{"not_picked":["Bloodletting","Dual Wield","Heavy Blade"],"picked":"Power Through","floor":13.0}],"player_experience":1324534,"relics_obtained":[{"floor":7.0,"key":"Ginger"},{"floor":9.0,"key":"Dead Branch"},{"floor":12.0,"key":"Question Card"}],"event_choices":[{"damage_healed":18.0,"max_hp_gain":0.0,"max_hp_loss":0.0,"gold_gain":0.0,"event_name":"The Cleric","player_choice":"Healed","floor":5.0,"gold_loss":35.0,"damage_taken":0.0},{"damage_healed":0.0,"max_hp_gain":0.0,"max_hp_loss":0.0,"gold_gain":0.0,"event_name":"World of Goop","player_choice":"Left Gold","floor":10.0,"gold_loss":43.0,"damage_taken":0.0}],"is_beta":false,"boss_relics":[],"items_purged_floors":[],"is_endless":false,"potions_floor_spawned":[7,13],"killed_by":"Lagavulin","ascension_level":20}}