{"host":"kh6fvhxn285ncg0o","time":1614218637,"event":{"mods":["Act Like it!","BaseMod","Colored Map","Friendly Minions","Keyboard Shortcuts","Minty Spire (QoL Compilation)","Quick Restart","Relic Stats","StSLib","SuperFastMode","UnlockEverythingMod"],"gold_per_floor":[13,31,31,31,47,80,100,100,100,100,100,129,146,176,176,176,176],"floor_reached":16,"language":"KOR","playtime":498,"items_purged":[],"score":240,"play_id":"ae74ff99-61bb-4894-b996-d38984c17089","local_time":"20210225110357","is_ascension_mode":true,"campfire_choices":[{"data":"The Bomb","floor":8.0,"key":"SMITH"},{"data":"Evolve","floor":10.0,"key":"SMITH"},{"data":"Defend_R","floor":15,"key":"SMITH"}],"circlet_count":0,"master_deck":["AscendersBane","Strike_R","Strike_R+1","Strike_R","Strike_R","Defend_R+1","Defend_R","Defend_R+1","Defend_R","Bash","The Bomb+1","Evolve+1"],"relics":["Burning Blood","Singing Bowl","Matryoshka","Meat on the Bone","Gremlin Horn","Eternal Feather","Anchor"],"acts_visited":["Exordium"],"potions_floor_usage":[12,13,14,16],"damage_taken":[{"damage":7.0,"enemies":"2 Louse","floor":1.0,"turns":4.0},{"damage":11.0,"enemies":"Jaw Worm","floor":2.0,"turns":4.0},{"damage":4.0,"enemies":"Small Slimes","floor":5.0,"turns":3.0},{"damage":20.0,"enemies":"Lagavulin","floor":6.0,"turns":7.0},{"damage":12.0,"enemies":"Looter","floor":7.0,"turns":4.0},{"damage":20,"enemies":"3 Sentries","floor":12,"turns":4},{"damage":12,"enemies":"3 Louse","floor":13,"turns":4},{"damage":27,"enemies":"Lagavulin","floor":14,"turns":6},{"damage":32,"enemies":"Hexaghost","floor":16,"turns":9}],"seed_played":"5191375015569687875","potions_obtained":[{"floor":5.0,"key":"BlessingOfTheForge"},{"floor":6.0,"key":"BloodPotion"},{"floor":12,"key":"DistilledChaos"},{"floor":14,"key":"SkillPotion"}],"is_trial":false,"path_per_floor":["M","M","?","?","M","E","M","R","T","R","?","E","M","E","R","B"],"character_chosen":"IRONCLAD","items_purchased":[],"campfire_rested":0,"item_purchase_floors":[],"current_hp_per_floor":[67,62,62,44,46,34,30,30,30,30,6,21,29,22,28,0,0],"gold":176,"neow_bonus":"RANDOM_COLORLESS_2","is_daily":false,"chose_seed":false,"campfire_upgraded":3,"win_rate":0.0,"timestamp":1614218637,"path_taken":["M","M","?","?","M","E","M","R","T","R","?","E","M","E","R","BOSS"],"items_purchased_type":[],"build_version":"2020-12-22","purchased_purges":0,"victory":false,"max_hp_per_floor":[75,75,75,75,75,77,79,79,79,79,79,81,83,85,85,85,85],"relic_stats":{"Singing Bowl":10,"Gremlin Horn":[2,2],"counters":[9,45],"Eternal Feather":6,"obtain_stats":[{"Anchor":14,"Matryoshka":6,"Singing Bowl":4,"Gremlin Horn":9,"Eternal Feather":12,"Burning Blood":0,"Meat on the Bone":9},{"Anchor":8,"Matryoshka":4,"Singing Bowl":2,"Gremlin Horn":5,"Eternal Feather":6,"Burning Blood":0,"Meat on the Bone":5},{"Anchor":36,"Matryoshka":18,"Singing Bowl":8,"Gremlin Horn":22,"Eternal Feather":26,"Burning Blood":0,"Meat on the Bone":22}],"Burning Blood":48,"Meat on the Bone":36},"card_choices":[{"not_picked":["Chrysalis","Violence"],"picked":"The Bomb","floor":0.0},{"not_picked":["Cleave","True Grit"],"picked":"Evolve","floor":5.0},{"not_picked":["Rupture","Hemokinesis","Ghostly Armor"],"picked":"Singing Bowl","floor":6.0},{"not_picked":["Clothesline","Berserk","Pommel Strike"],"picked":"Singing Bowl","floor":7.0},{"not_picked":["Wild Strike","Rampage","Perfected Strike"],"picked":"Singing Bowl","floor":12},{"not_picked":["Pommel Strike","Cleave","Rampage"],"picked":"Singing Bowl","floor":13},{"not_picked":["Anger","Inflame","Double Tap"],"picked":"Singing Bowl","floor":14}],"player_experience":1521062,"relics_obtained":[{"floor":6.0,"key":"Matryoshka"},{"floor":9.0,"key":"Meat on the Bone"},{"floor":9.0,"key":"Gremlin Horn"},{"floor":12,"key":"Eternal Feather"},{"floor":14,"key":"Anchor"}],"event_choices":[{"cards_removed":["Strike_R"],"damage_healed":0.0,"max_hp_gain":0.0,"max_hp_loss":0.0,"gold_gain":0.0,"event_name":"Living Wall","player_choice":"Forget","floor":3.0,"gold_loss":0.0,"damage_taken":0.0},{"damage_healed":0.0,"max_hp_gain":0.0,"max_hp_loss":0.0,"gold_gain":0.0,"event_name":"Scrap Ooze","player_choice":"Success","floor":4.0,"gold_loss":0.0,"damage_taken":18.0,"relics_obtained":["Singing Bowl"]},{"damage_healed":0.0,"max_hp_gain":0.0,"max_hp_loss":0.0,"gold_gain":0.0,"event_name":"Shining Light","player_choice":"Entered Light","floor":11.0,"gold_loss":0.0,"damage_taken":24.0,"cards_upgraded":["Defend_R","Strike_R"]}],"is_beta":false,"boss_relics":[],"items_purged_floors":[],"is_endless":false,"potions_floor_spawned":[5,6,12,14],"killed_by":"Hexaghost","ascension_level":20}}