{"host":"ndpbn7fqb3wjbd7p","time":1614226124,"event":{"mods":["AchievementEnabler","Act Like it!","AlwaysNeverKeys","BaseMod","Better Vampires","Block Reminder","Colored Powertips","DeckTracker","Defuse TimeMaze Blight","Friendly Minions","Highlight Path","MarisaÅiñ∂âJÅ@ñÇóùçπÅj","Minty Spire (QoL Compilation)","Permanent Neow","StSLib","SuperFastMode","Synergy Search","Unceasing Turn Reminder","Wandering Minibosses"],"gold_per_floor":[114,130,55,55,130,237,251,270,294,294,294,314,314,191,191,191,191],"floor_reached":16,"language":"ENG","playtime":707,"items_purged":["Strike_P","Strike_P"],"score":124,"play_id":"fd333d08-0e15-4e1b-8a4a-b8aee5e3be52","local_time":"20210225050844","is_ascension_mode":true,"campfire_choices":[{"data":"1","floor":11,"key":"LIFT"},{"data":"2","floor":13,"key":"LIFT"},{"data":"3","floor":15,"key":"LIFT"}],"circlet_count":0,"master_deck":["Strike_P","Strike_P","Defend_P","Defend_P","Defend_P","Eruption","Vigilance","EmptyMind","FlurryOfBlows","Indignation","FollowUp","EmptyBody"],"relics":["PureWater","Girya","Bag of Preparation","SsserpentHead"],"acts_visited":["Exordium"],"potions_floor_usage":[6,12,16],"damage_taken":[{"damage":1,"enemies":"2 Louse","floor":1,"turns":5},{"damage":0,"enemies":"Jaw Worm","floor":2,"turns":3},{"damage":2,"enemies":"Cultist","floor":6,"turns":6},{"damage":6,"enemies":"Looter","floor":7,"turns":4},{"damage":35,"enemies":"Exordium Thugs","floor":8,"turns":5},{"damage":0,"enemies":"Exordium Wildlife","floor":12,"turns":2},{"damage":32,"enemies":"Hexaghost","floor":16,"turns":9}],"seed_played":"-2802999001788881921","potions_obtained":[{"floor":1,"key":"CultistPotion"},{"floor":8,"key":"EssenceOfSteel"},{"floor":12,"key":"Regen Potion"}],"is_trial":false,"path_per_floor":["M","M","$","?","?","M","M","M","T","?","R","M","R","$","R","B"],"character_chosen":"WATCHER","items_purchased":["EmptyBody"],"campfire_rested":0,"item_purchase_floors":[14],"current_hp_per_floor":[64,64,64,64,53,51,45,10,10,10,10,10,10,10,10,0,0],"gold":191,"neow_bonus":"ONE_RARE_RELIC","is_daily":false,"chose_seed":false,"campfire_upgraded":0,"win_rate":0.0,"timestamp":1614226124,"path_taken":["M","M","$","?","?","?","M","M","T","?","R","M","R","$","R","BOSS"],"items_purchased_type":["Card"],"build_version":"2020-12-22","purchased_purges":2,"victory":false,"max_hp_per_floor":[65,65,65,65,65,65,65,65,65,65,65,65,65,65,65,65,65],"card_choices":[{"not_picked":["WheelKick","FollowUp"],"picked":"EmptyMind","floor":1},{"not_picked":["Protect","CrushJoints"],"picked":"FlurryOfBlows","floor":2},{"not_picked":["ThirdEye","JustLucky","BowlingBash"],"picked":"SKIP","floor":6},{"not_picked":["ClearTheMind","Perseverance"],"picked":"Indignation","floor":7},{"not_picked":["FlyingSleeves","Prostrate"],"picked":"FollowUp","floor":8},{"not_picked":["Nirvana","ConjureBlade","SandsOfTime"],"picked":"SKIP","floor":12}],"player_experience":1219137,"relics_obtained":[{"floor":9,"key":"Bag of Preparation"}],"event_choices":[{"cards_removed":["Defend_P"],"damage_healed":0,"gold_gain":0,"player_choice":"Forget","damage_taken":0,"max_hp_gain":0,"max_hp_loss":0,"event_name":"Living Wall","floor":4,"gold_loss":0},{"damage_healed":0,"gold_gain":75,"player_choice":"Gather Gold","damage_taken":11,"max_hp_gain":0,"max_hp_loss":0,"event_name":"World of Goop","floor":5,"gold_loss":0},{"damage_healed":0,"gold_gain":0,"player_choice":"Trade","damage_taken":0,"relics_obtained":["SsserpentHead"],"max_hp_gain":0,"max_hp_loss":0,"event_name":"FaceTrader","floor":10,"gold_loss":0}],"is_beta":false,"boss_relics":[],"items_purged_floors":[3,14],"is_endless":false,"potions_floor_spawned":[1,8,12],"killed_by":"Hexaghost","ascension_level":7}}