{"host":"18wi9kpcl4eah7pe","time":1614263752,"event":{"mods":["BaseMod","Colored Powertips","Downfall","Minty Spire (QoL Compilation)","StSLib"],"gold_per_floor":[99,99,99,159,144,172,172,185,185,218,244,267,292,322,344,356,356,356],"floor_reached":16,"language":"ENG","playtime":721,"items_purged":[],"score":134,"play_id":"b502a247-ac69-4e7e-8c40-9921f0acbd04","local_time":"20210225083552","is_ascension_mode":true,"campfire_choices":[{"floor":1,"key":"RECALL"}],"circlet_count":0,"master_deck":["Slimebound:Strike_Slimebound","Slimebound:Strike_Slimebound","Slimebound:Strike_Slimebound","Slimebound:Tackle","Slimebound:Defend_Slimebound","Slimebound:Defend_Slimebound","Slimebound:Defend_Slimebound","Slimebound:Defend_Slimebound","Slimebound:Split+1","Slimebound:CorrosiveSpit","Slimebound:SlimeBarrage","Slimebound:SplitMire","Slimebound:LeechEnergy","Slimebound:FlameTackle","Slimebound:LevelUp","Slimebound:GoopSpray","Slimebound:RollThrough","Slimebound:AcidTongue","Slimebound:GrowthPunch","Slimebound:MassRepurpose","Slimebound:SlimeSpikes"],"relics":["Slimebound:AbsorbEndCombat","downfall:HeartsMalice","Ancient Tea Set","Gremlin Horn","Singing Bowl","MawBank"],"acts_visited":["Exordium"],"potions_floor_usage":[10,16,16],"damage_taken":[{"damage":0,"enemies":"2 Louse","floor":2,"turns":1},{"damage":0,"enemies":"Cultist","floor":3,"turns":1},{"damage":0,"enemies":"Lagavulin Event","floor":4,"turns":1},{"damage":8,"enemies":"downfall:FleeingMerchant","floor":5,"turns":4},{"damage":36,"enemies":"Lagavulin","floor":6,"turns":5},{"damage":7,"enemies":"Small Slimes","floor":8,"turns":3},{"damage":26,"enemies":"3 Sentries","floor":10,"turns":6},{"damage":8,"enemies":"Blue Slaver","floor":11,"turns":4},{"damage":0,"enemies":"3 Louse","floor":12,"turns":2},{"damage":12,"enemies":"Exordium Wildlife","floor":13,"turns":4},{"damage":14,"enemies":"Red Slaver","floor":14,"turns":4},{"damage":6,"enemies":"Lots of Slimes","floor":15,"turns":2},{"damage":23,"enemies":"DF_ARCHETYPE_STREAMLINE","floor":16,"turns":4}],"seed_played":"2518346371006713852","potions_obtained":[{"floor":4,"key":"Swift Potion"},{"floor":6,"key":"sneckomod:MuddlingPotion"},{"floor":11,"key":"Dexterity Potion"},{"floor":12,"key":"FairyPotion"},{"floor":15,"key":"Weak Potion"}],"is_trial":false,"path_per_floor":["R","M","M","?","$","E","T","M","?","E","M","M","M","M","M","B"],"character_chosen":"SLIMEBOUND","items_purchased":[],"campfire_rested":0,"item_purchase_floors":[],"current_hp_per_floor":[65,65,65,65,63,33,33,30,30,12,10,14,10,19,17,0,0,0],"gold":356,"neow_bonus":"THREE_ENEMY_KILL","is_daily":false,"chose_seed":false,"campfire_upgraded":0,"win_rate":0.0,"timestamp":1614263752,"path_taken":["R","M","M","?","$","E","T","M","?","E","M","M","?","?","M","BOSS"],"items_purchased_type":[],"build_version":"2020-12-22","purchased_purges":0,"victory":false,"max_hp_per_floor":[65,65,65,65,65,65,65,65,65,65,65,65,65,65,67,67,67,67],"card_choices":[{"not_picked":["Slimebound:FormOfPuddle","Slimebound:GoopTackle"],"picked":"Slimebound:SlimeBarrage","floor":2},{"not_picked":["Slimebound:DisruptingSlam","Slimebound:FinishingTackle"],"picked":"Slimebound:SplitMire","floor":3},{"not_picked":["Slimebound:Schlurp","Slimebound:MegaLick"],"picked":"Slimebound:LeechEnergy","floor":4},{"not_picked":["Slimebound:SplitLeeching","Slimebound:ItLooksTasty"],"picked":"Slimebound:FlameTackle","floor":5},{"not_picked":["Slimebound:DivideAndConquer","Slimebound:ProtectTheBoss"],"picked":"Slimebound:LevelUp","floor":6},{"not_picked":["Slimebound:GoopTackle","Slimebound:SlimeSpikes"],"picked":"Slimebound:GoopSpray","floor":8},{"not_picked":["Slimebound:HauntingLick","Slimebound:FinishingTackle"],"picked":"Slimebound:RollThrough","floor":10},{"not_picked":["Slimebound:GoopTackle","Slimebound:DivideAndConquer"],"picked":"Slimebound:AcidTongue","floor":11},{"not_picked":["Slimebound:Prepare","Slimebound:SplitMire"],"picked":"Slimebound:GrowthPunch","floor":12},{"not_picked":["Slimebound:LivingWall","Slimebound:DivideAndConquer"],"picked":"Slimebound:MassRepurpose","floor":13},{"not_picked":["Slimebound:GoopSpray","Slimebound:GoopTackle"],"picked":"Slimebound:SlimeSpikes","floor":14},{"not_picked":["Slimebound:Schlurp","Slimebound:SlimeTap","Slimebound:BestDefense"],"picked":"Singing Bowl","floor":15}],"player_experience":1066096,"relics_obtained":[{"floor":4,"key":"Ancient Tea Set"},{"floor":6,"key":"Gremlin Horn"},{"floor":7,"key":"Singing Bowl"},{"floor":10,"key":"MawBank"}],"event_choices":[],"is_beta":false,"boss_relics":[],"items_purged_floors":[],"is_endless":false,"potions_floor_spawned":[4,6,11,12,15],"killed_by":"DF_ARCHETYPE_STREAMLINE","ascension_level":4}}