{"host":"uyfpom4rlahfoee4","time":1614282836,"event":{"mods":["BaseMod","Downfall","Minty Spire (QoL Compilation)","StSLib"],"gold_per_floor":[99,113,127,147,165,165,165,165,180,199,199,199,199,216,230,327,327,327,344,359,359,359,376,447,458,473,473,492,510,510,510,510],"floor_reached":30,"language":"ENG","playtime":999,"items_purged":[],"score":230,"play_id":"cf922f54-afb2-4f77-94c7-8dcebaceb813","local_time":"20210225115356","is_ascension_mode":false,"campfire_choices":[{"data":"champ:Taunt","floor":1,"key":"SMITH"},{"floor":8,"key":"REST"},{"data":"1","floor":11,"key":"LIFT"},{"data":"2","floor":13,"key":"LIFT"},{"data":"3","floor":18,"key":"LIFT"},{"floor":27,"key":"REST"}],"circlet_count":0,"master_deck":["champ:Strike","champ:Strike","champ:Strike","champ:Strike","champ:Defend","champ:Defend+1","champ:Defend","champ:Defend","champ:Execute+1","champ:Taunt+1","champ:TornadoPunch","champ:Parry","champ:ShieldWall","champ:FlashCut","champ:FlashCut","champ:GladiatorStyle","champ:SkillfulDodge","champ:PerfectedStrike","champ:MurderStrike","champ:SkillfulDodge+1","champ:DefensiveShout","champ:DefensiveShout+1","champ:SetATrap","champ:StanceDance","champ:StrikeOfGenius","champ:PreemptiveStrike"],"relics":["champ:ChampionCrown","Girya","Black Star","TungstenRod","Kunai"],"acts_visited":["Exordium","TheCity"],"potions_floor_usage":[23],"damage_taken":[{"damage":11,"enemies":"Cultist","floor":2,"turns":4},{"damage":10,"enemies":"2 Louse","floor":3,"turns":2},{"damage":28,"enemies":"Jaw Worm","floor":4,"turns":3},{"damage":17,"enemies":"Blue Slaver","floor":5,"turns":3},{"damage":18,"enemies":"2 Fungi Beasts","floor":9,"turns":4},{"damage":16,"enemies":"Exordium Thugs","floor":10,"turns":3},{"damage":0,"enemies":"3 Louse","floor":14,"turns":3},{"damage":0,"enemies":"2 Fungi Beasts","floor":15,"turns":2},{"damage":23,"enemies":"IC_STATUS_ARCHETYPE","floor":16,"turns":6},{"damage":5,"enemies":"Chosen","floor":19,"turns":4},{"damage":20,"enemies":"3 Byrds","floor":20,"turns":5},{"damage":4,"enemies":"Centurion and Healer","floor":23,"turns":5},{"damage":5,"enemies":"Snecko","floor":25,"turns":4},{"damage":33,"enemies":"Shelled Parasite and Fungi","floor":26,"turns":5},{"damage":14,"enemies":"Snake Plant","floor":28,"turns":3},{"damage":0,"enemies":"3 Cultists","floor":29,"turns":4},{"damage":3,"enemies":"Centurion and Healer","floor":30,"turns":1}],"seed_played":"7745508164717632286","potions_obtained":[{"floor":0,"key":"PowerPotion"},{"floor":0,"key":"BlessingOfTheForge"},{"floor":0,"key":"BlessingOfTheForge"},{"floor":10,"key":"champ:CounterPotion"},{"floor":14,"key":"Regen Potion"},{"floor":15,"key":"Strength Potion"},{"floor":19,"key":"Block Potion"},{"floor":26,"key":"EssenceOfSteel"}],"is_trial":false,"path_per_floor":["R","M","M","M","M","?","T","R","M","M","R","?","R","M","M","B",null,"R","M","M","?","?","M","T","M","M","R","M","M","M"],"character_chosen":"THE_CHAMP","items_purchased":[],"campfire_rested":2,"item_purchase_floors":[],"current_hp_per_floor":[90,89,89,81,74,59,59,86,78,72,72,72,72,72,72,69,90,90,85,75,75,68,64,64,59,36,63,49,49,46,46,46],"gold":510,"neow_bonus":"THREE_SMALL_POTIONS","is_daily":false,"chose_seed":false,"campfire_upgraded":1,"win_rate":0.0,"timestamp":1614282836,"path_taken":["R","M","M","M","?","?","T","R","M","?","R","?","R","M","M","BOSS","R","M","M","?","?","M","T","M","M","R","M","?","M"],"items_purchased_type":[],"build_version":"2020-12-22","purchased_purges":0,"victory":false,"max_hp_per_floor":[90,90,90,90,90,90,90,90,90,90,90,90,90,90,90,90,90,90,90,90,90,90,90,90,90,90,90,90,90,90,90,90],"card_choices":[{"not_picked":["champ:IronFortress","champ:RecklessLeap"],"picked":"champ:TornadoPunch","floor":2},{"not_picked":["champ:CrownThrow","champ:BringItOn"],"picked":"champ:Parry","floor":3},{"not_picked":["champ:Endure","champ:SetATrap"],"picked":"champ:ShieldWall","floor":4},{"not_picked":["champ:PreciseThrust","champ:RecklessLeap"],"picked":"champ:FlashCut","floor":5},{"not_picked":["champ:BerserkersShout","champ:Backstep"],"picked":"champ:FlashCut","floor":9},{"not_picked":["champ:BladeFlurry","champ:Circumvent"],"picked":"champ:GladiatorStyle","floor":10},{"not_picked":["champ:GutPunch","champ:FanOfKnives"],"picked":"champ:SkillfulDodge","floor":14},{"not_picked":["champ:ViciousMockery","champ:SwordSigil"],"picked":"champ:PerfectedStrike","floor":15},{"not_picked":["champ:Devastate","champ:IgnorePain"],"picked":"champ:MurderStrike","floor":16},{"not_picked":["champ:EndlessRage+1","champ:CrownThrow+1"],"picked":"champ:SkillfulDodge+1","floor":19},{"not_picked":["champ:BerserkersShout+1","champ:TornadoPunch"],"picked":"champ:DefensiveShout","floor":20},{"not_picked":["champ:IronFortress","champ:AdrenalArmor"],"picked":"champ:DefensiveShout+1","floor":23},{"not_picked":["champ:BladeFlurry+1","champ:Backstep"],"picked":"champ:SetATrap","floor":25},{"not_picked":["champ:AdrenalArmor+1","champ:DeathBlow"],"picked":"champ:StanceDance","floor":26},{"not_picked":["champ:BladeFlurry","champ:FocusedBerserking"],"picked":"champ:StrikeOfGenius","floor":28},{"not_picked":["champ:CrownThrow","champ:EnGarde"],"picked":"champ:PreemptiveStrike","floor":29}],"player_experience":203540,"relics_obtained":[{"floor":7,"key":"Girya"},{"floor":24,"key":"Kunai"}],"event_choices":[{"damage_healed":0,"gold_gain":0,"player_choice":"Grow","damage_taken":0,"max_hp_gain":0,"max_hp_loss":0,"event_name":"Living Wall","floor":12,"gold_loss":0,"cards_upgraded":["champ:Execute"]}],"is_beta":false,"boss_relics":[{"not_picked":["Runic Dome","Fusion Hammer"],"picked":"Black Star"}],"items_purged_floors":[],"is_endless":false,"potions_floor_spawned":[5,10,14,15,16,19,20,26],"killed_by":"Centurion and Healer","ascension_level":0}}