{"host":"g40mznrtwxqyj1ow","time":1614286093,"event":{"mods":["BaseMod","BetterRewards","Colored Map","Conspire","Hermit","Highlight Path","Hubris","Marisa????????","Minty Spire (QoL Compilation)","Replay The Spire","Robot Space Explorer","Shop Mod","StSLib","The Bug Knight","The Construct","The Cursed","The Jungle","The Marked","The Mystic","The Necromancer","The Runesmith","The Servant 0.9.4","[IsaacMod]????"],"gold_per_floor":[112,112,112,37,52,79,79,59,112,145,187,202,215,247,247,344,344,355,110,110,37,49,49,49],"floor_reached":23,"language":"ENG","playtime":1397,"items_purged":["Defend_G","Strike_G"],"score":336,"play_id":"48655efd-ac37-443d-829e-d7ba2739bdf0","local_time":"20210225214813","is_ascension_mode":true,"campfire_choices":[{"data":"Well Laid Plans","floor":7,"key":"SMITH"}],"circlet_count":0,"master_deck":["Strike_G","Strike_G","Strike_G","Defend_G","Defend_G","Defend_G+1","Defend_G+1","Survivor","Neutralize","BloodyBrimstone","Well Laid Plans+1","Blade Dance","Sneak Up","ReplayTheSpireMod:Tripwire","Setup","Toxin Wave","Deflect","Tools of the Trade+1","Atom Bomb","Underhanded Strike","Noxious Fumes","Underhanded Strike+1"],"relics":["HushsDoor","HoveringKite","GnawedLeaf","Meat on the Bone","War Paint","GuppysPaw","ReplayTheSpireMod:TigerMarble","Replay:Rubber Ducky","Runesmith:UraniumAnvil","BelialBook","Molten Egg 2"],"acts_visited":["Exordium","TheCity"],"potions_floor_usage":[10,10,14,14],"damage_taken":[{"damage":4,"enemies":"2 Louse","floor":1,"turns":3},{"damage":0,"enemies":"Small Slimes","floor":5,"turns":2},{"damage":17,"enemies":"Gremlin Nob","floor":6,"turns":4},{"damage":15,"enemies":"Lagavulin","floor":10,"turns":5},{"damage":0,"enemies":"Cultist","floor":12,"turns":3},{"damage":0,"enemies":"Looter","floor":13,"turns":4},{"damage":13,"enemies":"3 Sentries","floor":14,"turns":4},{"damage":6,"enemies":"Fading Forest","floor":16,"turns":11},{"damage":9,"enemies":"Chosen","floor":18,"turns":4},{"damage":13,"enemies":"conspire:FuzzyDice","floor":22,"turns":6},{"damage":38,"enemies":"Gremlin Leader","floor":23,"turns":2}],"seed_played":"3871524167888274519","potions_obtained":[{"floor":1,"key":"Cursed Concoction"},{"floor":8,"key":"Venom Potion"},{"floor":10,"key":"Toxic Potion"},{"floor":11,"key":"Cursed Concoction"},{"floor":11,"key":"ColorlessPotion"},{"floor":18,"key":"Energy Potion"}],"is_trial":false,"path_per_floor":["M","$","?","$","M","E","R","?","T","E","?","M","M","E","R_BF","B",null,"M","$","?","$","M","E"],"character_chosen":"THE_SILENT","items_purchased":["BelialBook","Noxious Fumes"],"campfire_rested":0,"item_purchase_floors":[19,21],"current_hp_per_floor":[59,59,52,52,52,35,35,35,35,32,32,32,32,31,47,49,51,42,42,42,42,33,0,0],"gold":49,"neow_bonus":"BOSS_RELIC","is_daily":false,"chose_seed":false,"campfire_upgraded":1,"win_rate":0.0,"timestamp":1614286093,"path_taken":["M","$","?","$","M","E","R","?","T","E","?","M","M","E","R_BF","BOSS","M","$","?","$","M","E"],"items_purchased_type":["Relic","Card"],"build_version":"2020-12-22","purchased_purges":2,"victory":false,"max_hp_per_floor":[70,70,70,70,67,64,64,64,64,58,58,58,58,55,55,52,52,52,52,52,52,52,52,52],"card_choices":[{"not_picked":[],"picked":"BloodyBrimstone","floor":0},{"not_picked":["Blade Dance","ReplayTheSpireMod:Shiv Toss"],"picked":"Well Laid Plans","floor":1},{"not_picked":["Sucker Punch","Backflip"],"picked":"Blade Dance","floor":5},{"not_picked":["Catalyst","Bomb"],"picked":"Sneak Up","floor":6},{"not_picked":["Dodge and Roll","Dash"],"picked":"ReplayTheSpireMod:Tripwire","floor":10},{"not_picked":["Eviscerate","Quick Slash"],"picked":"Setup","floor":11},{"not_picked":["Cloak And Dagger","Quick Slash"],"picked":"Toxin Wave","floor":12},{"not_picked":["Riddle With Holes","ReplayTheSpireMod:The Works"],"picked":"Deflect","floor":13},{"not_picked":["Dash","Predator"],"picked":"Tools of the Trade","floor":14},{"not_picked":["Die Die Die","Envenom"],"picked":"Atom Bomb","floor":16},{"not_picked":["Bane","Outmaneuver"],"picked":"Underhanded Strike","floor":18},{"not_picked":["Concentrate","Sucker Punch+1"],"picked":"Underhanded Strike+1","floor":22}],"player_experience":530395,"relics_obtained":[{"floor":6,"key":"Meat on the Bone"},{"floor":9,"key":"War Paint"},{"floor":10,"key":"GuppysPaw"},{"floor":11,"key":"ReplayTheSpireMod:TigerMarble"},{"floor":14,"key":"Replay:Rubber Ducky"}],"event_choices":[{"cards_removed":["Strike_G"],"damage_healed":0,"gold_gain":0,"player_choice":"Card Removal","damage_taken":7,"max_hp_gain":0,"max_hp_loss":0,"event_name":"Golden Wing","floor":3,"gold_loss":0},{"damage_healed":0,"gold_gain":0,"player_choice":"Bought 1 Potion","damage_taken":0,"max_hp_gain":0,"max_hp_loss":0,"event_name":"The Woman in Blue","floor":8,"gold_loss":0}],"is_beta":false,"boss_relics":[{"not_picked":["ChewingGum","construct:WeddingRing"],"picked":"Runesmith:UraniumAnvil"},{"not_picked":[]}],"items_purged_floors":[4,19],"is_endless":false,"potions_floor_spawned":[1,10,18],"killed_by":"Gremlin Leader","ascension_level":9}}