{"host":"rguvlafm46vqn9ib","time":1614225084,"event":{"mods":["2.2 Compatiblity","AchievementEnabler","Act Like it!","Arknights","Aspiration","BaseMod","Beaked The Cultist","Better Match","Better Note","Better Third Choice","BetterRewards","Colored Map","Downfall","Elementarium","GifTheSpireLib","Hermit","Highlight Path","Hubris","JesterMod","Mad Scientist","Minty Spire (QoL Compilation)","RRrroohrrRGHHhhh!!","Reliquary","Reorder Act Four","Replay The Spire","Retaliation","Ruina","SCP261 Mod","Small Relic Pack","Spikes Relics","StSLib","Stuff the Spire","The Blackbeard","The Blue Laboratory","The Bug Knight","The Construct","The Death Knight","The Disciple","The Forsaken","The Judge","The Marked","The Mystic","The Necromancer","The Problem Sleuth","The Runesmith","TheSwordswoman"],"gold_per_floor":[117,117,117,117,128,128,153,153,153,169,182,236,255,265,265,362,362,379,379,123,135,135,135],"floor_reached":22,"language":"ENG","playtime":1602,"items_purged":[],"score":315,"play_id":"0ed83c91-10aa-487f-9c42-13248072df9f","local_time":"20210225035124","is_ascension_mode":true,"campfire_choices":[{"data":"Runesmith:CraftObretio","floor":6,"key":"SMITH"},{"floor":8,"key":"REST"},{"floor":15,"key":"REST"}],"circlet_count":0,"master_deck":["Runesmith:Strike_RS","Runesmith:Strike_RS","Runesmith:Strike_RS","Runesmith:Defend_RS","Runesmith:Defend_RS","Runesmith:Defend_RS","Runesmith:CraftFirestone","Runesmith:Fortify","Runesmith:CraftProtectio","Runesmith:CraftObretio+1","Doubt","Runesmith:HeatedChisel","Runesmith:EarthShield","Runesmith:RunicBlueprint","Choke","Runesmith:ReplicatingBarrier","CurseOfTheBell","Runesmith:BackupBattery+1","ReplayTheSpireMod:From All Sides","hubris:Sniper","StuffTheSpire:ClusterCrunch","Runesmith:LithiumIon","Runesmith:Grindstone","Runesmith:Grindstone","Runesmith:Supernova","Runesmith:CraftReservo"],"relics":["Runesmith:BrokenRuby","aspiration:Nostalgia","m_BookOfShivs","StuffTheSpire:GrapeVine","reliquary:HotPoker","Ring of Hypnosis","StuffTheSpire:RedRose","StuffTheSpire:RubySignet","Rawhide","reliquary:PorcupineQuills","Calling Bell","Blood Vial","reliquary:TridentHead","ZombieTooth"],"acts_visited":["Exordium","Exordium"],"potions_floor_usage":[7,16],"damage_taken":[{"damage":0,"enemies":"Jaw Worm","floor":1,"turns":4},{"damage":0,"enemies":"2 Louse","floor":5,"turns":3},{"damage":47,"enemies":"Gremlin Nob","floor":7,"turns":5},{"damage":0,"enemies":"ats:Genji","floor":10,"turns":5},{"damage":0,"enemies":"Red Slaver","floor":11,"turns":4},{"damage":12,"enemies":"Exordium Wildlife","floor":13,"turns":6},{"damage":10,"enemies":"Exordium Thugs","floor":14,"turns":5},{"damage":30,"enemies":"The Guardian","floor":16,"turns":9},{"damage":17,"enemies":"ruina:2_Scarecrows","floor":18,"turns":5},{"damage":40,"enemies":"ruina:3_Bats","floor":21,"turns":5},{"damage":13,"enemies":"ruina:KnightOfDespair","floor":22,"turns":1}],"seed_played":"7020259697720773409","potions_obtained":[{"floor":1,"key":"blueLaboratory:ForbiddenFruitJuice"},{"floor":5,"key":"blueLaboratory:FruitPreserves"}],"is_trial":false,"path_per_floor":["M","?","?","?","M","R","E","R","T","M","M","T","M","M","R","B",null,"M","?","$","M","M"],"character_chosen":"RUNESMITH_CLASS","items_purchased":["aspiration:Nostalgia","StuffTheSpire:GrapeVine","reliquary:HotPoker","Runesmith:CraftProtectio","Runesmith:LithiumIon","Runesmith:Grindstone","Runesmith:Supernova"],"campfire_rested":2,"item_purchase_floors":[0,0,0,0,20,20,20],"current_hp_per_floor":[63,63,63,56,56,56,9,30,30,30,34,34,22,12,33,54,60,43,43,43,5,0,0],"gold":135,"neow_bonus":"","is_daily":false,"chose_seed":false,"campfire_upgraded":1,"win_rate":0.0,"timestamp":1614225084,"path_taken":["M","?","?","?","M","R","E","R","T","?","M","?","M","M","R","BOSS","M","?","$","?","M"],"items_purchased_type":["Relic","Relic","Relic","Card","Card","Card","Card"],"build_version":"2020-12-22","purchased_purges":0,"victory":false,"max_hp_per_floor":[70,70,70,70,70,70,70,70,70,70,70,70,70,70,70,60,60,60,60,60,60,60,60],"card_choices":[{"not_picked":["Runesmith:HeatExchange","Hidden Blade"],"picked":"Runesmith:CraftObretio","floor":1},{"not_picked":["Runesmith:Prism","Acrobatics"],"picked":"Runesmith:HeatedChisel","floor":5},{"not_picked":["Runesmith:Repurpose","Runesmith:Permafrost"],"picked":"Runesmith:EarthShield","floor":7},{"not_picked":["Runesmith:ChiselStab","Runesmith:BackupBattery"],"picked":"Runesmith:RunicBlueprint","floor":10},{"not_picked":["Runesmith:Electrocute","Runesmith:ShiftingStrike","Runesmith:StaticCage"],"picked":"SKIP","floor":11},{"not_picked":["Runesmith:MakeshiftArmor","Runesmith:Overpower"],"picked":"Runesmith:ChiselStab","floor":13},{"not_picked":["Runesmith:WhiteBalance","Runesmith:MakeshiftArmor"],"picked":"Choke","floor":14},{"not_picked":["Runesmith:Duplicate","Runesmith:GrandSlam"],"picked":"Runesmith:ReplicatingBarrier","floor":16},{"not_picked":["Runesmith:OneForEveryone+1","Runesmith:HeatExchange"],"picked":"Runesmith:BackupBattery+1","floor":18},{"not_picked":["Runesmith:ShiftingStrike","Runesmith:CraftSpiculum+1"],"picked":"Runesmith:CraftReservo","floor":21}],"player_experience":1017936,"relics_obtained":[{"floor":2,"key":"Ring of Hypnosis"},{"floor":7,"key":"StuffTheSpire:RubySignet"},{"floor":9,"key":"Rawhide"},{"floor":12,"key":"reliquary:PorcupineQuills"},{"floor":17,"key":"Blood Vial"},{"floor":17,"key":"reliquary:TridentHead"},{"floor":17,"key":"ZombieTooth"}],"event_choices":[{"cards_removed":["Regret"],"damage_healed":0,"gold_gain":0,"player_choice":"Card Removal","damage_taken":7,"max_hp_gain":0,"max_hp_loss":0,"event_name":"Golden Wing","floor":4,"gold_loss":0}],"is_beta":false,"boss_relics":[{"not_picked":["aspiration:RunicSpoon","Replay:Bronze Core"],"picked":"Calling Bell"}],"items_purged_floors":[],"is_endless":false,"potions_floor_spawned":[1,5],"killed_by":"ruina:KnightOfDespair","ascension_level":2}}