{"host":"1poy056mauca3bbh","time":1614221846,"event":{"mods":["Ascension Unlocker","BaseMod","Bestiary","Block Reminder","Colored Map","Colored Powertips","Curses Come First","Highlight Path","Minty Spire (QoL Compilation)","Permanent Neow","Quick Restart","Rare Cards Sparkle","Relic Stats","Smile Girya","StSLib","UnlockEverythingMod"],"gold_per_floor":[119,119,10,85,85,85,103,103,103,123,135,135,32,46,46,123,123,135,5,5,5],"floor_reached":20,"language":"ENG","playtime":2476,"items_purged":["Strike_G"],"score":324,"play_id":"c1a37b7e-94a6-499f-9e64-39221dbfd227","local_time":"20210224215726","is_ascension_mode":true,"campfire_choices":[{"data":"Catalyst","floor":6.0,"key":"SMITH"},{"data":"Infinite Blades","floor":8.0,"key":"SMITH"},{"data":"Poisoned Stab","floor":12.0,"key":"SMITH"},{"data":"Blur","floor":15.0,"key":"SMITH"}],"circlet_count":0,"master_deck":["AscendersBane","Strike_G","Strike_G","Strike_G","Defend_G","Defend_G","Defend_G","Defend_G","Defend_G","Survivor","Neutralize","Bane","Blur+1","Catalyst+1","Bane","Infinite Blades+1","Endless Agony","Poisoned Stab+1","Poisoned Stab","Outmaneuver","Burst","Bane","Tactician","Footwork"],"relics":["Ring of the Snake","NeowsBlessing","The Specimen","HoveringKite"],"acts_visited":["Exordium","TheCity"],"potions_floor_usage":[],"damage_taken":[{"damage":0.0,"enemies":"2 Louse","floor":1.0,"turns":1.0},{"damage":0.0,"enemies":"Jaw Worm","floor":7.0,"turns":1.0},{"damage":0.0,"enemies":"Cultist","floor":10.0,"turns":1.0},{"damage":10.0,"enemies":"Red Slaver","floor":11.0,"turns":5.0},{"damage":10.0,"enemies":"3 Louse","floor":14.0,"turns":3.0},{"damage":38.0,"enemies":"The Guardian","floor":16.0,"turns":9.0},{"damage":44,"enemies":"Shell Parasite","floor":18,"turns":6}],"seed_played":"-5913677132666377228","potions_obtained":[{"floor":11.0,"key":"Explosive Potion"},{"floor":18,"key":"AttackPotion"}],"is_trial":false,"path_per_floor":["M","?","$","?","?","R","M","R","T","M","M","R","$","M","R","B",null,"M","$","?"],"character_chosen":"THE_SILENT","items_purchased":["Catalyst","Bane","Poisoned Stab","Tactician","Footwork"],"campfire_rested":0,"item_purchase_floors":[3,3,13,19,19],"current_hp_per_floor":[59,59,59,48,66,66,66,66,66,66,56,56,56,46,46,8,52,8,8,0,0],"gold":5,"neow_bonus":"THREE_ENEMY_KILL","is_daily":false,"chose_seed":false,"campfire_upgraded":4,"win_rate":0.0,"timestamp":1614221846,"path_taken":["M","?","$","?","?","R","?","R","T","M","M","R","?","M","R","BOSS","M","$","?"],"items_purchased_type":["Card","Card","Card","Card","Card"],"build_version":"2020-12-22","purchased_purges":1,"victory":false,"max_hp_per_floor":[66,66,66,66,66,66,66,66,66,66,66,66,66,66,66,66,66,66,66,66,66],"relic_stats":{"counters":[7,26],"HoveringKite":[2],"obtain_stats":[{"NeowsBlessing":0,"The Specimen":9,"HoveringKite":17,"Ring of the Snake":0},{"NeowsBlessing":0,"The Specimen":2,"HoveringKite":6,"Ring of the Snake":0},{"NeowsBlessing":0,"The Specimen":2,"HoveringKite":20,"Ring of the Snake":0}],"Ring of the Snake":[14]},"card_choices":[{"not_picked":["Backflip","Escape Plan"],"picked":"Bane","floor":1.0},{"not_picked":["Accuracy","Eviscerate"],"picked":"Infinite Blades","floor":7.0},{"not_picked":["Dodge and Roll","Sucker Punch"],"picked":"Endless Agony","floor":10.0},{"not_picked":["Expertise","Heel Hook"],"picked":"Poisoned Stab","floor":11.0},{"not_picked":["Expertise","Cloak And Dagger"],"picked":"Outmaneuver","floor":14.0},{"not_picked":["A Thousand Cuts","Malaise"],"picked":"Burst","floor":16.0},{"not_picked":["Prepared","Eviscerate"],"picked":"Bane","floor":18}],"player_experience":185328,"relics_obtained":[{"floor":9.0,"key":"The Specimen"}],"event_choices":[{"damage_healed":0.0,"max_hp_gain":0.0,"max_hp_loss":0.0,"gold_gain":0.0,"cards_transformed":["Strike_G"],"event_name":"Living Wall","player_choice":"Change","floor":2.0,"gold_loss":0.0,"damage_taken":0.0,"cards_obtained":["Blur"]},{"damage_healed":0.0,"max_hp_gain":0.0,"max_hp_loss":0.0,"gold_gain":75.0,"event_name":"World of Goop","player_choice":"Gather Gold","floor":4.0,"gold_loss":0.0,"damage_taken":11.0},{"damage_healed":18.0,"max_hp_gain":0.0,"max_hp_loss":0.0,"gold_gain":0.0,"event_name":"Wheel of Change","player_choice":"Full Heal","floor":5.0,"gold_loss":0.0,"damage_taken":0.0}],"is_beta":false,"boss_relics":[{"not_picked":["Black Star","SlaversCollar"],"picked":"HoveringKite"}],"items_purged_floors":[13],"is_endless":false,"potions_floor_spawned":[11,18],"ascension_level":20}}