{"host":"7v9v7e0ijfujyvc8","time":1614256236,"event":{"mods":["AchievementEnabler","Act Like it!","Arknights","BaseMod","Better Altar","Better Note","Better Skull","Better Third Choice","BetterRewards","Bossed Relics","Challenge The Spire","Evolution","Gold Saver","Good Game Mod","Highlight Path","Minty Spire (QoL Compilation)","RNG Fix","Rare Cards Sparkle","Reliquary","Ruina","Shop Mod","Spicy Shops","StSLib","SuperFastMode","Thieving Mod"],"gold_per_floor":[1242,1192,1202,1202,1202,1202,1212,824,898,925,938,938,863,863,863,982,982,998,998,1011,690,709,709,709,743,743,618,618,642,675,694,694,822,822,843,843,333,396,420,420,113,131,154,154,193,217,217,235,235,235],"floor_reached":51,"language":"ENG","playtime":3329,"items_purged":["Combust","Armaments"],"score":1011,"play_id":"984576f8-7fb8-4356-a23c-effccd230bab","local_time":"20210225133036","is_ascension_mode":false,"campfire_choices":[{"data":"1","floor":6.0,"key":"LIFT"},{"data":"2","floor":15.0,"key":"LIFT"},{"data":"3","floor":28.0,"key":"LIFT"},{"floor":32.0,"key":"REST"},{"data":"Shrug It Off","floor":40,"key":"SMITH"},{"data":"Barricade","floor":44,"key":"SMITH"},{"floor":47,"key":"DIG"},{"floor":49,"key":"DIG"}],"circlet_count":0,"master_deck":["Wild Strike","Wild Strike+1","Wild Strike","Armaments+1","Armaments","Body Slam","Reinforced Body","Flex","Inflame","Limit Break","Body Slam","Body Slam","Necronomicurse","Shrug It Off+1","Barricade+1","Metallicize","Flex","Sword Boomerang","Ghostly Armor","Body Slam+1","Metallicize+1"],"relics":["Burning Blood","EVO:Axolotl","REME:ComplimentaryCards","HandDrill","reliquary:Buckler","Girya","Brimstone","reliquary:TatteredRug","Oddly Smooth Stone","Sling","Ornamental Fan","reliquary:BoilingFlask","Golden Idol","Empty Cage","NlothsMask","reliquary:TuningFork","reliquary:Firecrackers","Necronomicon","Dream Catcher","Letter Opener","reliquary:PurpleTingedLeaf","reliquary:RedPaperclip","Membership Card","Anchor","MerchantsRug","ClockworkSouvenir","PreservedInsect","Pocketwatch","Calipers","reliquary:Knoch","White Beast Statue","reliquary:Bookmark","Juzu Bracelet","Shovel","Bag of Marbles","reliquary:RoseTintedGlasses","Lantern"],"acts_visited":["Exordium","TheCity","TheBeyond"],"potions_floor_usage":[33,33],"damage_taken":[{"damage":7.0,"enemies":"Jaw Worm","floor":1.0,"turns":2.0},{"damage":0.0,"enemies":"Small Slimes","floor":3.0,"turns":2.0},{"damage":0.0,"enemies":"2 Louse","floor":7.0,"turns":1.0},{"damage":0.0,"enemies":"Lagavulin","floor":10.0,"turns":3.0},{"damage":1.0,"enemies":"Blue Slaver","floor":11.0,"turns":2.0},{"damage":44.0,"enemies":"Hexaghost","floor":16.0,"turns":7.0},{"damage":6.0,"enemies":"Chosen","floor":18.0,"turns":3.0},{"damage":22.0,"enemies":"Spheric Guardian","floor":20.0,"turns":4.0},{"damage":2.0,"enemies":"3 Cultists","floor":22.0,"turns":3.0},{"damage":7.0,"enemies":"Gremlin Leader","floor":25.0,"turns":4.0},{"damage":11.0,"enemies":"Snecko","floor":29.0,"turns":3.0},{"damage":42.0,"enemies":"Book of Stabbing","floor":30.0,"turns":4.0},{"damage":7.0,"enemies":"Centurion and Healer","floor":31.0,"turns":4.0},{"damage":14,"enemies":"Champ","floor":33,"turns":6},{"damage":5,"enemies":"Orb Walker","floor":35,"turns":3},{"damage":26,"enemies":"Mind Bloom Boss Battle","floor":38,"turns":3},{"damage":0,"enemies":"3 Darklings","floor":39,"turns":2},{"damage":0,"enemies":"Spire Growth","floor":42,"turns":2},{"damage":0,"enemies":"Nemesis","floor":45,"turns":1},{"damage":0,"enemies":"Jaw Worm Horde","floor":48,"turns":2},{"damage":44,"enemies":"Time Eater","floor":50,"turns":6}],"seed_played":"-3349588517333895471","potions_obtained":[{"floor":7.0,"key":"HeartOfIron"},{"floor":22.0,"key":"BlessingOfTheForge"},{"floor":30.0,"key":"Fire Potion"},{"floor":33,"key":"Explosive Potion"},{"floor":35,"key":"Ancient Potion"},{"floor":39,"key":"GamblersBrew"},{"floor":42,"key":"Block Potion"},{"floor":45,"key":"Regen Potion"}],"is_trial":false,"path_per_floor":["M","?","M","?","?","R","M","$","T","E","M","T","$","?","R","B",null,"M","?","M","$","M","?","?","E","T","$","R","M","E","M","R","B",null,"M","?","$","?","M","R","$","M","T","R","E","T","R","M","R","B",null],"character_chosen":"IRONCLAD","items_purchased":["HandDrill","InkBottle","reliquary:Buckler","Girya","Brimstone","Oddly Smooth Stone","Sling","Flex","Inflame","reliquary:TuningFork","reliquary:Firecrackers","Letter Opener","Membership Card","Metallicize","Flex","Anchor","MerchantsRug","ClockworkSouvenir","PreservedInsect","Pocketwatch","Sword Boomerang","reliquary:Knoch","White Beast Statue","reliquary:Bookmark"],"campfire_rested":1,"item_purchase_floors":[0,0,0,0,0,8,8,8,8,21,21,27,37,37,37,37,37,37,37,37,37,41,41,41],"current_hp_per_floor":[79,79,80,80,72,72,78,78,78,80,80,80,80,60,60,22,80,80,80,64,64,68,68,52,51,51,51,51,46,10,10,34,29,80,80,72,72,53,60,60,60,66,66,66,72,72,72,80,80,46],"gold":235,"neow_bonus":"","is_daily":false,"chose_seed":false,"campfire_upgraded":2,"win_rate":0.0,"timestamp":1614256236,"path_taken":["M","?","M","?","?","R","?","$","T","E","M","?","$","?","R","BOSS","M","?","M","$","M","?","?","E","T","$","R","M","E","M","R","BOSS","M","?","$","?","M","R","$","M","T","R","E","?","R","M","R","BOSS"],"items_purchased_type":["Relic","Relic","Relic","Relic","Relic","Relic","Relic","Card","Card","Relic","Relic","Relic","Relic","Card","Card","Relic","Relic","Relic","Relic","Relic","Card","Relic","Relic","Relic"],"build_version":"2020-12-22","purchased_purges":2,"victory":true,"max_hp_per_floor":[80,80,80,80,80,80,80,80,80,80,80,80,80,80,80,80,80,80,80,80,80,80,80,80,80,80,80,80,80,80,80,80,80,80,80,80,80,80,80,80,80,80,80,80,80,80,80,80,80,80],"card_choices":[{"not_picked":["Anger","Armaments"],"picked":"Body Slam","floor":1.0},{"not_picked":["Sword Boomerang","Rampage","Warcry"],"picked":"SKIP","floor":3.0},{"not_picked":["Dark Embrace","Headbutt","Blood for Blood"],"picked":"SKIP","floor":7.0},{"not_picked":["Cleave","Carnage","Iron Wave"],"picked":"SKIP","floor":10.0},{"not_picked":["Warcry","Sword Boomerang","Searing Blow"],"picked":"SKIP","floor":11.0},{"not_picked":["Bludgeon","Juggernaut"],"picked":"Limit Break","floor":16.0},{"not_picked":["Havoc+1","Rampage+1"],"picked":"Body Slam","floor":18.0},{"not_picked":["Shrug It Off","Flame Barrier","Anger"],"picked":"SKIP","floor":20.0},{"not_picked":["Carnage","Ghostly Armor"],"picked":"Body Slam","floor":22.0},{"not_picked":["Twin Strike+1","Clothesline","Double Tap"],"picked":"SKIP","floor":25.0},{"not_picked":["Second Wind+1","Hemokinesis","Wild Strike+1"],"picked":"SKIP","floor":29.0},{"not_picked":["Twin Strike","Intimidate+1","Clothesline+1"],"picked":"SKIP","floor":30.0},{"not_picked":["Hemokinesis","Havoc+1"],"picked":"Shrug It Off","floor":31.0},{"not_picked":["Demon Form","Immolate"],"picked":"Barricade","floor":33},{"not_picked":["Thunderclap","Sword Boomerang","Spot Weakness+1"],"picked":"SKIP","floor":35},{"not_picked":["Intimidate","Spot Weakness+1"],"picked":"Ghostly Armor","floor":38},{"not_picked":["Twin Strike+1","Armaments"],"picked":"Body Slam+1","floor":39},{"not_picked":["Battle Trance+1","Disarm+1","Perfected Strike+1"],"picked":"SKIP","floor":42},{"not_picked":["Offering","Rupture"],"picked":"Metallicize+1","floor":45},{"not_picked":["Feel No Pain","Sentinel","Sever Soul"],"picked":"SKIP","floor":48}],"player_experience":70566,"relics_obtained":[{"floor":9.0,"key":"Ornamental Fan"},{"floor":10.0,"key":"Vajra"},{"floor":12.0,"key":"reliquary:BoilingFlask"},{"floor":24.0,"key":"Necronomicon"},{"floor":25.0,"key":"Dream Catcher"},{"floor":30.0,"key":"reliquary:PurpleTingedLeaf"},{"floor":38,"key":"Calipers"},{"floor":43,"key":"Juzu Bracelet"},{"floor":45,"key":"Shovel"},{"floor":46,"key":"Bag of Marbles"},{"floor":47,"key":"reliquary:RoseTintedGlasses"},{"floor":49,"key":"Lantern"}],"event_choices":[{"cards_removed":["Wild Strike"],"damage_healed":0.0,"max_hp_gain":0.0,"max_hp_loss":0.0,"gold_gain":0.0,"event_name":"The Cleric","player_choice":"Card Removal","floor":2.0,"gold_loss":50.0,"damage_taken":0.0},{"damage_healed":0.0,"max_hp_gain":0.0,"max_hp_loss":0.0,"gold_gain":0.0,"cards_transformed":["Armaments"],"event_name":"Transmorgrifier","player_choice":"Transformed","floor":4.0,"gold_loss":0.0,"damage_taken":0.0,"cards_obtained":["Combust"]},{"damage_healed":0.0,"max_hp_gain":0.0,"max_hp_loss":0.0,"gold_gain":0.0,"event_name":"Golden Idol","player_choice":"Take Damage","floor":14.0,"gold_loss":0.0,"damage_taken":20.0,"relics_obtained":["Golden Idol"]},{"damage_healed":0.0,"max_hp_gain":0.0,"max_hp_loss":0.0,"gold_gain":0.0,"event_name":"FaceTrader","player_choice":"Trade","floor":19.0,"gold_loss":0.0,"damage_taken":0.0,"relics_obtained":["NlothsMask"]},{"damage_healed":0.0,"max_hp_gain":0.0,"max_hp_loss":0.0,"gold_gain":0.0,"event_name":"betterNote:BetterNote","player_choice":"Ignored","floor":23.0,"gold_loss":0.0,"damage_taken":0.0,"cards_obtained":["Armaments"]},{"damage_healed":0.0,"max_hp_gain":0.0,"max_hp_loss":0.0,"gold_gain":0.0,"event_name":"Cursed Tome","player_choice":"Obtained Book","floor":24.0,"gold_loss":0.0,"damage_taken":16.0},{"damage_healed":0,"gold_gain":0,"player_choice":"Damaged","damage_taken":8,"max_hp_gain":0,"max_hp_loss":0,"event_name":"Wheel of Change","floor":36,"gold_loss":0},{"damage_healed":0,"gold_gain":0,"player_choice":"Fight","damage_taken":0,"max_hp_gain":0,"max_hp_loss":0,"event_name":"MindBloom","floor":38,"gold_loss":0}],"is_beta":false,"boss_relics":[{"not_picked":["SacredBark","Tiny House"],"picked":"Empty Cage"},{"not_picked":["reliquary:WritOfMandamus","Runic Dome"],"picked":"reliquary:RedPaperclip"}],"items_purged_floors":[13,41],"is_endless":false,"potions_floor_spawned":[7,22,30,31,33,35,39,42,45,48],"ascension_level":0}}