{"host":"erogqkeozdzdhb46","time":1614223372,"event":{"mods":["AchievementEnabler","BaseMod","Bestiary","Colored Map","Colored Powertips","Minty Spire (QoL Compilation)","Rare Cards Sparkle","Relic Stats","Replay The Spire","StSLib","Together in Spire"],"gold_per_floor":[117,131,145,145,157,190,190,204,231,231,246,263,283,308,308,406,406,423,439,449,449,460,491,503,516,567,582,67,101,116,116,116,211,211,223,243,254,269,287,321,321,332,332,357,369,369,379,393,393,393],"floor_reached":51,"language":"ENG","playtime":3796,"items_purged":[],"score":675,"play_id":"43677f97-3f76-427f-9213-a921d91a213e","local_time":"20210224212252","is_ascension_mode":false,"campfire_choices":[{"data":"Juggernaut","floor":10.0,"key":"SMITH"},{"data":"Infernal Blade","floor":15.0,"key":"SMITH"},{"data":"True Grit","floor":32.0,"key":"SMITH"},{"data":"Barricade","floor":41.0,"key":"SMITH"},{"data":"Entrench","floor":49.0,"key":"SMITH"}],"circlet_count":0,"master_deck":["Strike_R","Strike_R","Strike_R","Strike_R","Strike_R","Defend_R","Defend_R","Defend_R+1","Defend_R","Bash","ReplayTheSpireMod:Stacked+1","Iron Wave","ReplayTheSpireMod:Strike From Hell","Battle Trance","Juggernaut+1","Shrug It Off","Cleave","Seeing Red","Infernal Blade+1","Barricade+1","Flex","Perfected Strike","Sentinel+1","Entrench+1","Headbutt","Thunderclap","Hemogenesis","ReplayTheSpireMod:Limb From Limb","True Grit+1","True Grit","Panacea","Pummel","Dropkick+1","Body Slam","Demon Form","Clothesline+1","Flame Barrier","Armaments+1","Flex+1","Second Wind","Havoc+1","Body Slam+1","Pain","ReplayReversal+1"],"relics":["Burning Blood","Replay:Ringing Soul","ReplayTheSpireMod:Lightbulb","Orichalcum","PreservedInsect","Painkiller Herb","Replay:Kaleidoscope","Pen Nib","Pondfish Scales","Membership Card","Counterbalance","ChewingGum","Lantern","Gremlin Horn","InkBottle","WarpedTongs"],"acts_visited":[],"potions_floor_usage":[],"damage_taken":[{"damage":7.0,"enemies":"2 Louse","floor":1.0,"turns":2.0},{"damage":0.0,"enemies":"Small Slimes","floor":2.0,"turns":2.0},{"damage":1.0,"enemies":"Jaw Worm","floor":3.0,"turns":2.0},{"damage":13.0,"enemies":"Exordium Thugs","floor":5.0,"turns":3.0},{"damage":15.0,"enemies":"Lagavulin","floor":6.0,"turns":4.0},{"damage":0.0,"enemies":"Looter","floor":8.0,"turns":1.0},{"damage":0.0,"enemies":"Exordium Wildlife","floor":11.0,"turns":3.0},{"damage":0.0,"enemies":"Gremlin Gang","floor":12.0,"turns":3.0},{"damage":0.0,"enemies":"Large Slime","floor":13.0,"turns":3.0},{"damage":6.0,"enemies":"3 Sentries","floor":14.0,"turns":3.0},{"damage":2.0,"enemies":"Slime Boss","floor":16.0,"turns":6.0},{"damage":0.0,"enemies":"Chosen","floor":18.0,"turns":3.0},{"damage":0.0,"enemies":"Spheric Guardian","floor":19.0,"turns":2.0},{"damage":0.0,"enemies":"Centurion and Healer","floor":20.0,"turns":3.0},{"damage":0.0,"enemies":"Cultist and Chosen","floor":22.0,"turns":2.0},{"damage":0.0,"enemies":"Gremlin Leader","floor":23.0,"turns":3.0},{"damage":31.0,"enemies":"Snake Plant","floor":24.0,"turns":3.0},{"damage":31.0,"enemies":"Centurion and Healer","floor":25.0,"turns":4.0},{"damage":0.0,"enemies":"Cultist and Chosen","floor":27.0,"turns":3.0},{"damage":14.0,"enemies":"Book of Stabbing","floor":29.0,"turns":4.0},{"damage":1.0,"enemies":"3 Cultists","floor":30.0,"turns":3.0},{"damage":3.0,"enemies":"Champ","floor":33.0,"turns":5.0},{"damage":3.0,"enemies":"Orb Walker","floor":35.0,"turns":3.0},{"damage":1.0,"enemies":"3 Darklings","floor":36.0,"turns":2.0},{"damage":0.0,"enemies":"Writhing Mass","floor":37.0,"turns":3.0},{"damage":4.0,"enemies":"Maw","floor":38.0,"turns":3.0},{"damage":0.0,"enemies":"Jaw Worm Horde","floor":39.0,"turns":1.0},{"damage":3.0,"enemies":"Giant Head","floor":40.0,"turns":4.0},{"damage":0.0,"enemies":"Transient","floor":42.0,"turns":1.0},{"damage":4.0,"enemies":"Reptomancer","floor":44.0,"turns":2.0},{"damage":10.0,"enemies":"Sphere and 2 Shapes","floor":45.0,"turns":2.0},{"damage":13.0,"enemies":"Maw","floor":47.0,"turns":4.0},{"damage":0.0,"enemies":"Spire Growth","floor":48.0,"turns":2.0},{"damage":9,"enemies":"Donu and Deca","floor":50,"turns":4}],"seed_played":"-4453356821830620679","potions_obtained":[{"floor":1.0,"key":"GamblersBrew"},{"floor":3.0,"key":"Dexterity Potion"},{"floor":8.0,"key":"Block Potion"},{"floor":16.0,"key":"BloodPotion"},{"floor":19.0,"key":"LifebloodPotion"},{"floor":22.0,"key":"Strength Potion"},{"floor":25.0,"key":"Languid Potion"},{"floor":29.0,"key":"Fruit Juice"},{"floor":30.0,"key":"Swift Potion"},{"floor":33.0,"key":"SteroidPotion"},{"floor":45.0,"key":"AttackPotion"}],"is_trial":false,"path_per_floor":["M","M","M","?","M","E","?","M","T","R","M","M","M","E","R","B",null,"?","?","?","?","?","E","?","?","T","?","T","E","?","?","T","B",null,"?","?","?","?","?","E","T","?","T","E","?","?","?","?","T","B",null],"character_chosen":"IRONCLAD","items_purchased":["Pondfish Scales","Membership Card","True Grit","Panacea"],"campfire_rested":0,"item_purchase_floors":[28,28,28,28],"current_hp_per_floor":[87,88,88,81,77,71,52,61,61,61,70,79,88,91,91,98,112,115,118,121,131,134,137,115,93,93,102,105,110,118,121,121,132,166,169,169,172,175,178,181,181,181,181,184,183,186,179,188,188,185],"gold":393,"neow_bonus":"TEN_PERCENT_HP_BONUS","is_daily":false,"chose_seed":false,"campfire_upgraded":5,"win_rate":0.0,"timestamp":1614223372,"path_taken":["M","M","M","?","M","E","?","M","T","R","M","M","M","E","R","BOSS","?","?","?","?","?","E","?","?","T","?","?","E","?","?","T","BOSS","?","?","?","?","?","E","T","?","T","E","?","?","?","?","T","BOSS"],"items_purchased_type":["Relic","Relic","Card","Card"],"build_version":"2020-12-22","purchased_purges":0,"victory":true,"max_hp_per_floor":[88,88,88,88,91,94,94,97,97,97,100,103,106,109,109,112,112,115,118,121,131,134,137,140,143,143,146,149,157,160,163,163,166,166,169,169,172,175,178,181,181,181,181,184,187,190,190,193,193,193],"relic_stats":{"Gremlin Horn":[2,2],"counters":[1,4],"PreservedInsect":0,"Pen Nib":[1],"Orichalcum":[0],"obtain_stats":[{"Lantern":0,"Gremlin Horn":0,"Counterbalance":0,"Painkiller Herb":0,"PreservedInsect":0,"Pen Nib":0,"Replay:Kaleidoscope":0,"Orichalcum":0,"Burning Blood":0,"WarpedTongs":0,"Replay:Ringing Soul":0,"Pondfish Scales":0,"ChewingGum":0,"Membership Card":0,"ReplayTheSpireMod:Lightbulb":0,"InkBottle":0},{"Lantern":0,"Gremlin Horn":0,"Counterbalance":0,"Painkiller Herb":0,"PreservedInsect":0,"Pen Nib":0,"Replay:Kaleidoscope":0,"Orichalcum":0,"Burning Blood":0,"WarpedTongs":0,"Replay:Ringing Soul":0,"Pondfish Scales":0,"ChewingGum":0,"Membership Card":0,"ReplayTheSpireMod:Lightbulb":0,"InkBottle":0},{"Lantern":0,"Gremlin Horn":0,"Counterbalance":0,"Painkiller Herb":0,"PreservedInsect":0,"Pen Nib":0,"Replay:Kaleidoscope":0,"Orichalcum":0,"Burning Blood":0,"WarpedTongs":0,"Replay:Ringing Soul":0,"Pondfish Scales":0,"ChewingGum":0,"Membership Card":0,"ReplayTheSpireMod:Lightbulb":0,"InkBottle":0}],"Burning Blood":6,"InkBottle":[2],"WarpedTongs":[4]},"card_choices":[{"not_picked":["ReplayTheSpireMod:LeadingStrike","Ghostly Armor"],"picked":"ReplayTheSpireMod:Stacked","floor":1.0},{"not_picked":["ReplayTheSpireMod:LeadingStrike","Warcry"],"picked":"Iron Wave","floor":2.0},{"not_picked":["Run Through","Entrench"],"picked":"ReplayTheSpireMod:Strike From Hell","floor":3.0},{"not_picked":["ReplayTheSpireMod:Muscle Training","Pommel Strike"],"picked":"Battle Trance","floor":5.0},{"not_picked":["Rage","Bloodletting"],"picked":"Juggernaut","floor":6.0},{"not_picked":["Wild Strike","Run Through"],"picked":"Shrug It Off","floor":8.0},{"not_picked":["Defy Death","Iron Wave"],"picked":"Cleave","floor":11.0},{"not_picked":["Inflame","Wild Strike"],"picked":"Demonic Infusion","floor":12.0},{"not_picked":["ReplayTheSpireMod:Strike From Hell","Flex"],"picked":"Seeing Red","floor":13.0},{"not_picked":["Combust","Shrug It Off"],"picked":"Infernal Blade","floor":14.0},{"not_picked":["Eclipse","Juggernaut"],"picked":"Barricade","floor":16.0},{"not_picked":["Shrug It Off","Run Through"],"picked":"Flex","floor":18.0},{"not_picked":["Iron Wave+1","Bloodletting"],"picked":"Perfected Strike","floor":19.0},{"not_picked":["Iron Wave","Cleave"],"picked":"Sentinel+1","floor":20.0},{"not_picked":["Carnage","ReplayTheSpireMod:Strike From Hell"],"picked":"Entrench","floor":22.0},{"not_picked":["Pommel Strike","Replay:Undeath\u0027s Touch"],"picked":"Headbutt","floor":23.0},{"not_picked":["Flex","Dual Wield"],"picked":"Thunderclap","floor":24.0},{"not_picked":["Wild Strike+1","Perfected Strike+1"],"picked":"Hemogenesis","floor":25.0},{"not_picked":["Evolve","Spot Weakness+1"],"picked":"ReplayTheSpireMod:Limb From Limb","floor":27.0},{"not_picked":["True Grit","Thunderclap"],"picked":"Pummel","floor":29.0},{"not_picked":["Pommel Strike+1","Replay:Undeath\u0027s Touch+1"],"picked":"Dropkick+1","floor":30.0},{"not_picked":["Eclipse","Brutality"],"picked":"Demon Form","floor":33.0},{"not_picked":["Dark Embrace+1","Battle Trance"],"picked":"Clothesline+1","floor":35.0},{"not_picked":["Heavy Blade","Spot Weakness","Iron Wave"],"picked":"SKIP","floor":36.0},{"not_picked":["Heavy Blade","Perfected Strike"],"picked":"Flame Barrier","floor":37.0},{"not_picked":["Searing Blow","Clash"],"picked":"Armaments+1","floor":38.0},{"not_picked":["Heavy Blade+1","Rampage+1"],"picked":"Flex+1","floor":39.0},{"not_picked":["Shrug It Off","Armaments+1"],"picked":"Second Wind","floor":40.0},{"not_picked":["Dark Embrace+1","Replay:Undeath\u0027s Touch+1","ReplayTheSpireMod:Strike From Hell+1"],"picked":"SKIP","floor":42.0},{"not_picked":["Warcry+1","Second Wind"],"picked":"Havoc+1","floor":44.0},{"not_picked":["Seeing Red","Anger"],"picked":"Body Slam+1","floor":45.0},{"not_picked":["Sword Boomerang+1","ReplayTheSpireMod:Strike From Hell+1","Twin Strike+1"],"picked":"SKIP","floor":47.0},{"not_picked":["Dark Embrace+1","Immolate"],"picked":"ReplayReversal+1","floor":48.0}],"player_experience":1047058,"relics_obtained":[{"floor":6.0,"key":"ReplayTheSpireMod:Lightbulb"},{"floor":9.0,"key":"Orichalcum"},{"floor":14.0,"key":"PreservedInsect"},{"floor":23.0,"key":"Replay:Kaleidoscope"},{"floor":26.0,"key":"Pen Nib"},{"floor":29.0,"key":"Counterbalance"},{"floor":40.0,"key":"Lantern"},{"floor":43.0,"key":"Gremlin Horn"},{"floor":44.0,"key":"InkBottle"}],"event_choices":[{"damage_healed":0.0,"max_hp_gain":0.0,"max_hp_loss":0.0,"gold_gain":0.0,"event_name":"Scrap Ooze","player_choice":"Success","floor":4.0,"gold_loss":0.0,"damage_taken":7.0,"relics_obtained":["Replay:Ringing Soul"]},{"damage_healed":0.0,"max_hp_gain":0.0,"max_hp_loss":0.0,"gold_gain":0.0,"event_name":"Shining Light","player_choice":"Entered Light","floor":7.0,"gold_loss":0.0,"damage_taken":19.0,"cards_upgraded":["Defend_R","ReplayTheSpireMod:Stacked"]},{"cards_removed":["Demonic Infusion"],"damage_healed":0.0,"max_hp_gain":10.0,"max_hp_loss":0.0,"gold_gain":0.0,"event_name":"Bonfire Elementals","player_choice":"Offered Rare","floor":21.0,"gold_loss":0.0,"damage_taken":0.0},{"damage_healed":0.0,"max_hp_gain":0.0,"max_hp_loss":0.0,"gold_gain":0.0,"event_name":"The Library","player_choice":"Read","floor":31.0,"gold_loss":0.0,"damage_taken":0.0,"cards_obtained":["Body Slam"]},{"damage_healed":0.0,"max_hp_gain":0.0,"max_hp_loss":0.0,"gold_gain":0.0,"event_name":"Accursed Blacksmith","player_choice":"Rummage","floor":46.0,"gold_loss":0.0,"damage_taken":0.0,"relics_obtained":["WarpedTongs"],"cards_obtained":["Pain"]}],"is_beta":false,"boss_relics":[{"not_picked":["Ooze Armor","Pandora\u0027s Box"],"picked":"Painkiller Herb"},{"not_picked":["Tiny House","Runic Dome"],"picked":"ChewingGum"}],"items_purged_floors":[],"is_endless":false,"potions_floor_spawned":[1,3,8,16,19,22,25,29,30,33,35,37,39,45],"ascension_level":0}}