{"host":"lmshf3swj20gmdor","time":1614227976,"event":{"mods":["2.2 Compatiblity","BaseMod","Conspire","Downfall","Googly Eyes","Hubris","Minty Spire (QoL Compilation)","Replay The Spire","Spikes Relics","StSLib","Synergy Search","The Servant 0.9.4"],"gold_per_floor":[99,117,117,292,305,336,385,400,419,319,339,339,351,351,381,421,421,421],"floor_reached":16,"language":"ENG","playtime":563,"items_purged":[],"score":114,"play_id":"431fe339-c67f-47c4-963f-ff7ca6cce407","local_time":"20210225043936","is_ascension_mode":true,"campfire_choices":[{"floor":1,"key":"DIG"}],"circlet_count":0,"master_deck":["bronze:Strike","bronze:Strike","bronze:Strike","bronze:Defend","bronze:Defend","bronze:Defend","bronze:Defend","bronze:Replicate","bronze:Goto+1","bronze:DarkDash","Doubt","bronze:Terminator","bronze:Constructor","conspire:SpireCoStock","conspire:SpireCoStock","bronze:BurnOut","bronze:Boost","bronze:Fortify"],"relics":["bronze:BronzeCore","CherryCoatedStake","downfall:ShatteredFragment","Du-Vu Doll","Blood Vial","Happy Flower"],"acts_visited":["Exordium"],"potions_floor_usage":[15,16],"damage_taken":[{"damage":2,"enemies":"2 Louse","floor":2,"turns":3},{"damage":2,"enemies":"Jaw Worm","floor":5,"turns":3},{"damage":37,"enemies":"Lagavulin","floor":6,"turns":9},{"damage":0,"enemies":"Cultist","floor":8,"turns":2},{"damage":14,"enemies":"3 Louse","floor":9,"turns":5},{"damage":8,"enemies":"Blue Slaver","floor":11,"turns":4},{"damage":7,"enemies":"Large Slime","floor":13,"turns":7},{"damage":0,"enemies":"3 Louse","floor":15,"turns":4},{"damage":24,"enemies":"WA_ARCHETYPE_RETAIN","floor":16,"turns":4}],"seed_played":"-1157151037262006202","potions_obtained":[{"floor":6,"key":"DuplicationPotion"},{"floor":9,"key":"DuplicationPotion"},{"floor":15,"key":"Fire Potion"}],"is_trial":false,"path_per_floor":["R","M","?","?","M","E","T","M","M","?","M","?","M","T","M","B"],"character_chosen":"THE_AUTOMATON","items_purchased":[],"campfire_rested":0,"item_purchase_floors":[],"current_hp_per_floor":[70,70,49,49,47,10,10,12,9,9,3,3,1,1,12,0,0,0],"gold":421,"neow_bonus":"UPGRADE_CARD","is_daily":false,"chose_seed":false,"campfire_upgraded":0,"win_rate":0.0,"timestamp":1614227976,"path_taken":["R","M","?","?","M","E","T","M","M","?","?","?","M","?","M","BOSS"],"items_purchased_type":[],"build_version":"2020-12-22","purchased_purges":0,"victory":false,"max_hp_per_floor":[70,70,70,70,70,70,70,70,70,70,70,70,70,70,70,70,70,70],"card_choices":[{"not_picked":["bronze:Turbo","bronze:Refactor"],"picked":"bronze:DarkDash","floor":2},{"not_picked":["bronze:Shield","bronze:Turbo","bronze:CutThrough"],"picked":"SKIP","floor":5},{"not_picked":["bronze:Overheat","bronze:Shell"],"picked":"bronze:Terminator","floor":6},{"not_picked":["bronze:DelayedSlice","bronze:Shield","bronze:Overheat"],"picked":"SKIP","floor":8},{"not_picked":["bronze:BronzeOrb","bronze:Frontload"],"picked":"bronze:Constructor","floor":9},{"not_picked":["bronze:Deprecate","bronze:Repulsor"],"picked":"bronze:BurnOut","floor":11},{"not_picked":["bronze:Separator","bronze:DarkDash"],"picked":"bronze:Boost","floor":13},{"not_picked":["bronze:CutThrough","bronze:ForLoop"],"picked":"bronze:Fortify","floor":15}],"player_experience":839658,"relics_obtained":[{"floor":1,"key":"CherryCoatedStake"},{"floor":6,"key":"Du-Vu Doll"},{"floor":7,"key":"Blood Vial"},{"floor":14,"key":"Happy Flower"}],"event_choices":[{"damage_healed":0,"gold_gain":0,"player_choice":"Invest 2","damage_taken":0,"max_hp_gain":0,"max_hp_loss":0,"event_name":"conspire:Investor","floor":10,"gold_loss":0}],"is_beta":false,"boss_relics":[],"items_purged_floors":[],"is_endless":false,"potions_floor_spawned":[6,9,15],"killed_by":"WA_ARCHETYPE_RETAIN","ascension_level":2}}