{"host":"ix852c3kagn44fat","time":1614273640,"event":{"mods":["AchievementEnabler","BaseMod","BetterRewards","Colored Map","Colored Powertips","Downfall","Hermit","Hubris","Infinite Spire","Marisa????????","Minty Spire (QoL Compilation)","Replay The Spire","Shop Mod","StSLib","SuperFastMode","The Cursed","The Hierophant","The Jungle","The Mystic","The Servant 0.9.4"],"gold_per_floor":[118,137,137,155,3,47,67,67,67,67,90,129,129,144,144,268,268,283,283,299,299,299,299],"floor_reached":22,"language":"ENG","playtime":1181,"items_purged":["Injury"],"score":196,"play_id":"b0c0f431-a516-43fb-9d37-d9194b8d24e9","local_time":"20210225182040","is_ascension_mode":false,"campfire_choices":[{"data":"MilkyWay","floor":8.0,"key":"SMITH"},{"floor":15.0,"key":"REST"}],"circlet_count":0,"master_deck":["Strike_MRS","Strike_MRS+1","Strike_MRS","Strike_MRS","Defend_MRS","Defend_MRS","Defend_MRS","Defend_MRS","MasterSpark","UpSweep","MilkyWay+1","NonDirectionalLaser+1","SporeBomb","DC","StarBarrage","FairyDestructionRay","DoubleSpark","BlazingStar","GalacticHalo","BinaryStars","OrrerysSun","MilkyWay"],"relics":["MiniHakkero","NeowsBlessing","Golden Idol","Unceasing Top","hubris:AstralHammer","ReplayTheSpireMod:Ninjato","hubris:Backtick","Strange Spoon"],"acts_visited":["Exordium","theJungle:Jungle"],"potions_floor_usage":[16,20],"damage_taken":[{"damage":0.0,"enemies":"Cultist","floor":1.0,"turns":1.0},{"damage":0.0,"enemies":"Jaw Worm","floor":2.0,"turns":1.0},{"damage":0.0,"enemies":"2 Louse","floor":4.0,"turns":1.0},{"damage":17.0,"enemies":"3 Sentries","floor":6.0,"turns":6.0},{"damage":3.0,"enemies":"Exordium Thugs","floor":7.0,"turns":4.0},{"damage":6.0,"enemies":"Gremlin Gang","floor":11.0,"turns":3.0},{"damage":8.0,"enemies":"Gremlin Nob","floor":12.0,"turns":3.0},{"damage":7.0,"enemies":"Blue Slaver","floor":14.0,"turns":2.0},{"damage":24,"enemies":"The Guardian","floor":16,"turns":7},{"damage":18,"enemies":"theJungle:5_Spyders","floor":18,"turns":6},{"damage":50,"enemies":"theJungle:Flameango_and_Byrd","floor":20,"turns":5},{"damage":9,"enemies":"theJungle:JungleHuntersEncounter","floor":22,"turns":2}],"seed_played":"-7654199211368476802","potions_obtained":[{"floor":4.0,"key":"LifebloodPotion"},{"floor":11.0,"key":"SneckoOil"},{"floor":12.0,"key":"SneckoOil"},{"floor":18,"key":"Regen Potion"}],"is_trial":false,"path_per_floor":["M","M","?","M","$","E","M","R","T","?","M","E","?","M","R","B",null,"M","?","M","$","M"],"character_chosen":"MARISA","items_purchased":["SporeBomb","DC"],"campfire_rested":1,"item_purchase_floors":[5,5],"current_hp_per_floor":[75,75,75,75,75,58,55,55,55,40,34,26,26,19,41,17,75,57,57,7,7,0,0],"gold":299,"neow_bonus":"THREE_ENEMY_KILL","is_daily":false,"chose_seed":false,"campfire_upgraded":1,"win_rate":0.0,"timestamp":1614273640,"path_taken":["M","?","?","M","$","E","M","R","T","?","M","E","?","M","R","BOSS","M","?","M","?","M"],"items_purchased_type":["Card","Card"],"build_version":"2020-12-22","purchased_purges":1,"victory":false,"max_hp_per_floor":[75,75,75,75,75,75,75,75,75,75,75,75,75,75,75,75,75,75,75,75,75,75,75],"card_choices":[{"not_picked":["DoubleSpark","DarkMatter"],"picked":"MilkyWay","floor":1.0},{"not_picked":["AsteroidBelt","PowerUp"],"picked":"NonDirectionalLaser","floor":2.0},{"not_picked":["WitchLeyline","DarkMatter","BlazingStar"],"picked":"SKIP","floor":4.0},{"not_picked":["LuminesStrike","Occultation"],"picked":"StarBarrage","floor":6.0},{"not_picked":["ShootingEcho","OpenUniverse"],"picked":"FairyDestructionRay","floor":7.0},{"not_picked":["EnergyRecoil","LuminesStrike"],"picked":"DoubleSpark","floor":11.0},{"not_picked":["MilkyWay","SatelliteIllusion"],"picked":"BlazingStar","floor":12.0},{"not_picked":["Acceleration","WitchOfGreed"],"picked":"GalacticHalo","floor":14.0},{"not_picked":["ManaRampage","EscapeVelocity"],"picked":"BinaryStars","floor":16},{"not_picked":["ShootingEcho","DoubleSpark"],"picked":"OrrerysSun","floor":18},{"not_picked":["WitchOfGreed+1","UnstableBomb"],"picked":"MilkyWay","floor":20}],"player_experience":8806,"relics_obtained":[{"floor":6.0,"key":"Unceasing Top"},{"floor":9.0,"key":"hubris:AstralHammer"},{"floor":12.0,"key":"ReplayTheSpireMod:Ninjato"}],"event_choices":[{"damage_healed":0.0,"max_hp_gain":0.0,"max_hp_loss":0.0,"gold_gain":0.0,"event_name":"Golden Idol","player_choice":"Take Wound","floor":3.0,"gold_loss":0.0,"damage_taken":0.0,"relics_obtained":["Golden Idol"],"cards_obtained":["Injury"]},{"damage_healed":0.0,"max_hp_gain":0.0,"max_hp_loss":0.0,"gold_gain":0.0,"event_name":"Shining Light","player_choice":"Entered Light","floor":10.0,"gold_loss":0.0,"damage_taken":15.0,"cards_upgraded":["Strike_MRS","NonDirectionalLaser"]},{"damage_healed":0,"gold_gain":0,"player_choice":"Ignored","damage_taken":0,"max_hp_gain":0,"max_hp_loss":0,"event_name":"NoteForYourself","floor":19,"gold_loss":0}],"is_beta":false,"boss_relics":[{"not_picked":["Black Star","ReplayTheSpireMod:SealedPack"],"picked":"hubris:Backtick"}],"items_purged_floors":[5],"is_endless":false,"potions_floor_spawned":[4,11,12,18],"killed_by":"theJungle:JungleHuntersEncounter","ascension_level":0}}