{"host":"9oysz4knkucnjyyz","time":1614224791,"event":{"mods":["100% Spire Juice","2.2 Compatiblity","A Penny For Your Troubles","Act Like it!","BaseMod","Better Altar","Better Match","Better Note","Better Sensory Stone","Better Skull","Better Third Choice","BetterRewards","Displayed Cursed Tome","Downfall","Friendly Minions","Googly Eyes","GungeonMod","Hallownest","Hermit","Library of Ruina","Library of Ruina Extra","Lobotomy","LobotomyExtend","Minty Spire (QoL Compilation)","Reliquary","Spicy Shops","Spire Arcade","Spire Birthday Party","StSLib","The Bug Knight","Wide Potions","everything is the same but u backflip on backflip","slay the spire mod where everything is the same but ironclad has a cowboy hat"],"gold_per_floor":[119,136,149,168,183,183,183,199,199,214,214,233,258,272,272,375,375,414,425,425,437,437,437,465,485,510,510,523,523,534,547,547,547,547],"floor_reached":33,"language":"ENG","playtime":1533,"items_purged":[],"score":452,"play_id":"367053d9-f443-4165-9e04-387ae0e187d8","local_time":"20210224224631","is_ascension_mode":false,"campfire_choices":[{"data":"CleanUp","floor":6,"key":"SMITH"},{"data":"Tttonst","floor":11,"key":"SMITH"},{"data":"TieShanKao","floor":15,"key":"SMITH"},{"data":"SuanNi","floor":23,"key":"SMITH"},{"floor":27,"key":"REST"},{"data":"BladeWhirl","floor":29,"key":"SMITH"},{"data":"Castigation","floor":32,"key":"SMITH"}],"circlet_count":0,"master_deck":["Dodge+1","LightDefense+1","LightAttack","LightAttack","LightAttack","LightDefense","LightDefense","LightDefense","ChargeAndCover","FocusedStrikes","Bloodbath","ChopItOff","RedShoes","Castigation","Scorched","YoureAHindrance","LaLuna","QueenOfHatred","CleanUp+1","Wellcheers","TrimTheIngredients","WallGazer","Tttonst+1","OSAHOGD","BigBird","TieShanKao+1","LongBird","Castigation+1","BladeWhirl+1","SuanNi+1","BodiesMountain","Deflect_lor","SavageMode","Doubt","BlackArmy","BindingArms+1"],"relics":["PageOfLibrarian","CogitoBucket","RabbitCall","LetterFromLob","SkinProphecy","White Beast Statue","reliquary:Stiletto","Cursed Key","BehaviorAdjustment","Bottled Flame","War Paint","LuminousBracelet","AtMidnight"],"acts_visited":["Exordium","TheCity"],"potions_floor_usage":[18,19,24,28,33],"damage_taken":[{"damage":0,"enemies":"Jaw Worm","floor":1,"turns":4},{"damage":0,"enemies":"Cultist","floor":2,"turns":3},{"damage":3,"enemies":"Small Slimes","floor":3,"turns":3},{"damage":0,"enemies":"2 Fungi Beasts","floor":4,"turns":1},{"damage":7,"enemies":"Exordium Wildlife","floor":5,"turns":3},{"damage":0,"enemies":"Blue Slaver","floor":8,"turns":2},{"damage":8,"enemies":"Looter","floor":10,"turns":2},{"damage":5,"enemies":"Exordium Thugs","floor":12,"turns":3},{"damage":3,"enemies":"HollowMod:MossKnight","floor":13,"turns":5},{"damage":2,"enemies":"3 Louse","floor":14,"turns":1},{"damage":3,"enemies":"Slime Boss","floor":16,"turns":7},{"damage":6,"enemies":"Chosen","floor":18,"turns":3},{"damage":10,"enemies":"3 Byrds","floor":19,"turns":3},{"damage":13,"enemies":"Snake Plant","floor":21,"turns":2},{"damage":29,"enemies":"Slavers","floor":24,"turns":3},{"damage":4,"enemies":"Sentry and Sphere","floor":25,"turns":3},{"damage":29,"enemies":"3 Cultists","floor":28,"turns":12},{"damage":0,"enemies":"Snake Plant","floor":30,"turns":2},{"damage":4,"enemies":"Snecko","floor":31,"turns":4},{"damage":214,"enemies":"RedHoodMercenary","floor":33,"turns":7}],"seed_played":"2705948451276590516","potions_obtained":[{"floor":3,"key":"ColorlessPotion"},{"floor":5,"key":"Block Potion"},{"floor":16,"key":"AttackPotion"},{"floor":18,"key":"FearPotion"},{"floor":19,"key":"GamblersBrew"},{"floor":21,"key":"Ancient Potion"},{"floor":24,"key":"GamblersBrew"},{"floor":25,"key":"Weak Potion"},{"floor":28,"key":"FearPotion"},{"floor":30,"key":"FairyPotion"}],"is_trial":false,"path_per_floor":["M","M","M","M","M","R","E","M","T","M","R","M","E","M","R","B",null,"M","M","?","M","?","R","E","M","T","R","M","R","M","M","R","B"],"character_chosen":"Librarian","items_purchased":[],"campfire_rested":1,"item_purchase_floors":[],"current_hp_per_floor":[60,61,59,59,52,52,52,58,58,53,53,53,56,50,50,56,96,88,74,74,64,64,64,38,47,47,79,78,78,75,77,77,0,0],"gold":547,"neow_bonus":"","is_daily":false,"chose_seed":false,"campfire_upgraded":6,"win_rate":0.0,"timestamp":1614224791,"path_taken":["M","M","M","M","M","R","E","M","T","M","R","M","E","M","R","BOSS","M","M","?","M","?","R","E","M","T","R","?","R","M","M","R","BOSS"],"items_purchased_type":[],"build_version":"2020-12-22","purchased_purges":0,"victory":false,"max_hp_per_floor":[68,63,70,86,86,86,86,86,86,88,88,90,92,94,94,96,96,100,102,102,104,104,94,96,98,98,108,127,127,129,131,131,133,133],"card_choices":[{"not_picked":["MHz","Wellcheers","CrumblingArmor"],"picked":"Singing Bowl","floor":1},{"not_picked":["Murderer","MHz"],"picked":"Bloodbath","floor":1},{"not_picked":["ViolentFlame","Feast","SharpSwipe","HiddenBlade","Gamble","LawAndOrder","SnakesPrey","QuickSuppression"],"picked":"ChopItOff","floor":1},{"not_picked":["DespairKnight","BeautyBeast"],"picked":"RedShoes","floor":2},{"not_picked":["QuickSuppression","Multislash","InhaleSmoke","Standoff","EnergyShield","SkyClearingCut","FierceCharge","DesperateStruggle"],"picked":"Castigation","floor":2},{"not_picked":["WallGazer","Murderer"],"picked":"Scorched","floor":3},{"not_picked":["Reload","HandleRequest","SerpentSwordTechnique","BiAn","DesperateStruggle","UnavoidableGaze","SummaryJudgment","AsThePrescriptOrders"],"picked":"YoureAHindrance","floor":3},{"not_picked":["SnowQueen","QueenBee"],"picked":"LaLuna","floor":4},{"not_picked":["VioletBlade","SpearedSweep","QuickAttack","EnergyCycle","EndlessBattle","StrikeDown","QuickSuppression","BurningFlash","ElectricShock"],"picked":"SKIP","floor":4},{"not_picked":["DreamingCurrent","CrumblingArmor","CherryBlossoms"],"picked":"Singing Bowl","floor":5},{"not_picked":["Funeral","PunishingBird"],"picked":"QueenOfHatred","floor":5},{"not_picked":["MindWhip","BackAttack","Parry","SnakesPrey","SuppressingShot","Wallop_lor","DesperateStruggle","TheArtOfRapidSteps"],"picked":"CleanUp","floor":5},{"not_picked":["BeautyBeast","Murderer","FairyFestival"],"picked":"Singing Bowl","floor":8},{"not_picked":["MHz","CherryBlossoms"],"picked":"Wellcheers","floor":8},{"not_picked":["PreemptiveStrike","AsThePrescriptOrders","GreatSerpentsImpact","RepressedFlesh","BackAttack","StrongStrike","BattleCommand","Creak"],"picked":"TrimTheIngredients","floor":8},{"not_picked":["WhitesApple","LittlePrince"],"picked":"WallGazer","floor":10},{"not_picked":["Parry2","GuidanceOfTheGears","Quickness","ShockRound","Standoff","StrikeDown","FeatherShield","MultiBlock"],"picked":"Tttonst","floor":10},{"not_picked":["CrumblingArmor","LittlePrince"],"picked":"OSAHOGD","floor":12},{"not_picked":["StrikeDown","ShockingBlow","SerpentSwordTechnique","IdentifyWeakpoint","SnakeSlit","YourShield","EnergyCycle","Unlock1","UncannyStrike"],"picked":"SKIP","floor":12},{"not_picked":["Variant","Laetitia"],"picked":"BigBird","floor":13},{"not_picked":["RagingStormLove","BackAttack","CoordinatedAssault","Unlock1","EmotionalTurbulence","RipSpace","ExtractFuel","MultiHit"],"picked":"TieShanKao","floor":13},{"not_picked":["FairyFestival","Yin"],"picked":"LongBird","floor":14},{"not_picked":["Wallop_lor","QuickSuppression","Faith","Outburst","AbsorbImpact","AutonomousRush","IngredientHunt","ToWhereThePrescriptPoints","YouOnlyLiveOnce"],"picked":"SKIP","floor":14},{"not_picked":["UniverseFragment","MeatLantern","DespairKnight"],"picked":"Singing Bowl","floor":16},{"not_picked":["DaringDecision","SilentNight"],"picked":"Castigation","floor":16},{"not_picked":["SpiderBud","VoidDream","FieryBird"],"picked":"Singing Bowl","floor":18},{"not_picked":["MindPrepared+1","ExtractFuel","EnergyConversion","SkyClearingCut","Parry2+1","PreemptiveStrike","EnergyShield+1","BlazingStrike"],"picked":"BladeWhirl","floor":18},{"not_picked":["DespairKnight","SpiderBud","UniverseFragment"],"picked":"Singing Bowl","floor":19},{"not_picked":["CoordinatedAssault","SharpSwipe","Tailoring","SuppressingShot","EnergyShield+1","PreparedMind","BiAn","StrongStrike"],"picked":"SuanNi","floor":19},{"not_picked":["SingingMachine","MHz","SpiderBud"],"picked":"Singing Bowl","floor":21},{"not_picked":["SpiderBud","GreedKing"],"picked":"BodiesMountain","floor":21},{"not_picked":["HardRehearsal","Quickness","AsThePrescriptOrders","Brawl+1","StrongStrike","AutomatedMovement","FleetFootsteps","ProselytesBlade"],"picked":"Deflect_lor","floor":21},{"not_picked":["PunishingBird","VoidDream","UniverseFragment"],"picked":"Singing Bowl","floor":24},{"not_picked":["EnergyCycle+1","Outburst+1","PreemptiveStrike","Unlock1","ClassAndRespect+1","CutIn+1","HandleRequest+1","SerpentSwordTechnique"],"picked":"SavageMode","floor":24},{"not_picked":["MeatLantern","OldLady","Murderer"],"picked":"Singing Bowl","floor":25},{"not_picked":["HandleRequest+1","SnakesPrey","Quickness","GrazeTheGrass","MultiHit","WildCard","WillOfThePrescript+1","Commandeering","ShockingBlow+1"],"picked":"SKIP","floor":25},{"not_picked":["GreedKing","Funeral"],"picked":"BlackArmy","floor":28},{"not_picked":["Diversion","MultiHit","DarkCloud","FervidEmotions","WillOfThePrescript","MindWhip","SnakeSlit","ViolentFlame+1"],"picked":"BindingArms+1","floor":28},{"not_picked":["CrumblingArmor","Woodsman","HeroicMonk"],"picked":"Singing Bowl","floor":30},{"not_picked":["BackAttack","DefenseOrder+1","TasteMyFlamingBat","Quickness","WillOfThePrescript+1","NightInTheBackstreets","SharpSwipe+1","HandleRequest","SerpentSwordTechnique"],"picked":"SKIP","floor":30},{"not_picked":["Variant","FieryBird","VoidDream"],"picked":"Singing Bowl","floor":31},{"not_picked":["SerpentSwordTechnique","FierceCharge","AssaultOrder","SpearedSweep","AbsorbImpact+1","CombatPreparation","EmotionalTurbulence","StrikeDown","GaleKick"],"picked":"SKIP","floor":31}],"player_experience":382865,"relics_obtained":[{"floor":1,"key":"LetterFromLob"},{"floor":9,"key":"White Beast Statue"},{"floor":13,"key":"reliquary:Stiletto"},{"floor":24,"key":"Bottled Flame"},{"floor":26,"key":"War Paint"},{"floor":28,"key":"AtMidnight"}],"event_choices":[{"cards_removed":["SuanNi"],"damage_healed":0,"gold_gain":0,"player_choice":"Give","damage_taken":0,"max_hp_gain":0,"max_hp_loss":0,"event_name":"betterNote:BetterNote","floor":20,"gold_loss":0,"cards_obtained":["Wellcheers"]},{"damage_healed":0,"gold_gain":0,"player_choice":"Leave","damage_taken":0,"max_hp_gain":0,"max_hp_loss":0,"event_name":"FaceTrader","floor":22,"gold_loss":0}],"is_beta":false,"boss_relics":[{"not_picked":["Runic Pyramid","Empty Cage"],"picked":"Cursed Key"}],"items_purged_floors":[],"is_endless":false,"potions_floor_spawned":[3,5,10,12,13,14,16,18,19,21,24,25,28,30,31],"killed_by":"RedHoodMercenary","ascension_level":0}}