{"host":"irkvb15aeca84r2v","time":1614225430,"event":{"mods":["BaseMod","Block Reminder","Minty Spire (QoL Compilation)","Permanent Neow","Quick Restart"],"gold_per_floor":[116,129,129,129,145,145,170,170,170,170,182,182,215,30,30,132,132,142,152,53,53,3,3,31,46,69,79,4,14,14,29,29,128,128,147,147,158,30,80,80,30,30,30,30,30,46,65,84,84,84,84],"floor_reached":50,"language":"ENG","playtime":2416,"items_purged":["Strike_R","Strike_R","Bash"],"score":470,"play_id":"9898f007-a262-4a50-a696-390438c94d26","local_time":"20210224215710","is_ascension_mode":false,"campfire_choices":[{"floor":6,"key":"REST"},{"floor":8,"key":"RECALL"},{"floor":12,"key":"REST"},{"data":"Dark Embrace","floor":15,"key":"SMITH"},{"data":"True Grit","floor":23,"key":"SMITH"},{"floor":30,"key":"REST"},{"floor":32,"key":"REST"},{"data":"Demon Form","floor":40,"key":"SMITH"},{"data":"Feel No Pain","floor":42,"key":"SMITH"},{"data":"Feel No Pain","floor":45,"key":"SMITH"},{"floor":49,"key":"REST"}],"circlet_count":0,"master_deck":["Strike_R","Strike_R","Strike_R","Defend_R","Defend_R","Defend_R","Defend_R","Immolate+1","Wild Strike","Power Through","Evolve","Anger+1","Feel No Pain+1","Demon Form+1","True Grit+1","Feel No Pain+1","Immolate","Flame Barrier","Purity","Reckless Charge","Fire Breathing+1"],"relics":["Burning Blood","Bronze Scales","Omamori","Shuriken","Bird Faced Urn","Toy Ornithopter","Happy Flower","Busted Crown","Smiling Mask","Whetstone","Cursed Key","CaptainsWheel","Frozen Egg 2"],"acts_visited":["Exordium","TheCity","TheBeyond"],"potions_floor_usage":[7,18,24,27,33,33,35,46],"damage_taken":[{"damage":6,"enemies":"Cultist","floor":1,"turns":3},{"damage":11,"enemies":"Jaw Worm","floor":2,"turns":2},{"damage":0,"enemies":"2 Louse","floor":5,"turns":1},{"damage":47,"enemies":"Lagavulin","floor":7,"turns":6},{"damage":0,"enemies":"Large Slime","floor":11,"turns":2},{"damage":18,"enemies":"3 Sentries","floor":13,"turns":4},{"damage":43,"enemies":"Slime Boss","floor":16,"turns":8},{"damage":3,"enemies":"3 Byrds","floor":18,"turns":3},{"damage":17,"enemies":"Spheric Guardian","floor":19,"turns":4},{"damage":36,"enemies":"Book of Stabbing","floor":24,"turns":6},{"damage":29,"enemies":"Cultist and Chosen","floor":25,"turns":5},{"damage":29,"enemies":"Shelled Parasite and Fungi","floor":27,"turns":4},{"damage":21,"enemies":"Snake Plant","floor":29,"turns":3},{"damage":30,"enemies":"Centurion and Healer","floor":31,"turns":5},{"damage":43,"enemies":"Collector","floor":33,"turns":8},{"damage":9,"enemies":"3 Darklings","floor":35,"turns":1},{"damage":5,"enemies":"3 Shapes","floor":37,"turns":2},{"damage":23,"enemies":"Mind Bloom Boss Battle","floor":39,"turns":8},{"damage":13,"enemies":"Transient","floor":46,"turns":5},{"damage":35,"enemies":"Writhing Mass","floor":47,"turns":6},{"damage":40,"enemies":"Jaw Worm Horde","floor":48,"turns":4},{"damage":63,"enemies":"Awakened One","floor":50,"turns":6}],"seed_played":"-9212389166930784200","potions_obtained":[{"floor":5,"key":"AttackPotion"},{"floor":7,"key":"BloodPotion"},{"floor":11,"key":"SpeedPotion"},{"floor":16,"key":"Strength Potion"},{"floor":19,"key":"DuplicationPotion"},{"floor":27,"key":"SpeedPotion"},{"floor":31,"key":"ElixirPotion"},{"floor":37,"key":"DistilledChaos"},{"floor":48,"key":"DuplicationPotion"}],"is_trial":false,"path_per_floor":["M","M","?","?","M","R","E","R","T","?","M","R","E","$","R","B",null,"M","M","$","?","$","R","E","M","T","M","$","M","R","M","R","B",null,"M","?","M","$","?","R","$","R","T","?","R","M","M","M","R","B"],"character_chosen":"IRONCLAD","items_purchased":["Feel No Pain","Happy Flower","True Grit","Feel No Pain","Flame Barrier","Purity"],"campfire_rested":5,"item_purchase_floors":[14,14,20,28,38,38],"current_hp_per_floor":[80,75,80,55,61,85,44,44,44,44,50,75,65,65,65,34,85,85,74,74,74,74,74,56,41,41,44,44,33,58,44,69,52,85,82,82,85,85,71,71,71,71,71,85,85,78,57,29,54,0,0],"gold":84,"neow_bonus":"ONE_RANDOM_RARE_CARD","is_daily":false,"chose_seed":false,"campfire_upgraded":5,"win_rate":0.0,"timestamp":1614225430,"path_taken":["M","?","?","?","M","R","E","R","T","?","?","R","E","?","R","BOSS","M","M","?","?","$","R","E","M","T","M","$","M","R","M","R","BOSS","M","?","M","$","?","R","$","R","T","?","R","M","?","M","R","BOSS"],"items_purchased_type":["Card","Relic","Card","Card","Card","Card"],"build_version":"2020-12-22","purchased_purges":3,"victory":false,"max_hp_per_floor":[80,80,85,85,85,85,85,85,85,85,85,85,85,85,85,85,85,85,85,85,85,85,85,85,85,85,85,85,85,85,85,85,85,85,85,85,85,85,85,85,85,85,85,85,85,85,85,85,85,85,85],"card_choices":[{"not_picked":["Second Wind","Clash"],"picked":"Wild Strike","floor":1},{"not_picked":["Shrug It Off","Thunderclap"],"picked":"Power Through","floor":2},{"not_picked":["Dropkick","Clothesline"],"picked":"Dark Embrace","floor":5},{"not_picked":["Rage","Second Wind"],"picked":"Evolve","floor":7},{"not_picked":["Clothesline","Cleave","Flex"],"picked":"SKIP","floor":11},{"not_picked":["Whirlwind","Entrench"],"picked":"Anger","floor":13},{"not_picked":["Offering","Immolate"],"picked":"Demon Form","floor":16},{"not_picked":["Clash"],"picked":"SKIP","floor":18},{"not_picked":["Searing Blow"],"picked":"SKIP","floor":19},{"not_picked":["Sentinel+1"],"picked":"SKIP","floor":24},{"not_picked":["Pommel Strike"],"picked":"SKIP","floor":25},{"not_picked":["Pommel Strike"],"picked":"SKIP","floor":27},{"not_picked":["Clash+1"],"picked":"SKIP","floor":29},{"not_picked":["Body Slam+1"],"picked":"SKIP","floor":31},{"not_picked":[],"picked":"Immolate","floor":33},{"not_picked":["Wild Strike"],"picked":"SKIP","floor":35},{"not_picked":["Pommel Strike+1"],"picked":"SKIP","floor":37},{"not_picked":[],"picked":"Reckless Charge","floor":39},{"not_picked":["Flex"],"picked":"SKIP","floor":46},{"not_picked":["Dark Embrace+1"],"picked":"SKIP","floor":47},{"not_picked":[],"picked":"Fire Breathing+1","floor":48}],"player_experience":331070,"relics_obtained":[{"floor":7,"key":"Omamori"},{"floor":9,"key":"Shuriken"},{"floor":10,"key":"Bird Faced Urn"},{"floor":13,"key":"Toy Ornithopter"},{"floor":24,"key":"Whetstone"},{"floor":39,"key":"CaptainsWheel"},{"floor":43,"key":"Frozen Egg 2"}],"event_choices":[{"damage_healed":0,"gold_gain":0,"player_choice":"Donut","damage_taken":0,"max_hp_gain":5,"max_hp_loss":0,"event_name":"Big Fish","floor":3,"gold_loss":0},{"damage_healed":0,"gold_gain":0,"player_choice":"Success","damage_taken":25,"relics_obtained":["Bronze Scales"],"max_hp_gain":0,"max_hp_loss":0,"event_name":"Scrap Ooze","floor":4,"gold_loss":0},{"damage_healed":0,"gold_gain":0,"player_choice":"Relic","damage_taken":0,"max_hp_gain":0,"max_hp_loss":0,"event_name":"Wheel of Change","floor":10,"gold_loss":0},{"damage_healed":0,"gold_gain":0,"player_choice":"Stole Relic","damage_taken":0,"relics_obtained":["Smiling Mask"],"max_hp_gain":0,"max_hp_loss":0,"event_name":"Addict","floor":21,"gold_loss":0,"cards_obtained":["Shame"]},{"damage_healed":0,"gold_gain":0,"player_choice":"Ignored","damage_taken":0,"max_hp_gain":0,"max_hp_loss":0,"event_name":"Mysterious Sphere","floor":36,"gold_loss":0},{"damage_healed":0,"gold_gain":0,"player_choice":"Fight","damage_taken":0,"max_hp_gain":0,"max_hp_loss":0,"event_name":"MindBloom","floor":39,"gold_loss":0},{"cards_removed":["Dark Embrace"],"damage_healed":14,"gold_gain":0,"player_choice":"Offered Uncommon","damage_taken":0,"max_hp_gain":0,"max_hp_loss":0,"event_name":"Bonfire Elementals","floor":44,"gold_loss":0}],"is_beta":false,"boss_relics":[{"not_picked":["Ectoplasm","Velvet Choker"],"picked":"Busted Crown"},{"not_picked":["SacredBark","Black Blood"],"picked":"Cursed Key"}],"items_purged_floors":[20,22,41],"is_endless":false,"potions_floor_spawned":[5,7,11,16,19,27,31,37,48],"killed_by":"Awakened One","ascension_level":0}}