{"host":"w4c9oc640fn2feul","time":1614248917,"event":{"mods":["AchievementEnabler","Act Like it!","Aspiration","BaseMod","BetterRewards","Conspire","Custom Start","Defuse TimeMaze Blight","Energized Spire","Gensokyo","GifTheSpireLib","Halation","Hubris","Infinite Spire","Marked Mod","Minty Spire (QoL Compilation)","Quarter Circle Forward PUNCH!","Reliquary","Replay The Spire","Shop Mod","StSLib","Stuff the Spire","The Animator","The Cursed","The Jungle"],"gold_per_floor":[117,117,136,38,38,38,38,65,65,77,9,9,9,9,9,104,104,121,139,151,151,167,167,267,285,285,210,210,227,227,247,247,247,247],"floor_reached":33,"language":"ENG","playtime":2786,"items_purged":["conspire:Purge+1","Strike_R"],"score":245,"play_id":"c4cf4b5b-10b7-43d4-aa6e-09e50d9a36e7","local_time":"20210225112837","is_ascension_mode":false,"campfire_choices":[{"data":"conspire:Purge","floor":7.0,"key":"SMITH"},{"floor":13.0,"key":"REST"},{"floor":15.0,"key":"REST"},{"floor":23.0,"key":"REST"},{"floor":30.0,"key":"RECALL"},{"data":"Defend_R","floor":32.0,"key":"PURGE"}],"circlet_count":0,"master_deck":["Strike_R","Strike_R","Defend_R","Defend_R","ReplayTheSpireMod:Strike From Hell","infinitespire:OneForAll","Heavy Blade","Inflame","Reaper","Replay:Undeath\u0027s Touch+1","Sword Boomerang","Sword Boomerang","Spot Weakness+1","infinitespire:Starlight","Fire Breathing","Rage+1"],"relics":["Burning Blood"],"acts_visited":["Exordium","TheCity"],"potions_floor_usage":[33],"damage_taken":[{"damage":6.0,"enemies":"Gensokyo:Gryphon","floor":1.0,"turns":5.0},{"damage":1.0,"enemies":"Gensokyo:Python","floor":3.0,"turns":3.0},{"damage":69.0,"enemies":"Gensokyo:Cirno","floor":8.0,"turns":9.0},{"damage":11.0,"enemies":"Gensokyo:2_Kodama","floor":10.0,"turns":5.0},{"damage":107.0,"enemies":"Gensokyo:Reimu","floor":16.0,"turns":21.0},{"damage":42.0,"enemies":"conspire:FuzzyDice","floor":18.0,"turns":8.0},{"damage":16.0,"enemies":"Chosen","floor":19.0,"turns":6.0},{"damage":39.0,"enemies":"Snake Plant","floor":20.0,"turns":5.0},{"damage":68.0,"enemies":"Cultist and Chosen","floor":22.0,"turns":7.0},{"damage":15.0,"enemies":"Snecko","floor":25.0,"turns":3.0},{"damage":32.0,"enemies":"Snake Plant","floor":29.0,"turns":4.0},{"damage":10.0,"enemies":"Cultist and Chosen","floor":31.0,"turns":4.0},{"damage":134,"enemies":"Collector","floor":33,"turns":11}],"seed_played":"2630842301496669641","potions_obtained":[{"floor":16.0,"key":"BloodPotion"},{"floor":19.0,"key":"SteroidPotion"},{"floor":22.0,"key":"AttackPotion"},{"floor":25.0,"key":"Adrenaline Potion"},{"floor":29.0,"key":"conspire:TimeTravelPotion"}],"is_trial":false,"path_per_floor":["M","?","M","$","?","?","R","E","T","M","COS","?","R","?","R","B",null,"M","M","M","AVR","M","R","?","M","T","$","?","M","R","M","R","B"],"character_chosen":"IRONCLAD","items_purchased":["Heavy Blade","Inflame"],"campfire_rested":3,"item_purchase_floors":[4,4],"current_hp_per_floor":[80,80,80,80,80,88,88,25,25,20,20,20,46,46,72,9,88,52,46,30,30,52,78,78,69,69,69,69,51,51,67,67,0,0],"gold":247,"neow_bonus":"ONE_RANDOM_RARE_CARD","is_daily":false,"chose_seed":false,"campfire_upgraded":1,"win_rate":0.0,"timestamp":1614248917,"path_taken":["M","?","M","$","?","?","R","E","T","M","COS","?","R","?","R","BOSS","M","M","M","AVR","M","R","?","?","T","?","?","M","R","M","R","BOSS"],"items_purchased_type":["Card","Card"],"build_version":"2020-12-22","purchased_purges":2,"victory":false,"max_hp_per_floor":[80,80,80,80,80,88,88,88,88,88,88,88,88,88,88,88,88,88,88,88,88,88,88,88,88,88,88,88,88,88,88,88,88,88],"card_choices":[{"not_picked":["Replay:Undeath\u0027s Touch","Flex"],"picked":"ReplayTheSpireMod:Strike From Hell","floor":1.0},{"not_picked":["Battle Trance","Twin Strike"],"picked":"infinitespire:OneForAll","floor":3.0},{"not_picked":["Reckless Charge","Flame Barrier","hubris:ReadiedAction"],"picked":"SKIP","floor":8.0},{"not_picked":["Run Through","Sword Boomerang"],"picked":"Reaper","floor":10.0},{"not_picked":["Run Through","Anger"],"picked":"Sword Boomerang","floor":18.0},{"not_picked":["True Grit","Armaments"],"picked":"Sword Boomerang","floor":19.0},{"not_picked":["Body Slam+1","Flex"],"picked":"Spot Weakness+1","floor":20.0},{"not_picked":["Immolate","ReplayTheSpireMod:Strike From Hell","Spot Weakness"],"picked":"SKIP","floor":22.0},{"not_picked":["StuffTheSpire:Incineration+1","Pommel Strike"],"picked":"Fire Breathing","floor":25.0},{"not_picked":["hubris:CleavingFinish","Intimidate","hubris:ReadiedAction+1"],"picked":"SKIP","floor":29.0},{"not_picked":["Rampage","Seeing Red"],"picked":"Rage+1","floor":31.0}],"player_experience":497064,"relics_obtained":[],"event_choices":[{"damage_healed":0.0,"max_hp_gain":0.0,"max_hp_loss":0.0,"gold_gain":100.0,"event_name":"Golden Shrine","player_choice":"Pray","floor":24.0,"gold_loss":0.0,"damage_taken":0.0},{"cards_removed":["Strike_R"],"damage_healed":0.0,"max_hp_gain":0.0,"max_hp_loss":0.0,"gold_gain":0.0,"event_name":"Purifier","player_choice":"Purged","floor":28.0,"gold_loss":0.0,"damage_taken":0.0}],"is_beta":false,"boss_relics":[{"not_picked":["aspiration:SilentSkillbook","aspiration:FutureDiary","halation:MonkeysPaw"]}],"items_purged_floors":[21,27],"is_endless":false,"potions_floor_spawned":[16,19,22,25,29],"killed_by":"Collector","ascension_level":0}}