{"host":"0hb9w7uizu7y13wj","time":1614280908,"event":{"mods":["Act Like it!","Aspiration","BaseMod","BetterRewards","Colored Map","Conspire","Downfall","Energized Spire","FTL Soundtrack","Friendly Minions","Halation","Hubris","Infinite Spire","Minty Spire (QoL Compilation)","Quick Restart","Replay The Spire","StSLib","Synergy Search","The Hierophant","The Jungle","The Poker Player","Trackpad","everything is the same but u backflip on backflip"],"gold_per_floor":[139,139,175,211,111,111,164,201,201,236,268,84,124,124,124,195,195,210,245,245,262,60,60,100,110,137,137,172,172,207,244,244,318,318,330,364,364,414,434,434,534,562,562,592,592,592],"floor_reached":45,"language":"ENG","playtime":2631,"items_purged":["Defend_R","downfall:Icky","Strike_R"],"score":1594,"play_id":"29891d75-4a34-43f0-9f62-4a9f461225d6","local_time":"20210225192148","is_ascension_mode":true,"campfire_choices":[{"data":"Bash","floor":6.0,"key":"SMITH"},{"floor":15.0,"key":"REST"},{"floor":23.0,"key":"REST"},{"data":"ReplayTheSpireMod:Strike From Hell","floor":29.0,"key":"SMITH"},{"data":"hubris:Wrath","floor":32.0,"key":"PURGE"},{"floor":40,"key":"REST"}],"circlet_count":0,"master_deck":["AscendersBane","Strike_R","Strike_R+1","Strike_R","Strike_R","Defend_R","Defend_R","Defend_R+1","Bash+1","HandOfGreed","Ghostly","Flame Barrier","Flame Barrier+1","Shrug It Off+1","ReplayTheSpireMod:Strike From Hell+1","Feed+1","Clumsy","Feel No Pain","Spot Weakness","Sword Boomerang","Bandage Up+1","Clothesline","Flame Barrier","Impervious+1","Feed+1","Defy Death","Evolve","Defy Death","Twin Strike+1","CurseOfTheBell","CurseOfTheBell","Regret","Feel No Pain"],"relics":["Burning Blood","infinitespire:EmpoweringShard","hubris:AstralHammer","Dream Catcher","Golden Egg","conspire:Flyswatter","Replay:Ancient Bell","aspiration:Lifesprig","infinitespire:WardingShard","Peace Pipe","Oddly Smooth Stone","Replay:Rubber Ducky","infinitespire:PuzzleCube","Simple Rune","trackpad:Coffee","infinitespire:Lucky Rock","downfall:ExtraCursedBell","MealTicket","The Courier","hubris:CuriousFeather","trackpad:AdjectivePendant"],"acts_visited":["Exordium","theJungle:Jungle","TheBeyond"],"potions_floor_usage":[],"damage_taken":[{"damage":0.0,"enemies":"2 Louse","floor":1.0,"turns":2.0},{"damage":2.0,"enemies":"conspire:RoseBush","floor":3.0,"turns":4.0},{"damage":2.0,"enemies":"Jaw Worm","floor":4.0,"turns":3.0},{"damage":21.0,"enemies":"Lagavulin","floor":7.0,"turns":4.0},{"damage":9.0,"enemies":"Red Slaver","floor":8.0,"turns":4.0},{"damage":8.0,"enemies":"Gremlin Nob","floor":10.0,"turns":3.0},{"damage":1.0,"enemies":"Looter","floor":11.0,"turns":2.0},{"damage":4.0,"enemies":"conspire:2 RoseBushes","floor":13.0,"turns":5.0},{"damage":8.0,"enemies":"Fading Forest","floor":16.0,"turns":5.0},{"damage":27.0,"enemies":"theJungle:GiantWrat","floor":18.0,"turns":4.0},{"damage":18.0,"enemies":"conspire:MimicChest","floor":19.0,"turns":5.0},{"damage":29.0,"enemies":"theJungle:Flameango_and_Byrd","floor":21.0,"turns":8.0},{"damage":17.0,"enemies":"theJungle:Lyon","floor":24.0,"turns":7.0},{"damage":22.0,"enemies":"theJungle:SlimyTreeVines","floor":25.0,"turns":8.0},{"damage":13.0,"enemies":"theJungle:2_Phrogs","floor":28.0,"turns":7.0},{"damage":0.0,"enemies":"theJungle:Cassacara","floor":30.0,"turns":5.0},{"damage":6.0,"enemies":"theJungle:2_Snecko_Cultists","floor":31.0,"turns":5.0},{"damage":24.0,"enemies":"theJungle:TotemBoss","floor":33.0,"turns":7.0},{"damage":45.0,"enemies":"3 Darklings","floor":35.0,"turns":8.0},{"damage":14,"enemies":"3 Shapes","floor":36,"turns":5},{"damage":30,"enemies":"Jaw Worm Horde","floor":38,"turns":7},{"damage":20,"enemies":"Writhing Mass","floor":39,"turns":8},{"damage":60,"enemies":"R_Hoarder","floor":42,"turns":10},{"damage":21,"enemies":"4 Shapes","floor":44,"turns":5},{"damage":0,"enemies":"Jaw Worm Horde","floor":45,"turns":3}],"seed_played":"-8252872022110772","potions_obtained":[{"floor":4.0,"key":"hexamod:SoulburnPotion"},{"floor":7.0,"key":"Elixir"},{"floor":8.0,"key":"Fire Potion"},{"floor":21.0,"key":"EntropicBrew"},{"floor":25.0,"key":"Elixir"}],"is_trial":false,"path_per_floor":["M","?","M","M","?","R","E","M","T","E","M","$","M","?","R","B",null,"M","?","?","M","$","R","M","M","T","?","E","R","E","M","R","B",null,"M","M","AVR","M","M","R","?","E","T","M","M"],"character_chosen":"IRONCLAD","items_purchased":["infinitespire:EmpoweringShard","HandOfGreed","Flame Barrier","Shrug It Off","Bandage Up"],"campfire_rested":3,"item_purchase_floors":[0,0,12,12,22],"current_hp_per_floor":[39,44,48,52,52,52,37,34,34,32,37,37,39,39,63,69,77,60,52,64,45,45,72,67,67,67,96,89,89,96,96,96,84,93,60,62,62,48,44,76,76,32,32,23,29,29],"gold":592,"neow_bonus":"","is_daily":false,"chose_seed":false,"campfire_upgraded":2,"win_rate":0.0,"timestamp":1614280908,"path_taken":["M","?","M","M","?","R","E","?","T","E","M","?","M","?","R","BOSS","M","?","?","M","$","R","M","M","T","?","E","R","E","M","R","BOSS","M","M","AVR","M","?","R","?","E","T","M","M"],"items_purchased_type":["Relic","Card","Card","Card","Card"],"build_version":"2020-12-22","purchased_purges":3,"victory":false,"max_hp_per_floor":[75,80,80,80,80,80,80,80,80,80,80,80,80,80,80,80,80,84,88,88,92,92,92,92,96,96,96,96,96,96,96,96,96,96,96,100,100,104,108,108,108,112,112,112,112,112],"card_choices":[{"not_picked":["Dark Embrace","Rupture","hubris:SharpeningStone"],"picked":"SKIP","floor":1.0},{"not_picked":["ReplayTheSpireMod:Strike From Hell","Rage","Havoc"],"picked":"SKIP","floor":3.0},{"not_picked":["Hemokinesis","Wild Strike","Heavy Blade"],"picked":"SKIP","floor":4.0},{"not_picked":["Sword Boomerang","ReplayTheSpireMod:Strike From Hell","Combust"],"picked":"SKIP","floor":7.0},{"not_picked":["True Grit","Flex","Havoc"],"picked":"SKIP","floor":8.0},{"not_picked":["Headbutt","Clothesline","Armaments"],"picked":"SKIP","floor":10.0},{"not_picked":["Armaments","Body Slam"],"picked":"Flame Barrier","floor":11.0},{"not_picked":["Replay:Undeath\u0027s Touch","Pommel Strike","Body Slam"],"picked":"SKIP","floor":13.0},{"not_picked":["Clash","Body Slam"],"picked":"ReplayTheSpireMod:Strike From Hell","floor":15.0},{"not_picked":["Juggernaut","Fiend Fire"],"picked":"Feed","floor":16.0},{"not_picked":["hubris:Compulsion","Delirium"],"picked":"hubris:Wrath","floor":17.0},{"not_picked":["ReplayTheSpireMod:Doomed","Sickly"],"picked":"downfall:Icky","floor":17.0},{"not_picked":["Hallucinations","Doubt"],"picked":"Clumsy","floor":17.0},{"not_picked":["Hemokinesis+1","Cleave"],"picked":"Feel No Pain","floor":18.0},{"not_picked":["Juggernaut","Perfected Strike"],"picked":"Spot Weakness","floor":19.0},{"not_picked":["Warcry+1","Seeing Red"],"picked":"Sword Boomerang","floor":21.0},{"not_picked":["Perfected Strike","conspire:ExplosiveBarrier"],"picked":"Clothesline","floor":23.0},{"not_picked":["hubris:SharpeningStone","Run Through","Body Slam"],"picked":"SKIP","floor":24.0},{"not_picked":["Havoc","Body Slam"],"picked":"Flame Barrier","floor":25.0},{"not_picked":["Shrug It Off","Reckless Charge","hubris:ReadiedAction"],"picked":"SKIP","floor":28.0},{"not_picked":["Uppercut","Headbutt"],"picked":"Impervious","floor":30.0},{"not_picked":["Shrug It Off","Twin Strike","Rupture"],"picked":"SKIP","floor":31.0},{"not_picked":["Hemogenesis","Berserk"],"picked":"Feed","floor":33.0},{"not_picked":["hubris:ReadiedAction","Headbutt"],"picked":"Defy Death","floor":35.0},{"not_picked":["Sever Soul","Disarm"],"picked":"Evolve","floor":36},{"not_picked":["Second Wind","Sword Boomerang"],"picked":"Defy Death","floor":38},{"not_picked":["Perfected Strike","conspire:Charge+1","Clash"],"picked":"SKIP","floor":39},{"not_picked":["Disarm","Rage"],"picked":"Twin Strike+1","floor":40},{"not_picked":["Body Slam+1","Thunderclap"],"picked":"Feel No Pain","floor":42},{"not_picked":["Clash","conspire:Purge","Dropkick"],"picked":"SKIP","floor":44}],"player_experience":994734,"relics_obtained":[{"floor":7.0,"key":"Dream Catcher"},{"floor":9.0,"key":"Golden Egg"},{"floor":10.0,"key":"conspire:Flyswatter"},{"floor":19.0,"key":"Oddly Smooth Stone"},{"floor":26.0,"key":"Replay:Rubber Ducky"},{"floor":28.0,"key":"infinitespire:PuzzleCube"},{"floor":30.0,"key":"Simple Rune"},{"floor":41,"key":"MealTicket"},{"floor":41,"key":"The Courier"},{"floor":41,"key":"hubris:CuriousFeather"},{"floor":42,"key":"trackpad:AdjectivePendant"}],"event_choices":[{"damage_healed":0.0,"max_hp_gain":5.0,"max_hp_loss":0.0,"gold_gain":0.0,"event_name":"Big Fish","player_choice":"Donut","floor":2.0,"gold_loss":0.0,"damage_taken":0.0},{"damage_healed":0.0,"max_hp_gain":0.0,"max_hp_loss":0.0,"gold_gain":0.0,"event_name":"conspire:LoneGhost","player_choice":"Argue","floor":5.0,"gold_loss":0.0,"damage_taken":0.0},{"damage_healed":29.0,"max_hp_gain":0.0,"max_hp_loss":0.0,"gold_gain":0.0,"event_name":"Wheel of Change","player_choice":"Full Heal","floor":27.0,"gold_loss":0.0,"damage_taken":0.0}],"is_beta":false,"boss_relics":[{"not_picked":["halation:Prosthetics","halation:ForbiddenBikini"],"picked":"Replay:Ancient Bell"},{"not_picked":["trackpad:Mousetrap","Juzu Bracelet"],"picked":"aspiration:Lifesprig"},{"not_picked":["halation:TwoAmDonut","Garlic"],"picked":"infinitespire:WardingShard"},{"not_picked":["trackpad:WindUpAutoDealer","Unceasing Top"],"picked":"Peace Pipe"},{"not_picked":["Velvet Choker","Honey Jar"],"picked":"trackpad:Coffee"}],"items_purged_floors":[12,22,37],"is_endless":false,"potions_floor_spawned":[4,7,8,13,16,21,25,36,38,39],"killed_by":"Jaw Worm Horde","ascension_level":20}}