{"host":"q75fusloz6zmuoth","time":1614245887,"event":{"mods":["BaseMod","Filter the Spire","Minty Spire (QoL Compilation)","Relic Stats","StSLib"],"gold_per_floor":[114,125,145,95,95,95,120,120,169,197,197,220,220,237,237,339,339,350,625,393,407,426,426,426],"floor_reached":23,"language":"ENG","playtime":755,"items_purged":["Regret"],"score":302,"play_id":"dc52b0a7-0654-4f5f-b9ba-634e1fa23583","local_time":"20210225103807","is_ascension_mode":true,"campfire_choices":[{"data":"Eruption","floor":6.0,"key":"SMITH"},{"data":"ClearTheMind","floor":8.0,"key":"SMITH"},{"floor":13.0,"key":"REST"},{"data":"Tantrum","floor":15.0,"key":"SMITH"}],"circlet_count":0,"master_deck":["Strike_P","Strike_P","Strike_P","Defend_P","Defend_P","Vault+1","Fasting2+1","MasterReality+1","ClearTheMind+1","Meditate","Tantrum+1","CrushJoints","FollowUp","DeusExMachina","Prostrate","Evaluate"],"relics":["Astrolabe","Damaru","Bottled Tornado","Oddly Smooth Stone","Shuriken","Odd Mushroom","VioletLotus","Vajra"],"acts_visited":["Exordium","TheCity"],"potions_floor_usage":[22],"damage_taken":[{"damage":3.0,"enemies":"2 Louse","floor":1.0,"turns":4.0},{"damage":5.0,"enemies":"Jaw Worm","floor":2.0,"turns":6.0},{"damage":7.0,"enemies":"Cultist","floor":3.0,"turns":5.0},{"damage":13.0,"enemies":"3 Sentries","floor":7.0,"turns":7.0},{"damage":0.0,"enemies":"Lagavulin","floor":10.0,"turns":4.0},{"damage":10.0,"enemies":"The Mushroom Lair","floor":12.0,"turns":5.0},{"damage":6.0,"enemies":"Exordium Wildlife","floor":14.0,"turns":3.0},{"damage":2.0,"enemies":"Hexaghost","floor":16.0,"turns":5.0},{"damage":2,"enemies":"Chosen","floor":18,"turns":3},{"damage":14,"enemies":"Shell Parasite","floor":21,"turns":4},{"damage":30,"enemies":"Shelled Parasite and Fungi","floor":22,"turns":4},{"damage":15,"enemies":"Gremlin Leader","floor":23,"turns":1}],"seed_played":"7684023747676759226","potions_obtained":[{"floor":2.0,"key":"AttackPotion"},{"floor":3.0,"key":"Block Potion"},{"floor":7.0,"key":"GamblersBrew"},{"floor":14.0,"key":"StancePotion"},{"floor":16.0,"key":"Energy Potion"}],"is_trial":false,"path_per_floor":["M","M","M","?","?","R","E","R","T","E","?","?","R","M","R","B",null,"M","?","$","M","M","E"],"character_chosen":"WATCHER","items_purchased":["Vajra"],"campfire_rested":1,"item_purchase_floors":[20],"current_hp_per_floor":[62,57,50,50,25,25,12,12,12,12,12,2,23,17,17,15,58,56,56,56,42,12,0,0],"gold":426,"neow_bonus":"BOSS_RELIC","is_daily":false,"chose_seed":false,"campfire_upgraded":3,"win_rate":0.0,"timestamp":1614245887,"path_taken":["M","M","M","?","?","R","E","R","T","E","?","?","R","M","R","BOSS","M","?","$","?","M","E"],"items_purchased_type":["Relic"],"build_version":"2020-12-22","purchased_purges":1,"victory":false,"max_hp_per_floor":[72,72,72,72,72,72,72,72,72,72,72,72,72,72,72,72,72,72,72,72,72,72,72,72],"relic_stats":{"counters":[12,51],"Shuriken":[6],"Astrolabe":["Vault","Fasting2","MasterReality"],"VioletLotus":[4],"obtain_stats":[{"Shuriken":10,"Astrolabe":0,"Damaru":5,"Oddly Smooth Stone":9,"Vajra":20,"VioletLotus":17,"PureWater":0,"Bottled Tornado":7,"Odd Mushroom":12},{"Shuriken":5,"Astrolabe":0,"Damaru":3,"Oddly Smooth Stone":4,"Vajra":9,"VioletLotus":8,"PureWater":0,"Bottled Tornado":4,"Odd Mushroom":6},{"Shuriken":26,"Astrolabe":0,"Damaru":15,"Oddly Smooth Stone":22,"Vajra":42,"VioletLotus":39,"PureWater":0,"Bottled Tornado":22,"Odd Mushroom":31}]},"card_choices":[{"not_picked":["FollowUp","EmptyFist"],"picked":"ClearTheMind","floor":1.0},{"not_picked":["SashWhip","CutThroughFate"],"picked":"Meditate","floor":2.0},{"not_picked":["SashWhip","CarveReality","WreathOfFlame"],"picked":"SKIP","floor":3.0},{"not_picked":["TalkToTheHand","ClearTheMind"],"picked":"Tantrum","floor":7.0},{"not_picked":["CrushJoints","Evaluate","Wish"],"picked":"SKIP","floor":10.0},{"not_picked":["Wireheading","Weave"],"picked":"FollowUp","floor":14.0},{"not_picked":["LessonLearned","DevaForm"],"picked":"DeusExMachina","floor":16.0},{"not_picked":["PathToVictory","Vengeance"],"picked":"Prostrate","floor":18},{"not_picked":["BowlingBash","SignatureMove","CarveReality"],"picked":"SKIP","floor":21},{"not_picked":["Consecrate","FlyingSleeves"],"picked":"Evaluate","floor":22}],"player_experience":674718,"relics_obtained":[{"floor":7.0,"key":"Bottled Tornado"},{"floor":9.0,"key":"Oddly Smooth Stone"},{"floor":10.0,"key":"Shuriken"},{"floor":12.0,"key":"Odd Mushroom"}],"event_choices":[{"cards_removed":["Strike_P"],"damage_healed":0.0,"max_hp_gain":0.0,"max_hp_loss":0.0,"gold_gain":0.0,"event_name":"The Cleric","player_choice":"Card Removal","floor":4.0,"gold_loss":50.0,"damage_taken":0.0},{"damage_healed":0.0,"max_hp_gain":0.0,"max_hp_loss":0.0,"gold_gain":0.0,"event_name":"Scrap Ooze","player_choice":"Success","floor":5.0,"gold_loss":0.0,"damage_taken":25.0,"relics_obtained":["Damaru"]},{"damage_healed":0.0,"max_hp_gain":0.0,"max_hp_loss":0.0,"gold_gain":0.0,"cards_transformed":["Eruption"],"event_name":"Living Wall","player_choice":"Change","floor":11.0,"gold_loss":0.0,"damage_taken":0.0,"cards_obtained":["CrushJoints"]},{"damage_healed":0.0,"max_hp_gain":0.0,"max_hp_loss":0.0,"gold_gain":0.0,"event_name":"Mushrooms","player_choice":"Fought Mushrooms","floor":12.0,"gold_loss":0.0,"damage_taken":0.0},{"damage_healed":0,"gold_gain":275,"player_choice":"Desecrate","damage_taken":0,"max_hp_gain":0,"max_hp_loss":0,"event_name":"Golden Shrine","floor":19,"gold_loss":0,"cards_obtained":["Regret"]}],"is_beta":false,"boss_relics":[{"not_picked":["Pandora\u0027s Box","Coffee Dripper"],"picked":"VioletLotus"}],"items_purged_floors":[20],"is_endless":false,"potions_floor_spawned":[2,3,7,14,16],"killed_by":"Gremlin Leader","ascension_level":7}}