{"host":"fuszjwm6fqgjjp4d","time":1614219524,"event":{"mods":["BaseMod","Colored Map","Minty Spire (QoL Compilation)","Permanent Neow","Relic Sorter","Relic Stats","StSLib"],"gold_per_floor":[118,128,128,146,165,165,38,38,38,50,88,100,142,154,166,251,263,290,20,20,31,42,42,42,42],"floor_reached":24,"language":"ENG","playtime":657,"items_purged":[],"score":558,"play_id":"ff4fa7b4-2471-4f00-a118-26f728ff6f6e","local_time":"20210224201844","is_ascension_mode":true,"campfire_choices":[{"data":"Vault","floor":6.0,"key":"SMITH"},{"data":"ReachHeaven","floor":8.0,"key":"SMITH"},{"data":"WindmillStrike","floor":12.0,"key":"SMITH"},{"data":"Evaluate","floor":15.0,"key":"SMITH"},{"data":"LessonLearned","floor":23.0,"key":"SMITH"}],"circlet_count":0,"master_deck":["AscendersBane","Strike_P","Strike_P","Strike_P","Strike_P","Defend_P","Defend_P+1","Defend_P","Defend_P","Eruption+1","Vigilance","Halt+1","EmptyBody","Vault+1","Evaluate+1","ReachHeaven+1","FlyingSleeves","WindmillStrike+1","LessonLearned+1","FollowUp+1"],"relics":["PureWater","Orichalcum","MawBank","White Beast Statue","Bottled Lightning","Sundial","VioletLotus","Singing Bowl"],"acts_visited":["Exordium","TheCity"],"potions_floor_usage":[24,24],"damage_taken":[{"damage":2.0,"enemies":"Cultist","floor":1.0,"turns":3.0},{"damage":0.0,"enemies":"2 Louse","floor":2.0,"turns":3.0},{"damage":2.0,"enemies":"Jaw Worm","floor":4.0,"turns":3.0},{"damage":4.0,"enemies":"3 Louse","floor":5.0,"turns":3.0},{"damage":0.0,"enemies":"Gremlin Nob","floor":11.0,"turns":3.0},{"damage":15.0,"enemies":"3 Sentries","floor":13.0,"turns":4.0},{"damage":0.0,"enemies":"Slime Boss","floor":16.0,"turns":8.0},{"damage":14.0,"enemies":"2 Thieves","floor":18.0,"turns":4.0},{"damage":13.0,"enemies":"Spheric Guardian","floor":21.0,"turns":5.0},{"damage":13.0,"enemies":"Centurion and Healer","floor":22.0,"turns":10.0},{"damage":36,"enemies":"Slavers","floor":24,"turns":4}],"seed_played":"-2613399899055170567","potions_obtained":[{"floor":10.0,"key":"Ambrosia"},{"floor":10.0,"key":"LiquidMemories"},{"floor":13.0,"key":"Fruit Juice"},{"floor":16.0,"key":"EntropicBrew"},{"floor":18.0,"key":"Strength Potion"},{"floor":21.0,"key":"StancePotion"}],"is_trial":false,"path_per_floor":["M","M","?","M","M","R","$","R","T","?","E","R","E","T","R","B",null,"M","$","?","M","M","R","E"],"character_chosen":"WATCHER","items_purchased":["ReachHeaven","FlyingSleeves","Singing Bowl"],"campfire_rested":0,"item_purchase_floors":[7,7,19],"current_hp_per_floor":[59,59,59,57,53,53,53,53,53,53,53,53,38,38,38,43,66,52,52,52,41,30,30,0,0],"gold":42,"neow_bonus":"RANDOM_COMMON_RELIC","is_daily":false,"chose_seed":false,"campfire_upgraded":5,"win_rate":0.0,"timestamp":1614219524,"path_taken":["M","M","?","?","M","R","$","R","T","?","E","R","E","?","R","BOSS","M","?","?","?","M","R","E"],"items_purchased_type":["Card","Card","Relic"],"build_version":"2020-12-22","purchased_purges":0,"victory":false,"max_hp_per_floor":[68,68,68,68,68,68,68,68,68,68,68,68,68,68,68,73,73,73,73,73,75,77,77,77,77],"relic_stats":{"Singing Bowl":4,"counters":[11,50],"Sundial":[4],"VioletLotus":[3],"Orichalcum":[126],"MawBank":120,"obtain_stats":[{"Singing Bowl":19,"Sundial":14,"VioletLotus":17,"Bottled Lightning":13,"PureWater":0,"Orichalcum":0,"MawBank":9,"White Beast Statue":11},{"Singing Bowl":8,"Sundial":6,"VioletLotus":7,"Bottled Lightning":6,"PureWater":0,"Orichalcum":0,"MawBank":4,"White Beast Statue":5},{"Singing Bowl":31,"Sundial":19,"VioletLotus":27,"Bottled Lightning":19,"PureWater":0,"Orichalcum":0,"MawBank":12,"White Beast Statue":15}]},"card_choices":[{"not_picked":["JustLucky","ClearTheMind"],"picked":"Halt","floor":1.0},{"not_picked":["Halt","Protect"],"picked":"EmptyBody","floor":2.0},{"not_picked":["ForeignInfluence","Protect"],"picked":"Vault","floor":4.0},{"not_picked":["Adaptation","Sanctity"],"picked":"Evaluate","floor":5.0},{"not_picked":["Consecrate","EmptyBody"],"picked":"WindmillStrike","floor":11.0},{"not_picked":["Halt","Vengeance","Indignation"],"picked":"SKIP","floor":13.0},{"not_picked":["Vault","Alpha"],"picked":"LessonLearned","floor":16.0},{"not_picked":["BattleHymn","Swivel"],"picked":"FollowUp+1","floor":18.0},{"not_picked":["SignatureMove","BowlingBash","CarveReality"],"picked":"Singing Bowl","floor":21.0},{"not_picked":["Halt","SashWhip+1","InnerPeace"],"picked":"Singing Bowl","floor":22.0}],"player_experience":1533191,"relics_obtained":[{"floor":9.0,"key":"MawBank"},{"floor":11.0,"key":"White Beast Statue"},{"floor":13.0,"key":"Bottled Lightning"},{"floor":14.0,"key":"Sundial"}],"event_choices":[{"damage_healed":0.0,"max_hp_gain":0.0,"max_hp_loss":0.0,"gold_gain":0.0,"event_name":"Upgrade Shrine","player_choice":"Upgraded","floor":3.0,"gold_loss":0.0,"damage_taken":0.0,"cards_upgraded":["Eruption"]},{"damage_healed":0.0,"max_hp_gain":0.0,"max_hp_loss":0.0,"gold_gain":0.0,"event_name":"Lab","player_choice":"Got Potions","floor":10.0,"gold_loss":0.0,"damage_taken":0.0},{"damage_healed":0.0,"max_hp_gain":0.0,"max_hp_loss":0.0,"gold_gain":0.0,"event_name":"Ghosts","player_choice":"Ignored","floor":20.0,"gold_loss":0.0,"damage_taken":0.0}],"is_beta":false,"boss_relics":[{"not_picked":["Runic Dome","Calling Bell"],"picked":"VioletLotus"}],"items_purged_floors":[],"is_endless":false,"potions_floor_spawned":[13,16,18,21,22],"killed_by":"Slavers","ascension_level":20}}