{"host":"d2gh6suihlstufn7","time":1614261439,"event":{"mods":["AchievementEnabler","BaseMod","Colored Map","Colored Powertips","Minty Spire (QoL Compilation)","Permanent Neow","Quick Restart","StSLib","SuperFastMode"],"gold_per_floor":[20,40,40,57,57,69,10,24,74,74,85,55,55,72,72,175,175,190,203,203,218,218,251,251,278,278,278,278,278],"floor_reached":28,"language":"KOR","playtime":1253,"items_purged":[],"score":248,"play_id":"c936554e-2d63-473e-a8ff-0e8df9c703c5","local_time":"20210225225719","is_ascension_mode":false,"campfire_choices":[{"data":"PiercingWail","floor":6.0,"key":"SMITH"},{"data":"Caltrops","floor":13.0,"key":"SMITH"},{"data":"Footwork","floor":15.0,"key":"SMITH"},{"floor":24.0,"key":"REST"},{"floor":27.0,"key":"REST"}],"circlet_count":0,"master_deck":["Strike_G","Strike_G","Defend_G","Defend_G","Defend_G","Defend_G","Defend_G","Survivor","Neutralize","Apotheosis+1","PiercingWail+1","Backflip","Regret","Caltrops+1","Backflip","Escape Plan","Blur","Footwork+1","Malaise","Underhanded Strike+1","Unload+1","Malaise+1","Flechettes","Backflip+1"],"relics":["Ring of the Snake","MawBank","Omamori","Astrolabe","MutagenicStrength","Tingsha","Centennial Puzzle"],"acts_visited":["Exordium","TheCity"],"potions_floor_usage":[],"damage_taken":[{"damage":0.0,"enemies":"Small Slimes","floor":1.0,"turns":5.0},{"damage":0.0,"enemies":"2 Louse","floor":2.0,"turns":4.0},{"damage":0.0,"enemies":"Cultist","floor":4.0,"turns":5.0},{"damage":0.0,"enemies":"Exordium Wildlife","floor":8.0,"turns":5.0},{"damage":0.0,"enemies":"Lots of Slimes","floor":11.0,"turns":5.0},{"damage":2.0,"enemies":"Looter","floor":12.0,"turns":4.0},{"damage":4.0,"enemies":"Blue Slaver","floor":14.0,"turns":4.0},{"damage":31.0,"enemies":"Hexaghost","floor":16.0,"turns":16.0},{"damage":19.0,"enemies":"Spheric Guardian","floor":18.0,"turns":10.0},{"damage":0.0,"enemies":"3 Byrds","floor":19.0,"turns":2.0},{"damage":15.0,"enemies":"Shelled Parasite and Fungi","floor":21.0,"turns":8.0},{"damage":52.0,"enemies":"Gremlin Leader","floor":23.0,"turns":9.0},{"damage":27.0,"enemies":"Slavers","floor":25.0,"turns":8.0},{"damage":0,"enemies":"Centurion and Healer","floor":28,"turns":1}],"seed_played":"2992158909040034","potions_obtained":[{"floor":1.0,"key":"BlessingOfTheForge"},{"floor":2.0,"key":"Block Potion"},{"floor":10.0,"key":"FairyPotion"},{"floor":10.0,"key":"Regen Potion"},{"floor":16.0,"key":"ColorlessPotion"},{"floor":19.0,"key":"DistilledChaos"},{"floor":23.0,"key":"EntropicBrew"}],"is_trial":false,"path_per_floor":["M","M","?","M","?","R","$","M","T","?","M","M","R","M","R","B",null,"M","M","?","M","?","E","R","E","T","R","M"],"character_chosen":"THE_SILENT","items_purchased":["Caltrops"],"campfire_rested":2,"item_purchase_floors":[7],"current_hp_per_floor":[70,70,70,70,70,70,70,70,70,70,70,68,68,64,64,33,70,51,51,51,51,51,21,42,15,15,36,36,36],"gold":278,"neow_bonus":"RANDOM_COLORLESS_2","is_daily":false,"chose_seed":false,"campfire_upgraded":3,"win_rate":0.0,"timestamp":1614261439,"path_taken":["M","M","?","M","?","R","$","M","T","?","M","M","R","?","R","BOSS","M","M","?","?","?","E","R","E","T","R","M"],"items_purchased_type":["Card"],"build_version":"2020-12-22","purchased_purges":0,"victory":false,"max_hp_per_floor":[70,70,70,70,70,70,70,70,70,70,70,70,70,70,70,70,70,70,70,70,70,70,70,70,70,70,70,70,70],"card_choices":[{"not_picked":["Master of Strategy","Magnetism"],"picked":"Apotheosis","floor":0.0},{"not_picked":["Quick Slash","Masterful Stab"],"picked":"PiercingWail","floor":1.0},{"not_picked":["Infinite Blades","Dodge and Roll","Acrobatics"],"picked":"SKIP","floor":2.0},{"not_picked":["Flying Knee","Bane"],"picked":"Backflip","floor":4.0},{"not_picked":["Dagger Spray","Acrobatics"],"picked":"Backflip","floor":8.0},{"not_picked":["Unload","Deflect"],"picked":"Escape Plan","floor":11.0},{"not_picked":["Sucker Punch","PiercingWail"],"picked":"Blur","floor":12.0},{"not_picked":["Riddle With Holes","Blur"],"picked":"Footwork","floor":14.0},{"not_picked":["Glass Knife","Wraith Form v2"],"picked":"Malaise","floor":16.0},{"not_picked":["Flying Knee","Terror+1"],"picked":"Flechettes","floor":18.0},{"not_picked":["Escape Plan","Deflect"],"picked":"Backflip+1","floor":19.0},{"not_picked":["Flying Knee","Bouncing Flask","Blade Dance+1"],"picked":"SKIP","floor":21.0},{"not_picked":["Distraction","Calculated Gamble","Accuracy"],"picked":"SKIP","floor":23.0},{"not_picked":["Cloak And Dagger","Malaise","Quick Slash"],"picked":"SKIP","floor":25.0}],"player_experience":57047,"relics_obtained":[{"floor":9.0,"key":"Omamori"},{"floor":23.0,"key":"Tingsha"},{"floor":25.0,"key":"Centennial Puzzle"}],"event_choices":[{"damage_healed":0.0,"max_hp_gain":0.0,"max_hp_loss":0.0,"gold_gain":0.0,"event_name":"Living Wall","player_choice":"Grow","floor":3.0,"gold_loss":0.0,"damage_taken":0.0,"cards_upgraded":["Apotheosis"]},{"damage_healed":0.0,"max_hp_gain":0.0,"max_hp_loss":0.0,"gold_gain":0.0,"event_name":"Big Fish","player_choice":"Box","floor":5.0,"gold_loss":0.0,"damage_taken":0.0,"relics_obtained":["MawBank"],"cards_obtained":["Regret"]},{"damage_healed":0.0,"max_hp_gain":0.0,"max_hp_loss":0.0,"gold_gain":0.0,"event_name":"Lab","player_choice":"Got Potions","floor":10.0,"gold_loss":0.0,"damage_taken":0.0},{"damage_healed":0.0,"max_hp_gain":0.0,"max_hp_loss":0.0,"gold_gain":0.0,"event_name":"The Woman in Blue","player_choice":"Bought 0 Potions","floor":20.0,"gold_loss":0.0,"damage_taken":0.0},{"damage_healed":0.0,"max_hp_gain":0.0,"max_hp_loss":0.0,"gold_gain":0.0,"event_name":"Drug Dealer","player_choice":"Inject Mutagens","floor":22.0,"gold_loss":0.0,"damage_taken":0.0,"relics_obtained":["MutagenicStrength"]}],"is_beta":false,"boss_relics":[{"not_picked":["Fusion Hammer","Empty Cage"],"picked":"Astrolabe"}],"items_purged_floors":[],"is_endless":false,"potions_floor_spawned":[1,2,16,19,23],"killed_by":"Centurion and Healer","ascension_level":0}}