{"host":"7t8rqoeeopyy0nh0","time":1614244535,"event":{"mods":["AchievementEnabler","Aspiration","BaseMod","Better Third Choice","BetterRewards","Colored Map","Colored Powertips","Conspire","Downfall","Hubris","Jorbs\u0027s Wanderer Trilogy","Minty Spire (QoL Compilation)","Permanent Neow","Quick Restart","Random Character Button","Rare Cards Sparkle","Reliquary","Replay The Spire","StSLib"],"gold_per_floor":[119,132,82,82,82,82,100,100,100,65,85,96,127,144,144,217,217,235,235,235,43,43,78,78,104,104,115,115,128,155,169,169,246,246,266,278,297,297,297,329,329,360,383,383,402,402,421,49,49,49,49],"floor_reached":50,"language":"ENG","playtime":1548,"items_purged":["Strike_R","Parasite"],"score":1770,"play_id":"c6acc8f0-f37f-458a-8c7b-7d1001ddcda9","local_time":"20210225041535","is_ascension_mode":true,"campfire_choices":[{"floor":6,"key":"REST"},{"data":"Bludgeon","floor":8,"key":"SMITH"},{"data":"Armaments","floor":15,"key":"SMITH"},{"data":"Shockwave","floor":24,"key":"SMITH"},{"data":"Perfected Strike","floor":32,"key":"SMITH"},{"data":"Bash","floor":41,"key":"SMITH"},{"floor":44,"key":"RECALL"},{"data":"Disarm","floor":46,"key":"SMITH"},{"data":"Evolve","floor":49,"key":"SMITH"}],"circlet_count":0,"master_deck":["AscendersBane","Strike_R","Strike_R","Strike_R","Defend_R","Defend_R","Defend_R","Defend_R","Bash+1","Impervious+1","Shrug It Off","Bludgeon+1","Sword Boomerang+1","Shockwave+1","Perfected Strike+1","Disarm+1","ReplayReversal+1","Flame Barrier","Thunderclap","True Grit","Clothesline","Armaments+1","Offering+1","Pommel Strike","Corruption+1","Cleave","BowlingBash","hubris:StunningStrike","Evolve+1"],"relics":["Burning Blood","conspire:GiftBox","Pocketwatch","hubris:TenFootPole","Mercury Hourglass","reliquary:Crutches","Philosopher\u0027s Stone","hubris:BottledHeart","aspiration:HatOfInfinitePower","reliquary:PorcupineQuills","Ornamental Fan","Torii","Snecko Eye","hubris:Metronome","Gambling Chip","hubris:SphereOfDissonance"],"acts_visited":["Exordium","TheCity","TheBeyond"],"potions_floor_usage":[23,27,30,30,30,42],"damage_taken":[{"damage":9,"enemies":"2 Louse","floor":1,"turns":3},{"damage":12,"enemies":"Jaw Worm","floor":2,"turns":2},{"damage":1,"enemies":"Cultist","floor":7,"turns":3},{"damage":1,"enemies":"3 Louse","floor":11,"turns":4},{"damage":3,"enemies":"Large Slime","floor":12,"turns":4},{"damage":10,"enemies":"Gremlin Nob","floor":13,"turns":3},{"damage":0,"enemies":"2 Fungi Beasts","floor":14,"turns":3},{"damage":2,"enemies":"The Guardian","floor":16,"turns":12},{"damage":6,"enemies":"Spheric Guardian","floor":18,"turns":3},{"damage":0,"enemies":"Slavers","floor":23,"turns":5},{"damage":0,"enemies":"Replay:Snechameleon","floor":25,"turns":5},{"damage":0,"enemies":"2 Thieves","floor":27,"turns":3},{"damage":0,"enemies":"Centurion and Healer","floor":29,"turns":4},{"damage":0,"enemies":"Gremlin Leader","floor":30,"turns":4},{"damage":0,"enemies":"Snake Plant","floor":31,"turns":3},{"damage":0,"enemies":"Automaton","floor":33,"turns":8},{"damage":0,"enemies":"3 Shapes","floor":35,"turns":3},{"damage":0,"enemies":"Orb Walker","floor":36,"turns":2},{"damage":0,"enemies":"Sphere and 2 Shapes","floor":37,"turns":4},{"damage":0,"enemies":"Giant Head","floor":40,"turns":6},{"damage":0,"enemies":"Nemesis","floor":42,"turns":5},{"damage":0,"enemies":"Writhing Mass","floor":45,"turns":4},{"damage":0,"enemies":"Spire Growth","floor":47,"turns":3},{"damage":1,"enemies":"Awakened One","floor":50,"turns":3}],"seed_played":"-5578663659571814581","potions_obtained":[{"floor":1,"key":"Toxic Potion"},{"floor":13,"key":"BlessingOfTheForge"},{"floor":23,"key":"hexamod:SoulburnPotion"},{"floor":27,"key":"EntropicBrew"},{"floor":29,"key":"Guardian:BlockOnCardUsePotion"},{"floor":33,"key":"Fire Potion"},{"floor":36,"key":"PowerPotion"},{"floor":45,"key":"Death Potion"}],"is_trial":false,"path_per_floor":["M","M","?","$","?","R","M","R","T","?","M","M","E","M","R","B",null,"M","?","?","$","?","E","R","E","T","M","?","M","E","M","R","B",null,"M","M","M","?","?","E","R","E","T","R","M","R","M","$","R","B"],"character_chosen":"IRONCLAD","items_purchased":["conspire:GiftBox","Shrug It Off","Bludgeon","Sword Boomerang+1","Shockwave","Corruption+1","hubris:SphereOfDissonance"],"campfire_rested":1,"item_purchase_floors":[0,0,0,0,0,21,48],"current_hp_per_floor":[26,20,20,20,20,42,47,47,47,65,70,73,69,75,75,75,75,75,1,1,1,1,1,1,1,1,1,1,1,1,1,1,1,1,1,1,1,1,1,1,1,1,1,1,1,1,1,1,1,0,0],"gold":49,"neow_bonus":"","is_daily":false,"chose_seed":false,"campfire_upgraded":7,"win_rate":0.0,"timestamp":1614244535,"path_taken":["M","M","?","?","?","R","M","R","T","?","M","M","E","M","R","BOSS","M","?","?","$","?","E","R","E","T","?","?","M","E","?","R","BOSS","M","M","M","?","?","E","R","E","T","R","?","R","M","$","R","BOSS"],"items_purchased_type":["Relic","Card","Card","Card","Card","Card","Relic"],"build_version":"2020-12-22","purchased_purges":2,"victory":false,"max_hp_per_floor":[75,75,75,75,75,75,75,75,75,75,75,75,75,75,75,75,75,75,1,1,1,1,1,1,1,1,1,1,1,1,1,1,1,1,1,1,1,1,1,1,1,1,1,1,1,1,1,1,1,1,1],"card_choices":[{"not_picked":["conspire:HitWhereItHurts","conspire:Purge"],"picked":"Impervious","floor":0},{"not_picked":["Run Through","Havoc"],"picked":"Perfected Strike","floor":1},{"not_picked":["Armaments","Clothesline"],"picked":"Disarm","floor":2},{"not_picked":["Dark Embrace","Abandon"],"picked":"Flame Barrier","floor":7},{"not_picked":["Sword Boomerang","hubris:ReadiedAction"],"picked":"Thunderclap","floor":11},{"not_picked":["Shrug It Off","Havoc"],"picked":"True Grit","floor":12},{"not_picked":["Fiend Fire","ReplayTheSpireMod:Limb From Limb"],"picked":"Clothesline","floor":13},{"not_picked":["hubris:ReadiedAction","Run Through"],"picked":"Armaments","floor":14},{"not_picked":["Bludgeon","conspire:Purge"],"picked":"Offering","floor":16},{"not_picked":["Sentinel","Run Through"],"picked":"Pommel Strike","floor":18},{"not_picked":["hubris:ReadiedAction","Combust+1"],"picked":"Cleave","floor":23},{"not_picked":["Sword Boomerang","Searing Blow+1","Body Slam"],"picked":"SKIP","floor":25},{"not_picked":["Thunderclap","Rage","Run Through"],"picked":"SKIP","floor":27},{"not_picked":["Replay:Undeath\u0027s Touch","Hemokinesis","Body Slam"],"picked":"SKIP","floor":29},{"not_picked":["Replay:Undeath\u0027s Touch+1","Flex","Wild Strike"],"picked":"SKIP","floor":30},{"not_picked":["Twin Strike","Armaments","Anger"],"picked":"SKIP","floor":31},{"not_picked":["Replay:Many Hands","Limit Break"],"picked":"hubris:StunningStrike","floor":33},{"not_picked":["Reckless Charge","Combust","Twin Strike"],"picked":"SKIP","floor":35},{"not_picked":["Flex","ReplayTheSpireMod:Strike From Hell+1","Pommel Strike"],"picked":"SKIP","floor":36},{"not_picked":["Abandon","Dual Wield","Clothesline"],"picked":"SKIP","floor":37},{"not_picked":["Armaments+1","Clash","Thunderclap"],"picked":"SKIP","floor":40},{"not_picked":["Disarm","hubris:CleavingFinish","Cleave+1"],"picked":"SKIP","floor":42},{"not_picked":["Heavy Blade","ReplayTheSpireMod:Strike From Hell","Clothesline+1"],"picked":"SKIP","floor":45},{"not_picked":["Replay:Undeath\u0027s Touch+1","Headbutt"],"picked":"Evolve","floor":47}],"player_experience":455894,"relics_obtained":[{"floor":9,"key":"Mercury Hourglass"},{"floor":13,"key":"reliquary:Crutches"},{"floor":23,"key":"aspiration:HatOfInfinitePower"},{"floor":25,"key":"reliquary:PorcupineQuills"},{"floor":26,"key":"Ornamental Fan"},{"floor":30,"key":"Torii"},{"floor":40,"key":"hubris:Metronome"},{"floor":42,"key":"Gambling Chip"}],"event_choices":[{"damage_healed":0,"gold_gain":0,"player_choice":"Paid Gold","damage_taken":0,"relics_obtained":["hubris:TenFootPole"],"max_hp_gain":0,"max_hp_loss":0,"event_name":"WeMeetAgain","floor":3,"gold_loss":50},{"damage_healed":18,"gold_gain":0,"player_choice":"Healed","damage_taken":0,"max_hp_gain":0,"max_hp_loss":0,"event_name":"The Cleric","floor":10,"gold_loss":35},{"damage_healed":0,"gold_gain":0,"player_choice":"Leave","damage_taken":0,"max_hp_gain":0,"max_hp_loss":0,"event_name":"conspire:Investor","floor":20,"gold_loss":0},{"damage_healed":0,"gold_gain":0,"player_choice":"Upgraded","damage_taken":0,"max_hp_gain":0,"max_hp_loss":0,"event_name":"Upgrade Shrine","floor":22,"gold_loss":0,"cards_upgraded":["Offering"]},{"damage_healed":0,"gold_gain":0,"player_choice":"Read","damage_taken":0,"max_hp_gain":0,"max_hp_loss":0,"event_name":"The Library","floor":28,"gold_loss":0,"cards_obtained":["BowlingBash"]},{"damage_healed":0,"gold_gain":0,"player_choice":"Ignored","damage_taken":0,"max_hp_gain":0,"max_hp_loss":0,"event_name":"Tomb of Lord Red Mask","floor":38,"gold_loss":0},{"damage_healed":0,"gold_gain":0,"player_choice":"Upgraded","damage_taken":0,"max_hp_gain":0,"max_hp_loss":0,"event_name":"Upgrade Shrine","floor":39,"gold_loss":0,"cards_upgraded":["Impervious"]}],"is_beta":false,"boss_relics":[{"not_picked":["Busted Crown","Honey Jar"],"picked":"Philosopher\u0027s Stone"},{"not_picked":["aspiration:DefectSkillbook","Sozu"],"picked":"Snecko Eye"}],"items_purged_floors":[21,48],"is_endless":false,"potions_floor_spawned":[1,13,16,23,27,29,33,35,36,45,47],"killed_by":"Awakened One","ascension_level":20}}