{"host":"0b6qkelyb1zitflw","time":1614275632,"event":{"mods":["BaseMod","Custom Start","Highlight Path","KOR Keyword Fix","Library of Ruina","Library of Ruina Extra","Minty Spire (QoL Compilation)","StSLib"],"gold_per_floor":[219,219,236,135,153,153,173,123,123,123,136,188,31,31,31,127,127,140,140,168,168,168],"floor_reached":21,"language":"KOR","playtime":531,"items_purged":[],"score":167,"play_id":"8ea61f4f-aa44-4804-b3c0-aa638acd00f4","local_time":"20210226025352","is_ascension_mode":false,"campfire_choices":[{"floor":10.0,"key":"DIG"},{"floor":15,"key":"REST"}],"circlet_count":0,"master_deck":["Dodge","LightAttack","LightAttack","LightAttack","LightDefense","ChargeAndCover","FocusedStrikes+1","SunsetBlade","SunsetBlade","BiXi","FeatherShield","TieShanKao","ViolentFlame","SearingSword"],"relics":["PageOfLibrarian","Incense Burner","Shovel","Juzu Bracelet","PageOfForsakenMurderer","Empty Cage","Red Mask"],"acts_visited":["Exordium","TheCity"],"potions_floor_usage":[21,21],"damage_taken":[{"damage":7.0,"enemies":"2 Louse","floor":1.0,"turns":4.0},{"damage":6.0,"enemies":"Cultist","floor":3.0,"turns":3.0},{"damage":7.0,"enemies":"Small Slimes","floor":5.0,"turns":3.0},{"damage":0.0,"enemies":"2 Fungi Beasts","floor":7.0,"turns":3.0},{"damage":5,"enemies":"Blue Slaver","floor":11,"turns":4},{"damage":23,"enemies":"Slime Boss","floor":16,"turns":11},{"damage":31,"enemies":"2 Thieves","floor":18,"turns":4},{"damage":43,"enemies":"Masked Bandits","floor":20,"turns":6},{"damage":20,"enemies":"Spheric Guardian","floor":21,"turns":3}],"seed_played":"-7455235372602922134","potions_obtained":[{"floor":16,"key":"ColorlessPotion"},{"floor":20,"key":"AttackPotion"}],"is_trial":false,"path_per_floor":["M","?","M","?","M","?","M","?","T","R","M","?","$","T","R","B",null,"M","?","?","M"],"character_chosen":"Librarian","items_purchased":["Juzu Bracelet"],"campfire_rested":1,"item_purchase_floors":[13],"current_hp_per_floor":[53,53,47,47,40,40,40,40,40,40,35,35,35,35,56,33,70,39,62,19,0,0],"gold":168,"neow_bonus":"HUNDRED_GOLD","is_daily":false,"chose_seed":false,"campfire_upgraded":0,"win_rate":0.0,"timestamp":1614275632,"path_taken":["M","?","?","?","?","?","M","?","T","R","M","?","$","?","R","BOSS","M","?","?","M"],"items_purchased_type":["Relic"],"build_version":"2020-12-22","purchased_purges":0,"victory":false,"max_hp_per_floor":[67,67,63,63,62,62,70,70,70,70,70,70,70,70,70,70,70,70,70,70,70,70],"card_choices":[{"not_picked":["FierceCharge","StrongStrike","WillOfThePrescript"],"picked":"SunsetBlade","floor":1.0},{"not_picked":["SparkingSpear","FleetFootsteps","NonstopAssault","MultiHit"],"picked":"SKIP","floor":3.0},{"not_picked":["SetFire","WillOfThePrescript","TasteMyFlamingBat"],"picked":"SunsetBlade","floor":5.0},{"not_picked":["ForTheFamily","PreparedMind","MultiBlock"],"picked":"BiXi","floor":7.0},{"not_picked":["MultiHit","HighKick","EnergyShield"],"picked":"FeatherShield","floor":11},{"not_picked":["CleanUp","ChargeUp"],"picked":"TieShanKao","floor":16},{"not_picked":["HandlingWork+1","BiAn","AlloutWar"],"picked":"ViolentFlame","floor":18},{"not_picked":["SnakesPrey","UndertakePrescript","MultiBlock"],"picked":"SearingSword","floor":20}],"player_experience":317907,"relics_obtained":[{"floor":9.0,"key":"Shovel"},{"floor":14,"key":"PageOfForsakenMurderer"},{"floor":20,"key":"Red Mask"}],"event_choices":[{"damage_healed":0.0,"max_hp_gain":0.0,"max_hp_loss":0.0,"gold_gain":0.0,"event_name":"FaceTrader","player_choice":"Leave","floor":2.0,"gold_loss":0.0,"damage_taken":0.0},{"damage_healed":0.0,"max_hp_gain":0.0,"max_hp_loss":0.0,"gold_gain":0.0,"event_name":"WeMeetAgain","player_choice":"Paid Gold","floor":4.0,"gold_loss":101.0,"damage_taken":0.0,"relics_obtained":["Incense Burner"]},{"damage_healed":0.0,"max_hp_gain":0.0,"max_hp_loss":0.0,"gold_gain":0.0,"event_name":"Living Wall","player_choice":"Grow","floor":6.0,"gold_loss":0.0,"damage_taken":0.0,"cards_upgraded":["FocusedStrikes"]},{"cards_removed":["LightDefense"],"damage_healed":0.0,"max_hp_gain":0.0,"max_hp_loss":0.0,"gold_gain":0.0,"event_name":"The Cleric","player_choice":"Card Removal","floor":8.0,"gold_loss":50.0,"damage_taken":0.0},{"damage_healed":0,"gold_gain":52,"player_choice":"Gained Gold","damage_taken":0,"max_hp_gain":0,"max_hp_loss":0,"event_name":"Golden Wing","floor":12,"gold_loss":0},{"damage_healed":23,"gold_gain":0,"player_choice":"Heal","damage_taken":0,"max_hp_gain":0,"max_hp_loss":0,"event_name":"The Library","floor":19,"gold_loss":0},{"damage_healed":0,"gold_gain":0,"player_choice":"Fought Bandits","damage_taken":0,"max_hp_gain":0,"max_hp_loss":0,"event_name":"Masked Bandits","floor":20,"gold_loss":0}],"is_beta":false,"boss_relics":[{"not_picked":["Runic Dome","Runic Pyramid"],"picked":"Empty Cage"}],"items_purged_floors":[],"is_endless":false,"potions_floor_spawned":[3,11,16,20],"killed_by":"Spheric Guardian","ascension_level":0}}