{"host":"p5axfb00mxhraew6","time":1614265752,"event":{"mods":["100% Spire Juice","Abigail Mod","Act Like it!","BaseMod","CapriCore","Friendly Minions","GifTheSpireLib","Jedi Mod","KomeijiMod","Library of Ruina","Library of Ruina Extra","MarisaÅiñ∂âJÅ@ñÇóùçπÅj","Minty Spire (QoL Compilation)","Prisma Mod","ReimuÅiîé??öÎÅj","RemiliaÅiÂQïƒ‰ª?Åj","SOSÅiézîb?îVéqÅj","StSLib","Td1madao Mod","The Alterego","The Immortal","The Problem Sleuth","Yakumo Yukari mod"],"gold_per_floor":[112,112,123,198,213,213,247,247,247,247,257,275,302,302,302,400,400,412,12,12,28,45,76,76,76,127,127,159,177,196,228,228,333,333,353,369,382,83,83,116,148,158,207,132,158,187,200,233,233,233],"floor_reached":51,"language":"ENG","playtime":1716,"items_purged":["Confused"],"score":1657,"play_id":"f9a5029c-bf97-4286-a4cb-9671ec7e6d27","local_time":"20210226000912","is_ascension_mode":true,"campfire_choices":[{"data":"DegradedPillar","floor":6.0,"key":"SMITH"},{"data":"DegradedChain","floor":10.0,"key":"SMITH"},{"data":"DegradedPillar","floor":15.0,"key":"SMITH"},{"data":"DegradedChain","floor":24.0,"key":"SMITH"},{"data":"DegradedLock","floor":27.0,"key":"SMITH"},{"floor":32.0,"key":"RECALL"},{"floor":49.0,"key":"REST"}],"circlet_count":0,"master_deck":["DegradedFairy","DegradedFairy","DegradedFairy","DegradedChain+1","DegradedChain+1","DegradedLock+1","DegradedPillar+1","DegradedPillar+1","DegradedShockwave+1","GuidanceOfTheGears","FrontalAssault","GrazeTheGrass","Quickness","GuidanceOfTheGears","GrazeTheGrass+1","Faith"],"relics":["PageOfLibrarian","PageOfQueenBee","Singing Bowl","PageOfLaetitia","Black Star","ClockworkSouvenir","InkBottle","PageOfPorccubus","Sundial","jedi:shrinkray","Regal Pillow","jedi:kaleidoscope","jedi:crownofsimplicity","jedi:bottledfury","Fusion Hammer","WingedGreaves","jedi:Pinwheel","Nunchaku","PageOfWrath","Pocketwatch","PageOfTheQueenOfHatred","CeramicFish","PageOfTheKnightOfDespair","PageOfNosferatu","PageOfGreed","Omamori","PageOfNihil"],"acts_visited":["Exordium","TheCity","TheBeyond"],"potions_floor_usage":[],"damage_taken":[{"damage":0.0,"enemies":"Small Slimes","floor":1.0,"turns":1.0},{"damage":0.0,"enemies":"Cultist","floor":3.0,"turns":2.0},{"damage":0.0,"enemies":"Jaw Worm","floor":5.0,"turns":1.0},{"damage":0.0,"enemies":"Lagavulin","floor":7.0,"turns":3.0},{"damage":0.0,"enemies":"2 Fungi Beasts","floor":11.0,"turns":1.0},{"damage":0.0,"enemies":"Blue Slaver","floor":12.0,"turns":1.0},{"damage":0.0,"enemies":"Gremlin Nob","floor":13.0,"turns":2.0},{"damage":0.0,"enemies":"The Guardian","floor":16.0,"turns":3.0},{"damage":0.0,"enemies":"Spheric Guardian","floor":18.0,"turns":1.0},{"damage":0.0,"enemies":"Shell Parasite","floor":21.0,"turns":1.0},{"damage":0.0,"enemies":"Snake Plant","floor":22.0,"turns":1.0},{"damage":0.0,"enemies":"Book of Stabbing","floor":23.0,"turns":2.0},{"damage":0.0,"enemies":"Gremlin Leader","floor":28.0,"turns":2.0},{"damage":0.0,"enemies":"3 Cultists","floor":29.0,"turns":2.0},{"damage":0.0,"enemies":"Centurion and Healer","floor":30.0,"turns":2.0},{"damage":0.0,"enemies":"Book of Stabbing","floor":31.0,"turns":2.0},{"damage":0.0,"enemies":"Champ","floor":33.0,"turns":4.0},{"damage":0.0,"enemies":"3 Darklings","floor":35.0,"turns":2.0},{"damage":12.0,"enemies":"3 Shapes","floor":36.0,"turns":1.0},{"damage":0.0,"enemies":"Writhing Mass","floor":37.0,"turns":2.0},{"damage":0.0,"enemies":"Nemesis","floor":40.0,"turns":3.0},{"damage":0.0,"enemies":"Reptomancer","floor":41.0,"turns":2.0},{"damage":24.0,"enemies":"4 Shapes","floor":42.0,"turns":1.0},{"damage":0.0,"enemies":"Giant Head","floor":45.0,"turns":2.0},{"damage":0.0,"enemies":"Nemesis","floor":46.0,"turns":1.0},{"damage":0.0,"enemies":"Spire Growth","floor":47.0,"turns":1.0},{"damage":0.0,"enemies":"Giant Head","floor":48.0,"turns":3.0},{"damage":0.0,"enemies":"Awakened One","floor":50.0,"turns":5.0},{"damage":19.0,"enemies":"Awakened One","floor":51.0,"turns":5.0}],"seed_played":"4845624846300051177","potions_obtained":[{"floor":3.0,"key":"jedi:StrikingPotion"},{"floor":11.0,"key":"Dexterity Potion"},{"floor":13.0,"key":"LiquidBronze"},{"floor":20.0,"key":"DistilledChaos"},{"floor":20.0,"key":"Fruit Juice"},{"floor":20.0,"key":"DistilledChaos"},{"floor":40.0,"key":"LiquidMemories"}],"is_trial":false,"path_per_floor":["M","?","M","?","M","R","E","?","T","R","M","M","E","?","R","B",null,"M","$","?","M","M","E","R","$","T","R","E","M","M","E","R","B",null,"M","M","M","$","?","E","E","M","T","$","E","E","M","E","R","B",null],"character_chosen":"Librarian","items_purchased":["ClockworkSouvenir","InkBottle","WingedGreaves"],"campfire_rested":1,"item_purchase_floors":[19,19,38],"current_hp_per_floor":[60,60,60,49,49,49,49,64,64,64,64,66,68,73,73,75,101,103,103,108,110,112,114,114,114,114,114,116,116,118,120,120,122,122,124,116,118,118,118,120,120,110,110,110,112,115,120,131,138,138],"gold":243,"neow_bonus":"UPGRADE_CARD","is_daily":false,"chose_seed":false,"campfire_upgraded":5,"win_rate":0.0,"timestamp":1614265752,"path_taken":["M","?","?","?","M","R","E","?","T","R","?","M","E","?","R","BOSS","M","$","?","M","M","E","R","$","T","R","E","?","M","E","R","BOSS","M","?","M","$","?","E","E","M","T","$","E","E","M","E","R","BOSS"],"items_purchased_type":["Relic","Relic","Relic"],"build_version":"2020-12-22","purchased_purges":1,"victory":true,"max_hp_per_floor":[90,90,90,90,90,90,90,90,90,90,90,92,94,99,99,101,101,103,103,108,110,112,114,114,114,114,114,116,116,118,120,120,122,122,124,124,126,126,126,128,128,130,130,130,132,134,136,138,138,138],"card_choices":[{"not_picked":["SinglePointStab","EnergyStrike","SuppressingShot","EnergyCycle","Bvapour","HandleRequest","StructuralAnalysis","Faith"],"picked":"GuidanceOfTheGears","floor":1.0},{"not_picked":["MultiHit","Overpower","MindWhip","Reload","RatsGuideToSurvival","Laceration","SpearedSweep","BlazingStrike","Parry"],"picked":"SKIP","floor":3.0},{"not_picked":["CoordinatedAssault","Pound","HiddenBlade","BattleCommand","UpbeatPerformance","EndlessBattle","RepressedFlesh","SpearedSweep"],"picked":"FrontalAssault","floor":5.0},{"not_picked":["FormingStorm","ChopItOff","SturdyDefense","SnakesPrey","IdentifyWeakpoint","GroundSmash","Multislash","BiXi"],"picked":"GrazeTheGrass","floor":7.0},{"not_picked":["FleetEdge","Creak","TrimTheIngredients","GrazeTheGrass","EnergyStrike","Multislash","ChargeUp","GreatSerpentsImpact"],"picked":"Quickness","floor":11.0},{"not_picked":["Parry","TendonChords","CoordinatedAssault","ChopItOff","CumulusWall","PreemptiveStrike","ShrineToMusic","DesperateStruggle","Brawl"],"picked":"Singing Bowl","floor":12.0},{"not_picked":["WillOfThePrescript","Tttonst","UnavoidableGaze","PreemptiveStrike","ToOvercomeCrisis","EnergyStrike","Outburst","RushDown","SnakesPrey"],"picked":"Singing Bowl","floor":13.0},{"not_picked":["Transpierce","Commandeering","LeRegole"],"picked":"Singing Bowl","floor":16.0},{"not_picked":["EnergyStrike","EndlessBattle","HiddenBlade","Bvapour+1","StrongStrike","SunsetBlade+1","SnakesPrey","Struggle","AlloutWar"],"picked":"Singing Bowl","floor":18.0},{"not_picked":["FlyingSword","WillOfThePrescript","SnakesPrey","Wallop_lor","ToWhereThePrescriptPoints","StructuralAnalysis+1","Reload","Rewind","SmokingPipe+1"],"picked":"Singing Bowl","floor":21.0},{"not_picked":["ExtractFuel","TendonChords","SharpSwipe","ChiWen","ForTheFamily","ProselytesBlade","GutHarvesting","NightInTheBackstreets","BulkyImpact"],"picked":"Singing Bowl","floor":22.0},{"not_picked":["ScatteringSlash","ForcefulGesture","BackstreetsDash","HighKick","FeelinGood","IngredientHunt","BackAttack","MultiBlock","GreatSerpentsImpact+1"],"picked":"Singing Bowl","floor":23.0},{"not_picked":["StartinOutLightly","SharpenedBlade","DevastatingThrash","FierceCharge","TraceOfFumes","CircusKnives","WillOfThePrescript","Gigigig","BayonetCombat"],"picked":"Singing Bowl","floor":28.0},{"not_picked":["CutIn","HiddenBlade","CumulusWall","Multislash+1","StrongStrike","MirageStorm","PreparedMind","NightInTheBackstreets"],"picked":"GuidanceOfTheGears","floor":29.0},{"not_picked":["HighKick","HandleRequest","DarkCloud+1","FleetEdge","ToOvercomeCrisis","BattleCommand","PinpointShot","BlowItUp","BindingArms"],"picked":"Singing Bowl","floor":30.0},{"not_picked":["NightInTheBackstreets+1","Tailoring","FieryWaltz+1","SharpSwipe","Suppress","Diversion","SpearedSweep+1","MirageStorm","SetFire+1"],"picked":"Singing Bowl","floor":31.0},{"not_picked":["BoundaryOfDeath","GoinFirst","Observe"],"picked":"Singing Bowl","floor":33.0},{"not_picked":["Unlock1+1","FleetEdge","MultiBlock+1","ElectricShock","EnergyCycle+1","FieryDragonSlash+1","SturdyDefense","Diversion","WaitUp+1"],"picked":"Singing Bowl","floor":35.0},{"not_picked":["EnergyShield","Quickness","Reload","Parry","SuppressingShot","AsThePrescriptOrders+1","Pound","FierceCharge"],"picked":"GrazeTheGrass+1","floor":36.0},{"not_picked":["EnergyStrike","SinglePointStab","SilentMist","DarkCloud","InhaleSmoke","CircusKnives","Diversion+1","HardRehearsal","BackAttack"],"picked":"Singing Bowl","floor":37.0},{"not_picked":["JiaoTu","Disposal","PreemptiveStrike+1","UncannyStrike","EndlessBattle+1","ViolentFlame+1","Outburst+1","BladeWhirl","Juggling"],"picked":"Singing Bowl","floor":40.0},{"not_picked":["StrongStrike","Wallop_lor","SteelKnuckles","Multislash+1","EnergyShield+1","BackAttack+1","QuickSuppression+1","Track+1"],"picked":"Faith","floor":41.0},{"not_picked":["QuickSuppression","PreemptiveStrike+1","Overcharge+1","Quickness+1","DeepDrag","EnergyConversion+1","FocusFire","MindPrepared","GuardingStance"],"picked":"Singing Bowl","floor":42.0},{"not_picked":["BackAttack","SenseQuarry","IllEndYou","GuidanceOfTheGears+1","UpbeatPerformance","EnergyShield+1","WaitUp","SnakesPrey+1","FrontalAssault+1"],"picked":"Singing Bowl","floor":45.0},{"not_picked":["ExtremeEdge+1","PreparedMind+1","Retaliate+1","ClassAndRespect","GreatSerpentsImpact+1","SunsetBlade+1","SinglePointStab+1","StrikeDown","Rewind"],"picked":"Singing Bowl","floor":46.0},{"not_picked":["GuidanceOfTheGears","Observe","UpbeatPerformance+1","DefenseOrder+1","FleetFootsteps+1","SerpentineBarrier","VioletBlade+1","PinpointShot","ShockRound"],"picked":"Singing Bowl","floor":47.0},{"not_picked":["MultiHit","Parry2","BlazingStrike","AsThePrescriptOrders+1","SerpentSwordTechnique","Outburst","BulkyImpact+1","YourShield+1","ElectricShock"],"picked":"Singing Bowl","floor":48.0},{"not_picked":["StrongStrike+1","Slice_lor+1","Brawl","HighSpeedStabbing","SnakesPrey","EnergyCycle+1","WildCard+1","SmokingPipe+1","NonstopAssault+1"],"picked":"SKIP","floor":51},{"not_picked":["StrongStrike+1","Slice_lor+1","Brawl","HighSpeedStabbing","SnakesPrey","EnergyCycle+1","WildCard+1","SmokingPipe+1","NonstopAssault+1"],"picked":"SKIP","floor":51},{"not_picked":["StrongStrike+1","Slice_lor+1","Brawl","HighSpeedStabbing","SnakesPrey","EnergyCycle+1","WildCard+1","SmokingPipe+1","NonstopAssault+1"],"picked":"Singing Bowl","floor":51}],"player_experience":1273771,"relics_obtained":[{"floor":7.0,"key":"PageOfQueenBee"},{"floor":9.0,"key":"Singing Bowl"},{"floor":13.0,"key":"PageOfLaetitia"},{"floor":23.0,"key":"PageOfPorccubus"},{"floor":23.0,"key":"Sundial"},{"floor":26.0,"key":"jedi:shrinkray"},{"floor":28.0,"key":"Regal Pillow"},{"floor":28.0,"key":"jedi:kaleidoscope"},{"floor":31.0,"key":"jedi:crownofsimplicity"},{"floor":31.0,"key":"jedi:bottledfury"},{"floor":40.0,"key":"jedi:Pinwheel"},{"floor":40.0,"key":"Nunchaku"},{"floor":41.0,"key":"PageOfWrath"},{"floor":41.0,"key":"Pocketwatch"},{"floor":45.0,"key":"PageOfTheQueenOfHatred"},{"floor":45.0,"key":"CeramicFish"},{"floor":46.0,"key":"PageOfTheKnightOfDespair"},{"floor":46.0,"key":"PageOfNosferatu"},{"floor":48.0,"key":"PageOfGreed"},{"floor":48.0,"key":"Omamori"},{"floor":51,"key":"PageOfNihil"}],"event_choices":[{"damage_healed":0.0,"max_hp_gain":0.0,"max_hp_loss":0.0,"gold_gain":0.0,"event_name":"The Woman in Blue","player_choice":"Bought 0 Potions","floor":2.0,"gold_loss":0.0,"damage_taken":0.0},{"damage_healed":0.0,"max_hp_gain":0.0,"max_hp_loss":0.0,"gold_gain":75.0,"event_name":"World of Goop","player_choice":"Gather Gold","floor":4.0,"gold_loss":0.0,"damage_taken":11.0},{"damage_healed":0.0,"max_hp_gain":5.0,"max_hp_loss":0.0,"gold_gain":0.0,"event_name":"Big Fish","player_choice":"Donut","floor":14.0,"gold_loss":0.0,"damage_taken":0.0},{"damage_healed":0.0,"max_hp_gain":0.0,"max_hp_loss":0.0,"gold_gain":0.0,"event_name":"Lab","player_choice":"Got Potions","floor":20.0,"gold_loss":0.0,"damage_taken":0.0}],"is_beta":false,"boss_relics":[{"not_picked":["jedi:battlestandard","PageOfBlackSwan"],"picked":"Black Star"},{"not_picked":["Snecko Eye","SlaversCollar"],"picked":"Fusion Hammer"}],"items_purged_floors":[44],"is_endless":false,"potions_floor_spawned":[3,11,13,16,23,28,29,33,40,41,42,46,48],"ascension_level":3}}