{"host":"13o02hya6v6rzuva","time":1614249097,"event":{"mods":["BaseMod","Minty Spire (QoL Compilation)","Relic Stats"],"gold_per_floor":[118,118,136,31,31,31,72,101,146,169,169,181,181,181],"floor_reached":13,"language":"ENG","playtime":330,"items_purged":[],"score":136,"play_id":"ebe59aa1-3167-4b12-ac01-e001bf68671c","local_time":"20210225113137","is_ascension_mode":true,"campfire_choices":[{"data":"Glacier","floor":6,"key":"SMITH"},{"data":"Glacier","floor":11,"key":"SMITH"}],"circlet_count":0,"master_deck":["AscendersBane","Strike_B","Strike_B","Strike_B","Strike_B","Defend_B","Defend_B","Defend_B","Defend_B","Zap+1","Dualcast","Chill","Sweeping Beam","Loop","Glacier+1","Genetic Algorithm","Cold Snap","Glacier+1"],"relics":["Cracked Core","CeramicFish","Strawberry"],"acts_visited":["Exordium"],"potions_floor_usage":[13],"damage_taken":[{"damage":2,"enemies":"Jaw Worm","floor":1,"turns":4},{"damage":0,"enemies":"Cultist","floor":3,"turns":3},{"damage":8,"enemies":"3 Sentries","floor":7,"turns":8},{"damage":0,"enemies":"2 Louse","floor":8,"turns":1},{"damage":13,"enemies":"Red Slaver","floor":10,"turns":6},{"damage":0,"enemies":"Blue Slaver","floor":12,"turns":5},{"damage":53,"enemies":"Gremlin Nob","floor":13,"turns":6}],"seed_played":"-8396825944901712363","potions_obtained":[{"floor":5,"key":"FocusPotion"},{"floor":5,"key":"LiquidMemories"}],"is_trial":false,"path_per_floor":["M","?","M","$","?","R","E","M","T","M","R","M","E"],"character_chosen":"DEFECT","items_purchased":["Loop","Glacier"],"campfire_rested":0,"item_purchase_floors":[4,4],"current_hp_per_floor":[66,66,66,66,66,66,58,58,65,52,52,52,0,0],"gold":181,"neow_bonus":"UPGRADE_CARD","is_daily":false,"chose_seed":false,"campfire_upgraded":2,"win_rate":0.0,"timestamp":1614249097,"path_taken":["M","?","M","?","?","R","E","M","T","M","R","?","E"],"items_purchased_type":["Card","Card"],"build_version":"2020-12-22","purchased_purges":0,"victory":false,"max_hp_per_floor":[75,75,75,75,75,75,75,75,82,82,82,82,82,82],"relic_stats":{"counters":[7,33],"CeramicFish":27,"obtain_stats":[{"CeramicFish":7,"Strawberry":9,"Cracked Core":0},{"CeramicFish":3,"Strawberry":4,"Cracked Core":0},{"CeramicFish":15,"Strawberry":16,"Cracked Core":0}]},"card_choices":[{"not_picked":["Turbo","Redo"],"picked":"Chill","floor":1},{"not_picked":["Double Energy","Barrage"],"picked":"Sweeping Beam","floor":3},{"not_picked":["Rip and Tear","Machine Learning"],"picked":"Genetic Algorithm","floor":7},{"not_picked":["Compile Driver","Redo"],"picked":"Cold Snap","floor":8},{"not_picked":["Cold Snap","Turbo"],"picked":"Glacier","floor":10},{"not_picked":["Sweeping Beam","Darkness","Reprogram"],"picked":"SKIP","floor":12}],"player_experience":1271569,"relics_obtained":[{"floor":7,"key":"CeramicFish"},{"floor":9,"key":"Strawberry"}],"event_choices":[{"damage_healed":0,"gold_gain":0,"player_choice":"Bought 0 Potions","damage_taken":0,"max_hp_gain":0,"max_hp_loss":0,"event_name":"The Woman in Blue","floor":2,"gold_loss":0},{"damage_healed":0,"gold_gain":0,"player_choice":"Got Potions","damage_taken":0,"max_hp_gain":0,"max_hp_loss":0,"event_name":"Lab","floor":5,"gold_loss":0}],"is_beta":false,"boss_relics":[],"items_purged_floors":[],"is_endless":false,"potions_floor_spawned":[10,12],"killed_by":"Gremlin Nob","ascension_level":12}}