{"host":"by8i6f8xc0ywpsd5","time":1614262235,"event":{"mods":["BaseMod","Colored Map","Minty Spire (QoL Compilation)","Relic Stats"],"gold_per_floor":[131,160,172,197,37,37,71,71,124,148,187,187,200,220,220,313,313,334,3,28,118,131,165,165,179,179,179,13,49,64,64,64,153,153,166,184,207,207,223,223,223],"floor_reached":40,"language":"ENG","playtime":2001,"items_purged":["Pain","Strike_R"],"score":901,"play_id":"0c2061db-aac1-484c-b8d4-73b7660ecc62","local_time":"20210225161035","is_ascension_mode":true,"campfire_choices":[{"data":"Combust","floor":6.0,"key":"SMITH"},{"data":"Iron Wave","floor":12.0,"key":"SMITH"},{"data":"Bash","floor":15.0,"key":"SMITH"},{"floor":27,"key":"REST"},{"floor":32,"key":"REST"}],"circlet_count":0,"master_deck":["AscendersBane","Strike_R","Strike_R","Strike_R","Strike_R","Defend_R","Defend_R","Defend_R","Defend_R","Bash+1","Anger","Pommel Strike","Shrug It Off","Combust+1","True Grit","Iron Wave+1","Battle Trance","Flame Barrier","Fiend Fire","Spot Weakness","Inflame","Whirlwind","Impervious","Feed","Shockwave","Shrug It Off","Limit Break","Exhume","Battle Trance","True Grit+1","Sword Boomerang"],"relics":["Burning Blood","MawBank","WarpedTongs","Bronze Scales","Golden Idol","Omamori","Orichalcum","Boot","Pear","Pocketwatch","Membership Card","Bag of Preparation","Toy Ornithopter","Nloth\u0027s Gift","Question Card","Gambling Chip","Oddly Smooth Stone","Nunchaku","Velvet Choker"],"acts_visited":["Exordium","TheCity","TheBeyond"],"potions_floor_usage":[20,22,23,29,30,37,40],"damage_taken":[{"damage":18.0,"enemies":"Cultist","floor":1.0,"turns":5.0},{"damage":3.0,"enemies":"2 Louse","floor":2.0,"turns":4.0},{"damage":6.0,"enemies":"Jaw Worm","floor":4.0,"turns":3.0},{"damage":5.0,"enemies":"Gremlin Nob","floor":7.0,"turns":3.0},{"damage":13.0,"enemies":"3 Sentries","floor":11.0,"turns":4.0},{"damage":2.0,"enemies":"3 Louse","floor":13.0,"turns":4.0},{"damage":2.0,"enemies":"Red Slaver","floor":14.0,"turns":3.0},{"damage":47,"enemies":"Slime Boss","floor":16,"turns":9},{"damage":4,"enemies":"Spheric Guardian","floor":18,"turns":3},{"damage":4,"enemies":"2 Thieves","floor":20,"turns":3},{"damage":0,"enemies":"Sentry and Sphere","floor":22,"turns":3},{"damage":39,"enemies":"Slavers","floor":23,"turns":7},{"damage":21,"enemies":"Snecko","floor":25,"turns":5},{"damage":23,"enemies":"Book of Stabbing","floor":29,"turns":6},{"damage":8,"enemies":"3 Cultists","floor":30,"turns":3},{"damage":32,"enemies":"Champ","floor":33,"turns":8},{"damage":2,"enemies":"3 Shapes","floor":35,"turns":10},{"damage":21,"enemies":"Orb Walker","floor":36,"turns":5},{"damage":14,"enemies":"Writhing Mass","floor":37,"turns":8},{"damage":29,"enemies":"3 Darklings","floor":39,"turns":7},{"damage":101,"enemies":"Giant Head","floor":40,"turns":7}],"seed_played":"4274081670519469013","potions_obtained":[{"floor":4.0,"key":"DistilledChaos"},{"floor":7.0,"key":"BlessingOfTheForge"},{"floor":14.0,"key":"HeartOfIron"},{"floor":20,"key":"EssenceOfSteel"},{"floor":22,"key":"ColorlessPotion"},{"floor":29,"key":"Energy Potion"},{"floor":33,"key":"Swift Potion"},{"floor":37,"key":"BlessingOfTheForge"}],"is_trial":false,"path_per_floor":["M","M","?","M","$","R","E","?","T","T","E","R","M","M","R","B",null,"M","$","M","?","M","E","?","M","T","R","$","E","M","T","R","B",null,"M","M","M","?","M","E"],"character_chosen":"IRONCLAD","items_purchased":["Combust","Fire Potion","Membership Card","Bag of Preparation","Inflame","Gambling Chip"],"campfire_rested":2,"item_purchase_floors":[5,5,19,19,19,28],"current_hp_per_floor":[56,59,59,59,59,59,60,60,60,60,53,53,57,61,61,20,66,68,68,70,58,64,31,31,16,16,39,39,27,34,34,58,32,70,78,67,68,68,49,0,0],"gold":223,"neow_bonus":"RANDOM_COMMON_RELIC","is_daily":false,"chose_seed":false,"campfire_upgraded":3,"win_rate":0.0,"timestamp":1614262235,"path_taken":["M","M","?","?","$","R","E","?","T","?","E","R","M","M","R","BOSS","M","$","M","?","?","E","?","?","T","R","?","E","M","?","R","BOSS","M","M","M","?","M","E"],"items_purchased_type":["Card","Potion","Relic","Relic","Card","Relic"],"build_version":"2020-12-22","purchased_purges":2,"victory":false,"max_hp_per_floor":[75,75,75,75,75,75,75,68,68,68,68,68,68,68,68,68,78,78,78,78,78,78,78,78,78,78,78,78,78,82,82,82,82,82,86,90,94,94,98,98,98],"relic_stats":{"counters":[21,110],"Golden Idol":99,"Bag of Preparation":[24],"Orichalcum":[114],"MawBank":60,"Boot":[10],"Question Card":7,"Burning Blood":120,"WarpedTongs":[101],"Nunchaku":[4],"Bronze Scales":[274],"Gambling Chip":[32],"Nloth\u0027s Gift":2,"obtain_stats":[{"Pear":17,"Golden Idol":8,"Oddly Smooth Stone":29,"Velvet Choker":34,"Omamori":10,"Bag of Preparation":19,"Orichalcum":11,"MawBank":0,"Boot":17,"Question Card":26,"Burning Blood":0,"WarpedTongs":3,"Calling Bell":17,"Nunchaku":31,"Bronze Scales":7,"Gambling Chip":28,"Nloth\u0027s Gift":24,"Membership Card":19,"Toy Ornithopter":23,"Pocketwatch":17},{"Pear":8,"Golden Idol":4,"Oddly Smooth Stone":14,"Velvet Choker":16,"Omamori":4,"Bag of Preparation":9,"Orichalcum":5,"MawBank":0,"Boot":8,"Question Card":13,"Burning Blood":0,"WarpedTongs":2,"Calling Bell":8,"Nunchaku":15,"Bronze Scales":4,"Gambling Chip":13,"Nloth\u0027s Gift":12,"Membership Card":9,"Toy Ornithopter":12,"Pocketwatch":8},{"Pear":35,"Golden Idol":15,"Oddly Smooth Stone":62,"Velvet Choker":73,"Omamori":15,"Bag of Preparation":38,"Orichalcum":19,"MawBank":0,"Boot":35,"Question Card":56,"Burning Blood":0,"WarpedTongs":9,"Calling Bell":35,"Nunchaku":65,"Bronze Scales":15,"Gambling Chip":56,"Nloth\u0027s Gift":51,"Membership Card":38,"Toy Ornithopter":51,"Pocketwatch":35}],"Toy Ornithopter":20,"Pocketwatch":[138]},"card_choices":[{"not_picked":["Wild Strike","Body Slam"],"picked":"Anger","floor":1.0},{"not_picked":["Thunderclap","Searing Blow"],"picked":"Pommel Strike","floor":2.0},{"not_picked":["Thunderclap","True Grit"],"picked":"Shrug It Off","floor":4.0},{"not_picked":["Dual Wield","Clash"],"picked":"True Grit","floor":7.0},{"not_picked":["Havoc","Infernal Blade"],"picked":"Iron Wave","floor":11.0},{"not_picked":["Havoc","Clothesline"],"picked":"Battle Trance","floor":13.0},{"not_picked":["Havoc","Sever Soul"],"picked":"Flame Barrier","floor":14.0},{"not_picked":["Demon Form","Impervious"],"picked":"Fiend Fire","floor":16},{"not_picked":["Flex","Dropkick+1"],"picked":"Spot Weakness","floor":18},{"not_picked":["Wild Strike","Perfected Strike"],"picked":"Whirlwind","floor":20},{"not_picked":["Second Wind+1","Clothesline+1"],"picked":"Impervious","floor":22},{"not_picked":["Combust","Power Through"],"picked":"Feed","floor":23},{"not_picked":["Clash+1","Anger"],"picked":"Shockwave","floor":25},{"not_picked":["Bludgeon","Fire Breathing","Clothesline"],"picked":"Shrug It Off","floor":29},{"not_picked":["Body Slam","Pommel Strike","Blood for Blood"],"picked":"Limit Break","floor":30},{"not_picked":["Barricade","Juggernaut","Brutality"],"picked":"Exhume","floor":33},{"not_picked":["Armaments","Wild Strike","Perfected Strike"],"picked":"Battle Trance","floor":35},{"not_picked":["Ghostly Armor","Iron Wave+1","Armaments"],"picked":"True Grit+1","floor":36},{"not_picked":["Havoc","Intimidate","Bludgeon","Cleave"],"picked":"SKIP","floor":37},{"not_picked":["Carnage","Armaments","Infernal Blade"],"picked":"Sword Boomerang","floor":39}],"player_experience":1789191,"relics_obtained":[{"floor":7.0,"key":"Bronze Scales"},{"floor":10.0,"key":"Omamori"},{"floor":11.0,"key":"Orichalcum"},{"floor":17,"key":"Boot"},{"floor":17,"key":"Pear"},{"floor":17,"key":"Pocketwatch"},{"floor":23,"key":"Toy Ornithopter"},{"floor":26,"key":"Question Card"},{"floor":29,"key":"Oddly Smooth Stone"},{"floor":31,"key":"Nunchaku"}],"event_choices":[{"damage_healed":0.0,"max_hp_gain":0.0,"max_hp_loss":0.0,"gold_gain":0.0,"event_name":"Accursed Blacksmith","player_choice":"Rummage","floor":3.0,"gold_loss":0.0,"damage_taken":0.0,"relics_obtained":["WarpedTongs"],"cards_obtained":["Pain"]},{"damage_healed":0.0,"max_hp_gain":0.0,"max_hp_loss":7.0,"gold_gain":0.0,"event_name":"Golden Idol","player_choice":"Lose Max HP","floor":8.0,"gold_loss":0.0,"damage_taken":0.0,"relics_obtained":["Golden Idol"]},{"damage_healed":0,"gold_gain":90,"player_choice":"GOLD ","damage_taken":12,"max_hp_gain":0,"max_hp_loss":0,"event_name":"Knowing Skull","floor":21,"potions_obtained":[],"gold_loss":0,"cards_obtained":[]},{"damage_healed":0,"gold_gain":0,"player_choice":"Traded Relic","damage_taken":0,"relics_obtained":["Nloth\u0027s Gift"],"max_hp_gain":0,"max_hp_loss":0,"event_name":"N\u0027loth","floor":24,"relics_lost":["Calling Bell"],"gold_loss":0},{"damage_healed":0,"gold_gain":0,"player_choice":"Ignored","damage_taken":0,"max_hp_gain":0,"max_hp_loss":0,"event_name":"SecretPortal","floor":38,"gold_loss":0}],"is_beta":false,"boss_relics":[{"not_picked":["Ectoplasm","Mark of Pain"],"picked":"Calling Bell"},{"not_picked":["SlaversCollar","SacredBark"],"picked":"Velvet Choker"}],"items_purged_floors":[5,19],"is_endless":false,"potions_floor_spawned":[4,7,14,16,20,22,29,33,37],"killed_by":"Giant Head","ascension_level":20}}