{"host":"8t5dkgm85abdp22d","time":1614257319,"event":{"mods":["100% Spire Juice","ATMod(阿瑾Mod)","Act Like it!","BaseMod","Colored Powertips","Conspire","Gensokyo","Hallownest","Library of Ruina","Marisa（F雨　魔理沙）","Minty Spire (QoL Compilation)","MostiFishMod","Remilia（蕾米莉亚）","RumiaBox-露米娅的神秘盒子","StSLib","The Bug Knight","UnlockEverythingMod","Waifu the Spire","WarShipGirlsR/战舰少女R mod","Wide Potions","Yakumo Yukari mod"],"gold_per_floor":[16,16,34,58,58,93,113,113,113,152,52,87,111,126,126,257,257,281,196,121,121,139,178,178,217,217,258,258,114,133,154,154,282,282,303,323,323,337,89,123,123,162,216,549,549,184,203,216,216,216,216,216,63,97,97],"floor_reached":56,"language":"ZHS","playtime":1489,"items_purged":["InnerArdor","Duel_lor","BiAn+1"],"score":1772,"play_id":"9bc68625-fa92-42bc-81f3-961b1658b1d6","local_time":"20210225204839","is_ascension_mode":true,"campfire_choices":[{"data":"DegradedPillar","floor":8,"key":"SMITH"},{"data":"Unlock1","floor":15,"key":"SMITH"},{"data":"DegradedPillar","floor":24,"key":"SMITH"},{"floor":28,"key":"RECALL"},{"data":"BiAn","floor":32,"key":"SMITH"},{"data":"DegradedLock","floor":41,"key":"SMITH"},{"floor":49,"key":"REST"},{"data":"DegradedShockwave","floor":52,"key":"SMITH"}],"circlet_count":0,"master_deck":["DegradedFairy","DegradedFairy","DegradedFairy","DegradedChain","DegradedChain","DegradedLock+1","DegradedPillar+1","DegradedPillar+1","DegradedShockwave+1","GrazeTheGrass","Unlock1+1","Ghostly","LeRegole+1","SenseQuarry+1","UnforgettableMelody+1","Faith+1","WillOfThePrescript+1","SuppressingShot"],"relics":["PageOfLibrarian","AT_ATBox","DaveBox","DianPoetry","BrkXgEgg","SynthV:TestCard","HollowMod:PaleOreRelic","Meat on the Bone","PageOfFreischutz","PageOfBlackSwan","Torii","Juzu Bracelet","PageOfQueenBee","Lantern","PlanX","Runic Pyramid","Potion Belt","PageOfTodaysShyLook","AT_RedTearstoneRing","conspire:TopHat","AT_RedNoBalance","ClockworkSouvenir","AT_SpeedBoots"],"acts_visited":["Exordium","TheCity","TheBeyond","TheEnding"],"potions_floor_usage":[],"damage_taken":[{"damage":0,"enemies":"Small Slimes","floor":1,"turns":1},{"damage":0,"enemies":"2 Louse","floor":3,"turns":1},{"damage":0,"enemies":"Jaw Worm","floor":4,"turns":1},{"damage":0,"enemies":"Gremlin Nob","floor":6,"turns":2},{"damage":2,"enemies":"Exordium Wildlife","floor":7,"turns":2},{"damage":0,"enemies":"Lagavulin","floor":10,"turns":2},{"damage":0,"enemies":"Gremlin Nob","floor":12,"turns":2},{"damage":0,"enemies":"Lots of Slimes","floor":13,"turns":3},{"damage":0,"enemies":"Red Slaver","floor":14,"turns":1},{"damage":0,"enemies":"Slime Boss","floor":16,"turns":2},{"damage":0,"enemies":"2 Thieves","floor":18,"turns":2},{"damage":0,"enemies":"Chosen","floor":22,"turns":2},{"damage":0,"enemies":"Book of Stabbing","floor":23,"turns":2},{"damage":0,"enemies":"conspire:Head Lice","floor":25,"turns":2},{"damage":0,"enemies":"Slavers","floor":27,"turns":2},{"damage":0,"enemies":"Snake Plant","floor":30,"turns":2},{"damage":0,"enemies":"Centurion and Healer","floor":31,"turns":2},{"damage":0,"enemies":"Automaton","floor":33,"turns":3},{"damage":0,"enemies":"Orb Walker","floor":35,"turns":1},{"damage":0,"enemies":"3 Darklings","floor":36,"turns":2},{"damage":1,"enemies":"Maw","floor":38,"turns":3},{"damage":27,"enemies":"Nemesis","floor":40,"turns":3},{"damage":0,"enemies":"Giant Head","floor":42,"turns":4},{"damage":0,"enemies":"Spire Growth","floor":47,"turns":2},{"damage":0,"enemies":"Jaw Worm Horde","floor":48,"turns":2},{"damage":24,"enemies":"conspire:OrnateMirror","floor":50,"turns":2},{"damage":3,"enemies":"Shield and Spear","floor":54,"turns":2},{"damage":3,"enemies":"The Heart","floor":55,"turns":5}],"seed_played":"7394598129388199810","potions_obtained":[{"floor":1,"key":"Dexterity Potion"},{"floor":4,"key":"Fire Potion"},{"floor":10,"key":"BlessingOfTheForge"},{"floor":40,"key":"BlessingOfTheForge"},{"floor":42,"key":"FearPotion"},{"floor":48,"key":"GamblersBrew"}],"is_trial":false,"path_per_floor":["M","?","M","M","?","E","M","R","T","E","?","E","M","M","R","B",null,"M","?","$","?","M","E","R","E","T","E","R","$","M","M","R","B",null,"M","M","?","M","$","E","R","E","T","?","?","$","M","M","R","B",null,"R","$","E","B",null],"character_chosen":"Librarian","items_purchased":["UnforgettableMelody+1","Potion Belt","AT_SilverBalance","ClockworkSouvenir"],"campfire_rested":1,"item_purchase_floors":[29,39,46,53],"current_hp_per_floor":[60,38,38,38,31,31,29,29,29,29,29,41,53,53,53,53,90,90,90,90,90,90,90,90,90,90,90,90,90,90,90,90,90,90,90,90,100,99,99,72,72,72,72,72,72,72,62,62,92,38,100,100,100,97,94],"gold":97,"neow_bonus":"ONE_RARE_RELIC","is_daily":false,"chose_seed":false,"campfire_upgraded":6,"win_rate":0.0,"timestamp":1614257319,"path_taken":["M","?","M","M","?","E","M","R","T","E","?","E","M","M","R","BOSS","M","?","$","?","?","E","R","E","T","E","R","?","M","M","R","BOSS","M","M","?","M","?","E","R","E","T","?","?","$","M","M","R","BOSS","R","$","E","BOSS"],"items_purchased_type":["Card","Relic","Relic","Relic"],"build_version":"2020-12-22","purchased_purges":3,"victory":true,"max_hp_per_floor":[90,90,90,90,90,90,90,90,90,90,90,90,90,90,90,90,90,90,90,90,90,90,90,90,90,90,90,90,90,90,90,90,90,90,90,90,100,100,100,100,100,100,100,100,100,100,100,100,100,100,100,100,100,100,100],"card_choices":[{"not_picked":["FendThisOffIfYouCan","TrimTheIngredients","Leap_lor","GuardingStance","EnergyStrike","Quickness","Guardian_lor","SerpentSwordTechnique"],"picked":"GrazeTheGrass","floor":1},{"not_picked":["Diversion","Concentration","FleetFootsteps","Multislash","Pound","BackAttack","EnergyCycle","DarkCloud","SharpSwipe","BizarreAttack"],"picked":"ChargeUp+1","floor":3},{"not_picked":["SnakesPrey","Quickness","GreatSerpentsImpact","ShockingBlow","Pound","Castigation+1","Parry2","UpbeatPerformance","SuppressingShot","AsThePrescriptOrders"],"picked":"InnerArdor","floor":4},{"not_picked":["Parry2","Faith","QuickSuppression","NonstopAssault","Cruelty+1","Quickness","Outburst","ShockingBlow","Gigigig","CoordinatedAssault"],"picked":"Unlock1","floor":6},{"not_picked":["ToOvercomeCrisis","Multislash","Preparation","SunsetBlade","ShrineToMusic","PreemptiveStrike","Rewind","SharpSwipe","SilentNight+1","ButterflySlash"],"picked":"Duel_lor","floor":7},{"not_picked":["ShrineToMusic","Preparation","Rampage_lor","CutIn","QuickAttack","UpbeatPerformance","EnergyCycle","Tttonst+1","Eliminate","Diversion","Tailoring"],"picked":"SKIP","floor":10},{"not_picked":["Creak","BurningFlash","IdentifyWeakpoint","GuidanceOfTheGears","UpbeatPerformance","Suppress+1","SerpentSwordTechnique","SilentMist","DesperateStruggle","Multislash"],"picked":"LeRegole+1","floor":12},{"not_picked":["BladeWhirl","EnergyCycle","GuardingStance","StructuralAnalysis","SparkingSpear","FleetFootsteps","Pound","AGoldenOpportunity","WillBeTasty","AsThePrescriptOrders","EnergyConversion"],"picked":"SKIP","floor":13},{"not_picked":["ViolentFlame","TendonChords","BurningFlash","GuidanceOfTheGears","DarkCloud","FeelinGood","SharpSwipe","Eradication+1","WillBeTasty","StayCalm","YouOnlyLiveOnce"],"picked":"SKIP","floor":14},{"not_picked":["MirageStorm+1","Cruelty+1","Commandeering+1","Deflect_lor+1"],"picked":"SenseQuarry+1","floor":16},{"not_picked":["HandlingWork","SnakesPrey+1","Retaliate","BiXi","BackstreetsDash","ForTheFamily","Rewind","MultiBlock","GuidanceOfTheGears","HighKick+1","Deflect_lor+1"],"picked":"SKIP","floor":18},{"not_picked":["BackAttack","Track","ClassAndRespect+1","Pound","Wallop_lor","ToWhereThePrescriptPoints+1","FierceOnslaught","FleetEdge+1","ViolentFlame+1","QuickSuppression","SparkingSpear"],"picked":"SKIP","floor":22},{"not_picked":["FaintMemories","FleshFillet+1","ClassAndRespect","AsThePrescriptOrders","SummaryJudgment+1","SinglePointStab","BackAttack","GuidanceOfTheGears","Duel_lor","EnergyCycle+1","UncannyStrike"],"picked":"SKIP","floor":23},{"not_picked":["Struggle","SharpenedBlade","DarkCloud","Deflect_lor+1","WaitUp","Gigigig","IdentifyWeakpoint","BackstreetsDash","SnakeSlit","MultiBlock","HeavyPeaks"],"picked":"SKIP","floor":25},{"not_picked":["SnakesPrey","DefenseOrder+1","Tailoring+1","Faith","FrontalAssault","BoundaryOfDeath+1","DarkCloud","Pound+1","FierceCharge","BizarreAttack"],"picked":"LeRegole+1","floor":27},{"not_picked":["BiXi","Multislash","TrimTheIngredients+1","TasteMyFlamingBat","EnergyCycle","EnergyShield","StrongStrike+1","BackstreetsDash","Slice_lor","MultiBlock"],"picked":"BiAn","floor":30},{"not_picked":["RhinoRam+1","EnergyConversion","RapidGashes","UnavoidableGaze","DarkCloud","EnergyShield","Outburst","SunsetBlade","SavageMode+1","HighKick"],"picked":"Faith+1","floor":31},{"not_picked":["CircusKnives+1","SharpSwipe","SmokingPipe+1","SturdyDefense","TimeForALittleTest+1","Faith+1","ViolentFlame+1","Thrust+1","Thirst+1","CoordinatedAssault+1"],"picked":"WillOfThePrescript+1","floor":35},{"not_picked":["Multislash","MultiHit","EnergyCycle","BindingArms","Retaliate","SilentNight+1","WillOfThePrescript","HardRehearsal+1","Rewind","StrikeDown","GreatSerpentsImpact+1"],"picked":"SKIP","floor":36},{"not_picked":["EnergyStrike","HandleRequest+1","MultiBlock","SuppressingShot","Wallop_lor","FierceCharge","SunsetBlade+1","YouOnlyLiveOnce+1","SnakesPrey+1","Execute_lor","CoordinatedAssault+1"],"picked":"SKIP","floor":38},{"not_picked":["SenseQuarry+1","Tailoring+1","HiddenBlade","RhinoRam","SpearedSweep+1","Diversion","WildCard+1","PreemptiveStrike","Standoff+1","NightInTheBackstreets+1","DaringDecision+1"],"picked":"SKIP","floor":40},{"not_picked":["ViolentFlame+1","BackAttack","Reload+1","WildCard","GreatSerpentsImpact","CoordinatedAssault+1","SnakesPrey+1","FlamingDragonFist+1","WillOfThePrescript+1","StructuralAnalysis+1","Unlock1"],"picked":"SKIP","floor":42},{"not_picked":["UnavoidableGaze","HardRehearsal+1","GuidanceOfTheGears","FleetEdge","IllEndYou","Struggle+1","StayCalm","Leap_lor","DevastatingThrash","StrongStrike+1","EnergyCycle"],"picked":"SKIP","floor":47},{"not_picked":["Struggle+1","Suppress+1","GrazeTheGrass","MultiHit","MultiBlock","EnergyShield","FeatherShield","NightInTheBackstreets","Leap_lor+1","CoordinatedAssault+1"],"picked":"SuppressingShot","floor":48},{"not_picked":["RhinoRam+1","RagingStormLove+1","EnergyConversion+1","ShrineToMusic+1","BiAn+1","GreatSerpentsImpact","BlowItUp","SearingSword+1","Diversion+1","SunsetBlade+1","ProselytesBlade+1"],"picked":"SKIP","floor":54}],"player_experience":130982,"relics_obtained":[{"floor":1,"key":"SynthV:TestCard"},{"floor":6,"key":"HollowMod:PaleOreRelic"},{"floor":10,"key":"Meat on the Bone"},{"floor":12,"key":"PageOfFreischutz"},{"floor":23,"key":"Juzu Bracelet"},{"floor":25,"key":"PageOfQueenBee"},{"floor":26,"key":"Lantern"},{"floor":27,"key":"PlanX"},{"floor":40,"key":"PageOfTodaysShyLook"},{"floor":42,"key":"AT_RedTearstoneRing"},{"floor":43,"key":"conspire:TopHat"},{"floor":54,"key":"AT_SpeedBoots"}],"event_choices":[{"damage_healed":0,"gold_gain":0,"player_choice":"Take Damage","damage_taken":22,"relics_obtained":["Golden Idol"],"max_hp_gain":0,"max_hp_loss":0,"event_name":"Golden Idol","floor":2,"gold_loss":0},{"cards_removed":["ChargeUp"],"damage_healed":0,"gold_gain":0,"player_choice":"Card Removal","damage_taken":7,"max_hp_gain":0,"max_hp_loss":0,"event_name":"Golden Wing","floor":5,"gold_loss":0},{"damage_healed":0,"gold_gain":0,"player_choice":"Argue","damage_taken":0,"max_hp_gain":0,"max_hp_loss":0,"event_name":"conspire:LoneGhost","floor":11,"gold_loss":0},{"damage_healed":0,"gold_gain":0,"player_choice":"Obtained Relic","damage_taken":0,"relics_obtained":["Torii"],"max_hp_gain":0,"max_hp_loss":0,"event_name":"Addict","floor":19,"gold_loss":85},{"damage_healed":0,"gold_gain":0,"player_choice":"Got Potions","damage_taken":0,"max_hp_gain":0,"max_hp_loss":0,"event_name":"Lab","floor":21,"gold_loss":0},{"cards_removed":["LeRegole"],"damage_healed":0,"gold_gain":0,"player_choice":"Offered Rare","damage_taken":0,"max_hp_gain":10,"max_hp_loss":0,"event_name":"Bonfire Elementals","floor":37,"gold_loss":0},{"damage_healed":0,"gold_gain":333,"player_choice":"Gave Idol","damage_taken":0,"max_hp_gain":0,"max_hp_loss":0,"event_name":"The Moai Head","floor":44,"relics_lost":["Golden Idol"],"gold_loss":0},{"damage_healed":0,"gold_gain":0,"player_choice":"Ignored","damage_taken":0,"max_hp_gain":0,"max_hp_loss":0,"event_name":"Tomb of Lord Red Mask","floor":45,"gold_loss":0}],"is_beta":false,"boss_relics":[{"not_picked":["SlaversCollar","AddBug"],"picked":"PageOfBlackSwan"},{"not_picked":["NightmareShop","Calling Bell"],"picked":"Runic Pyramid"}],"items_purged_floors":[20,39,46],"is_endless":false,"potions_floor_spawned":[1,4,10,13,16,30,31,40,42,48],"ascension_level":1}}