{"host":"r9n4bwsh0iioe8bo","time":1614293605,"event":{"mods":["2.2 Compatiblity","BaseMod","Bestiary","Colored Map","Colored Powertips","Curses Come First","Highlight Path","Minty Spire (QoL Compilation)","Relic Stats","StSLib","SuperFastMode"],"gold_per_floor":[111,130,140,140,164,164,202,202,202,202,179,179,179,194,194,320,320,334,354,67,82,102,102,102,102,150,75,93,93,111,0,0,96,96,113,128,128,139,151,151,167,167,167,167,167,74,92,110,110,110,110],"floor_reached":50,"language":"ENG","playtime":4163,"items_purged":[],"score":446,"play_id":"2f2798dc-7ee1-4e7b-9af6-109bd2af8442","local_time":"20210225225325","is_ascension_mode":false,"campfire_choices":[{"data":"Metallicize","floor":6,"key":"SMITH"},{"data":"Immolate","floor":8,"key":"SMITH"},{"data":"Anger","floor":10,"key":"SMITH"},{"data":"Pommel Strike","floor":12,"key":"SMITH"},{"data":"Twin Strike","floor":15,"key":"SMITH"},{"data":"Seeing Red","floor":23,"key":"SMITH"},{"data":"Flame Barrier","floor":29,"key":"SMITH"},{"data":"Bludgeon","floor":32,"key":"SMITH"},{"data":"Impervious","floor":40,"key":"SMITH"},{"data":"Rage","floor":42,"key":"SMITH"},{"data":"Cleave","floor":44,"key":"SMITH"},{"floor":49,"key":"REST"}],"circlet_count":0,"master_deck":["Strike_R","Strike_R","Defend_R","Defend_R","Defend_R","Defend_R","Pommel Strike+1","Metallicize+1","Hemokinesis+1","Twin Strike+1","Anger+1","Immolate+1","Bludgeon+1","Spot Weakness+1","Anger+1","Seeing Red+1","Cleave+1","Clash","Cleave","Flame Barrier+1","Clash","Body Slam+1","Impervious+1","Body Slam+1","Flex+1","Armaments+1","Rampage+1","Rage+1","Dramatic Entrance"],"relics":["Burning Blood","Bloody Idol","Magic Flower","Self Forming Clay","Astrolabe","Ginger","Blood Vial","SlaversCollar","PreservedInsect"],"acts_visited":["Exordium","TheCity","TheBeyond"],"potions_floor_usage":[7,16,33,33,33,35,35,38,41,41,47],"damage_taken":[{"damage":6,"enemies":"Cultist","floor":1,"turns":3},{"damage":1,"enemies":"Jaw Worm","floor":2,"turns":4},{"damage":2,"enemies":"2 Louse","floor":3,"turns":2},{"damage":6,"enemies":"Blue Slaver","floor":5,"turns":6},{"damage":11,"enemies":"3 Sentries","floor":7,"turns":8},{"damage":6,"enemies":"Exordium Wildlife","floor":14,"turns":2},{"damage":25,"enemies":"The Guardian","floor":16,"turns":10},{"damage":9,"enemies":"Shell Parasite","floor":18,"turns":5},{"damage":17,"enemies":"2 Thieves","floor":19,"turns":3},{"damage":19,"enemies":"Sentry and Sphere","floor":21,"turns":4},{"damage":15,"enemies":"Snecko","floor":22,"turns":5},{"damage":7,"enemies":"Cultist and Chosen","floor":28,"turns":4},{"damage":6,"enemies":"3 Cultists","floor":30,"turns":4},{"damage":53,"enemies":"Collector","floor":33,"turns":7},{"damage":31,"enemies":"3 Darklings","floor":35,"turns":4},{"damage":22,"enemies":"3 Shapes","floor":36,"turns":4},{"damage":11,"enemies":"Spire Growth","floor":38,"turns":4},{"damage":23,"enemies":"Jaw Worm Horde","floor":39,"turns":5},{"damage":32,"enemies":"Writhing Mass","floor":41,"turns":4},{"damage":54,"enemies":"Transient","floor":47,"turns":5},{"damage":13,"enemies":"3 Darklings","floor":48,"turns":3},{"damage":96,"enemies":"Awakened One","floor":50,"turns":10}],"seed_played":"5915176410223721896","potions_obtained":[{"floor":1,"key":"FearPotion"},{"floor":3,"key":"DuplicationPotion"},{"floor":19,"key":"SteroidPotion"},{"floor":22,"key":"BloodPotion"},{"floor":30,"key":"CultistPotion"},{"floor":33,"key":"BloodPotion"},{"floor":35,"key":"EntropicBrew"},{"floor":36,"key":"FearPotion"},{"floor":39,"key":"Weak Potion"},{"floor":41,"key":"DistilledChaos"}],"is_trial":false,"path_per_floor":["M","M","M","?","M","R","E","R","T","R","?","R","?","M","R","B",null,"M","M","$","M","M","R","?","?","T","?","M","R","M","?","R","B",null,"M","M","?","M","M","R","M","R","T","R","?","$","M","M","R","B"],"character_chosen":"IRONCLAD","items_purchased":["Ginger","Dramatic Entrance"],"campfire_rested":1,"item_purchase_floors":[20,46],"current_hp_per_floor":[80,80,80,60,60,60,55,55,55,55,55,55,55,58,58,42,80,80,72,72,62,56,56,56,56,61,61,71,71,80,80,80,65,80,79,72,72,78,71,71,56,56,56,56,56,56,19,23,47,0,0],"gold":110,"neow_bonus":"THREE_CARDS","is_daily":false,"chose_seed":false,"campfire_upgraded":11,"win_rate":0.0,"timestamp":1614293605,"path_taken":["M","M","M","?","M","R","E","R","T","R","?","R","?","M","R","BOSS","M","M","$","M","M","R","?","?","T","?","M","R","M","?","R","BOSS","M","M","?","?","M","R","M","R","T","R","?","$","M","M","R","BOSS"],"items_purchased_type":["Relic","Card"],"build_version":"2020-12-22","purchased_purges":0,"victory":false,"max_hp_per_floor":[80,80,80,80,80,80,80,80,80,80,80,80,80,80,80,80,80,80,80,80,80,80,80,80,80,80,80,80,80,80,80,80,80,80,80,80,80,80,80,80,80,80,80,80,80,80,80,80,80,80,80],"relic_stats":{"Blood Vial":24,"counters":[22,106],"Self Forming Clay":[156],"Bloody Idol":53,"Astrolabe":["Exhume","Spot Weakness","Anger"],"Magic Flower":[75],"PreservedInsect":0,"Ginger":[6],"obtain_stats":[{"Blood Vial":26,"SlaversCollar":34,"Golden Idol":4,"Self Forming Clay":9,"Astrolabe":17,"Bloody Idol":24,"Magic Flower":7,"PreservedInsect":43,"Ginger":20,"Burning Blood":0},{"Blood Vial":11,"SlaversCollar":14,"Golden Idol":3,"Self Forming Clay":5,"Astrolabe":7,"Bloody Idol":11,"Magic Flower":5,"PreservedInsect":19,"Ginger":9,"Burning Blood":0},{"Blood Vial":52,"SlaversCollar":67,"Golden Idol":9,"Self Forming Clay":23,"Astrolabe":35,"Bloody Idol":52,"Magic Flower":23,"PreservedInsect":88,"Ginger":43,"Burning Blood":0}],"Burning Blood":165},"card_choices":[{"not_picked":["Iron Wave","True Grit"],"picked":"Pommel Strike","floor":0},{"not_picked":["Blood for Blood","Reckless Charge"],"picked":"Metallicize","floor":1},{"not_picked":["Iron Wave","Twin Strike"],"picked":"Hemokinesis","floor":2},{"not_picked":["Thunderclap","Havoc"],"picked":"Twin Strike","floor":3},{"not_picked":["Perfected Strike","Dual Wield"],"picked":"Anger","floor":5},{"not_picked":["Warcry","Anger"],"picked":"Immolate","floor":7},{"not_picked":["Reckless Charge","Clothesline","Sword Boomerang"],"picked":"SKIP","floor":14},{"not_picked":["Double Tap","Impervious"],"picked":"Bludgeon","floor":16},{"not_picked":["True Grit+1","Heavy Blade+1"],"picked":"Seeing Red","floor":18},{"not_picked":["Twin Strike","Havoc"],"picked":"Cleave","floor":19},{"not_picked":["Offering","Wild Strike"],"picked":"Clash","floor":21},{"not_picked":["Burning Pact","Dark Embrace"],"picked":"Cleave","floor":22},{"not_picked":["Headbutt","Havoc"],"picked":"Clash","floor":28},{"not_picked":["Cleave","Armaments"],"picked":"Body Slam+1","floor":30},{"not_picked":["Reaper","Fiend Fire"],"picked":"Impervious","floor":33},{"not_picked":["Hemokinesis","Havoc+1"],"picked":"Body Slam+1","floor":35},{"not_picked":["Ghostly Armor+1","Cleave"],"picked":"Flex+1","floor":36},{"not_picked":["Warcry+1","Body Slam"],"picked":"Armaments+1","floor":38},{"not_picked":["Sword Boomerang","Disarm+1"],"picked":"Rampage+1","floor":39},{"not_picked":["Warcry+1","Dropkick+1"],"picked":"Rage","floor":41},{"not_picked":["Armaments","Double Tap","Anger+1"],"picked":"SKIP","floor":47},{"not_picked":["Iron Wave+1","Intimidate","Wild Strike"],"picked":"SKIP","floor":48}],"player_experience":48389,"relics_obtained":[{"floor":7,"key":"Magic Flower"},{"floor":9,"key":"Self Forming Clay"},{"floor":26,"key":"Blood Vial"},{"floor":43,"key":"PreservedInsect"}],"event_choices":[{"damage_healed":0,"gold_gain":0,"player_choice":"Take Damage","damage_taken":20,"relics_obtained":["Golden Idol"],"max_hp_gain":0,"max_hp_loss":0,"event_name":"Golden Idol","floor":4,"gold_loss":0},{"damage_healed":0,"gold_gain":0,"player_choice":"Left Gold","damage_taken":0,"max_hp_gain":0,"max_hp_loss":0,"event_name":"World of Goop","floor":11,"gold_loss":23},{"damage_healed":0,"gold_gain":0,"player_choice":"Grow","damage_taken":0,"max_hp_gain":0,"max_hp_loss":0,"event_name":"Living Wall","floor":13,"gold_loss":0,"cards_upgraded":["Hemokinesis"]},{"damage_healed":0,"gold_gain":0,"player_choice":"Gave Idol","damage_taken":0,"relics_obtained":["Bloody Idol"],"max_hp_gain":0,"max_hp_loss":0,"event_name":"Forgotten Altar","floor":24,"relics_lost":["Golden Idol"],"gold_loss":0},{"damage_healed":0,"gold_gain":0,"player_choice":"Read","damage_taken":0,"max_hp_gain":0,"max_hp_loss":0,"event_name":"The Library","floor":25,"gold_loss":0,"cards_obtained":["Flame Barrier"]},{"cards_removed":["Exhume"],"damage_healed":0,"gold_gain":0,"player_choice":"Gave Gold","damage_taken":0,"max_hp_gain":0,"max_hp_loss":0,"event_name":"Beggar","floor":27,"gold_loss":75},{"damage_healed":0,"gold_gain":0,"player_choice":"Paid Fearfully","damage_taken":0,"max_hp_gain":0,"max_hp_loss":0,"event_name":"Masked Bandits","floor":31,"gold_loss":111},{"damage_healed":0,"gold_gain":0,"player_choice":"Ignored","damage_taken":0,"max_hp_gain":0,"max_hp_loss":0,"event_name":"NoteForYourself","floor":37,"gold_loss":0},{"cards_removed":["Bash"],"damage_healed":0,"gold_gain":0,"player_choice":"Removed Attack","damage_taken":0,"max_hp_gain":0,"max_hp_loss":0,"event_name":"Falling","floor":45,"gold_loss":0}],"is_beta":false,"boss_relics":[{"not_picked":["Busted Crown","Cursed Key"],"picked":"Astrolabe"},{"not_picked":["Philosopher\u0027s Stone","SacredBark"],"picked":"SlaversCollar"}],"items_purged_floors":[],"is_endless":false,"potions_floor_spawned":[1,3,19,22,30,33,35,36,39,41],"killed_by":"Awakened One","ascension_level":0}}