{"host":"by8i6f8xc0ywpsd5","time":1614264788,"event":{"mods":["BaseMod","Colored Map","Minty Spire (QoL Compilation)","Relic Stats"],"gold_per_floor":[112,129,279,24,41,68,68,86,111,138,157,157,176,194,194,268,268,278,278,248,265,265,265,292,292,292,307,342,361,380,405,405,479,479,490,390,390,52,52,52,84,84,109,142,142,161,187,206,206,206,206,206,206,81,108,108],"floor_reached":57,"language":"ENG","playtime":2530,"items_purged":["Doubt","Strike_R","Strike_R"],"score":3524,"play_id":"af7c5e0c-4243-4398-8a1b-3203e275f153","local_time":"20210225165308","is_ascension_mode":true,"campfire_choices":[{"data":"Feed","floor":7,"key":"SMITH"},{"data":"Sever Soul","floor":12,"key":"SMITH"},{"data":"Uppercut","floor":15,"key":"SMITH"},{"data":"Armaments","floor":23,"key":"SMITH"},{"data":"Feed","floor":25,"key":"SMITH"},{"data":"Feel No Pain","floor":32,"key":"SMITH"},{"data":"Feel No Pain","floor":40,"key":"SMITH"},{"data":"Power Through","floor":42,"key":"SMITH"},{"floor":45,"key":"RECALL"},{"data":"Ghostly Armor","floor":49,"key":"SMITH"},{"data":"Burning Pact","floor":53,"key":"SMITH"}],"circlet_count":0,"master_deck":["AscendersBane","Strike_R","Strike_R","Defend_R","Defend_R","Defend_R","Defend_R","Bash","Thunderclap","Feed+1","Uppercut+1","Feel No Pain+1","Sever Soul+1","Feel No Pain+1","Dark Embrace","Power Through+1","Barricade","Burning Pact+1","Corruption","Armaments+1","Pain","Feed+1","Carnage","Ghostly Armor+1","Shockwave","Dual Wield+1","Corruption","Body Slam+1","Disarm+1","Barricade"],"relics":["Snecko Eye","Boot","Lantern","Bag of Marbles","Coffee Dripper","WarpedTongs","FossilizedHelix","Paper Frog","Unceasing Top","Vajra","Runic Cube","Bag of Preparation","Bronze Scales","Omamori","Ornamental Fan","Meat on the Bone","Du-Vu Doll"],"acts_visited":["Exordium","TheCity","TheBeyond","TheEnding"],"potions_floor_usage":[10,21,56],"damage_taken":[{"damage":1,"enemies":"Small Slimes","floor":1,"turns":4},{"damage":7,"enemies":"Cultist","floor":2,"turns":4},{"damage":2,"enemies":"Jaw Worm","floor":5,"turns":3},{"damage":6,"enemies":"Gremlin Nob","floor":6,"turns":3},{"damage":13,"enemies":"Blue Slaver","floor":8,"turns":4},{"damage":0,"enemies":"Lagavulin","floor":10,"turns":4},{"damage":12,"enemies":"Exordium Wildlife","floor":11,"turns":4},{"damage":0,"enemies":"Lots of Slimes","floor":13,"turns":2},{"damage":0,"enemies":"Blue Slaver","floor":14,"turns":5},{"damage":18,"enemies":"The Guardian","floor":16,"turns":10},{"damage":0,"enemies":"Chosen","floor":18,"turns":2},{"damage":0,"enemies":"2 Thieves","floor":20,"turns":4},{"damage":11,"enemies":"Shelled Parasite and Fungi","floor":21,"turns":3},{"damage":6,"enemies":"Gremlin Leader","floor":24,"turns":6},{"damage":0,"enemies":"Cultist and Chosen","floor":27,"turns":6},{"damage":9,"enemies":"Slavers","floor":28,"turns":3},{"damage":2,"enemies":"Snake Plant","floor":29,"turns":4},{"damage":11,"enemies":"Snecko","floor":30,"turns":6},{"damage":13,"enemies":"Book of Stabbing","floor":31,"turns":4},{"damage":7,"enemies":"Automaton","floor":33,"turns":8},{"damage":14,"enemies":"3 Shapes","floor":35,"turns":4},{"damage":6,"enemies":"Reptomancer","floor":41,"turns":6},{"damage":3,"enemies":"Giant Head","floor":44,"turns":4},{"damage":1,"enemies":"Orb Walker","floor":46,"turns":3},{"damage":7,"enemies":"Nemesis","floor":47,"turns":4},{"damage":20,"enemies":"Writhing Mass","floor":48,"turns":6},{"damage":9,"enemies":"Time Eater","floor":50,"turns":3},{"damage":4,"enemies":"Donu and Deca","floor":51,"turns":9},{"damage":9,"enemies":"Shield and Spear","floor":55,"turns":4},{"damage":79,"enemies":"The Heart","floor":56,"turns":8}],"seed_played":"-2347060624152109864","potions_obtained":[{"floor":6,"key":"SkillPotion"},{"floor":10,"key":"BlessingOfTheForge"},{"floor":11,"key":"AttackPotion"},{"floor":30,"key":"Energy Potion"}],"is_trial":false,"path_per_floor":["M","M","?","$","M","E","R","M","T","E","M","R","M","M","R","B",null,"M","?","M","M","?","R","E","R","T","M","E","M","M","E","R","B",null,"M","$","?","$","?","R","E","R","T","E","R","M","E","M","R","B","B",null,"R","$","E","B",null],"character_chosen":"IRONCLAD","items_purchased":["Uppercut","Feel No Pain","BloodPotion","Bag of Preparation","Bronze Scales"],"campfire_rested":0,"item_purchase_floors":[4,4,4,38,38],"current_hp_per_floor":[67,60,60,60,61,58,58,49,49,53,45,45,49,53,53,39,89,93,87,91,84,84,84,82,82,82,86,85,87,80,71,71,68,129,127,127,127,127,127,127,121,121,121,122,122,121,114,98,98,93,97,160,160,160,159,92],"gold":108,"neow_bonus":"BOSS_RELIC","is_daily":false,"chose_seed":false,"campfire_upgraded":10,"win_rate":0.0,"timestamp":1614264788,"path_taken":["M","M","?","$","M","E","R","M","T","E","M","R","M","M","R","BOSS","M","?","M","?","?","R","E","R","T","?","E","M","?","E","R","BOSS","M","$","?","$","?","R","E","R","T","E","R","M","E","M","R","BOSS","BOSS","R","$","E","BOSS"],"items_purchased_type":["Card","Card","Potion","Relic","Relic"],"build_version":"2020-12-22","purchased_purges":3,"victory":true,"max_hp_per_floor":[75,75,75,75,78,81,81,85,85,89,93,93,97,101,101,105,105,109,109,113,117,117,117,121,121,121,125,133,137,141,145,145,149,149,161,161,161,161,161,161,161,161,161,165,165,165,165,169,169,173,181,181,181,181,189,189],"relic_stats":{"counters":[30,140],"Ornamental Fan":[76],"Bronze Scales":[252],"Snecko Eye":[303,297,298,293],"Bag of Preparation":[18],"Boot":[25],"obtain_stats":[{"Lantern":9,"Vajra":31,"Bag of Preparation":38,"Omamori":41,"Boot":6,"Burning Blood":0,"WarpedTongs":22,"Du-Vu Doll":55,"Ornamental Fan":44,"Bronze Scales":38,"Snecko Eye":0,"Bag of Marbles":10,"Coffee Dripper":17,"FossilizedHelix":24,"Unceasing Top":28,"Paper Frog":26,"Runic Cube":34,"Meat on the Bone":47},{"Lantern":5,"Vajra":19,"Bag of Preparation":21,"Omamori":22,"Boot":4,"Burning Blood":0,"WarpedTongs":13,"Du-Vu Doll":29,"Ornamental Fan":23,"Bronze Scales":21,"Snecko Eye":0,"Bag of Marbles":6,"Coffee Dripper":10,"FossilizedHelix":14,"Unceasing Top":16,"Paper Frog":14,"Runic Cube":20,"Meat on the Bone":25},{"Lantern":18,"Vajra":81,"Bag of Preparation":93,"Omamori":99,"Boot":14,"Burning Blood":0,"WarpedTongs":52,"Du-Vu Doll":132,"Ornamental Fan":103,"Bronze Scales":93,"Snecko Eye":0,"Bag of Marbles":22,"Coffee Dripper":43,"FossilizedHelix":58,"Unceasing Top":67,"Paper Frog":58,"Runic Cube":89,"Meat on the Bone":110}],"Unceasing Top":[1],"WarpedTongs":[77],"Runic Cube":[61],"Meat on the Bone":12},"card_choices":[{"not_picked":["Headbutt","True Grit"],"picked":"Thunderclap","floor":1},{"not_picked":["Sword Boomerang","Havoc"],"picked":"Feed","floor":2},{"not_picked":["Clash","Twin Strike"],"picked":"Sever Soul","floor":5},{"not_picked":["Reckless Charge","Intimidate"],"picked":"Feel No Pain","floor":6},{"not_picked":["Rampage","Cleave"],"picked":"Dark Embrace","floor":8},{"not_picked":["Flex","Reckless Charge"],"picked":"Power Through","floor":10},{"not_picked":["Armaments","Anger"],"picked":"Barricade","floor":11},{"not_picked":["Fire Breathing","Rampage","Iron Wave"],"picked":"SKIP","floor":13},{"not_picked":["Wild Strike","Clash"],"picked":"Burning Pact","floor":14},{"not_picked":["Juggernaut","Offering"],"picked":"Corruption","floor":16},{"not_picked":["Twin Strike","Rupture"],"picked":"Armaments","floor":18},{"not_picked":["Sword Boomerang","Spot Weakness","Cleave"],"picked":"SKIP","floor":20},{"not_picked":["Havoc","Wild Strike","Double Tap"],"picked":"SKIP","floor":21},{"not_picked":["Perfected Strike","Thunderclap"],"picked":"Feed","floor":24},{"not_picked":["Anger","Rampage+1"],"picked":"Carnage","floor":27},{"not_picked":["Blood for Blood","Thunderclap+1"],"picked":"Ghostly Armor","floor":28},{"not_picked":["Havoc","Clash"],"picked":"Shockwave","floor":29},{"not_picked":["Pommel Strike","Seeing Red","Cleave"],"picked":"SKIP","floor":30},{"not_picked":["Shrug It Off","Battle Trance"],"picked":"Dual Wield+1","floor":31},{"not_picked":["Bludgeon","Berserk"],"picked":"Corruption","floor":33},{"not_picked":["True Grit","Pommel Strike","Seeing Red+1"],"picked":"SKIP","floor":35},{"not_picked":["Twin Strike+1","Havoc+1"],"picked":"Body Slam+1","floor":41},{"not_picked":["Clash+1","True Grit","Sword Boomerang+1"],"picked":"SKIP","floor":44},{"not_picked":["Wild Strike","Thunderclap+1","Warcry"],"picked":"SKIP","floor":46},{"not_picked":["Havoc","Cleave+1"],"picked":"Disarm+1","floor":47},{"not_picked":["Reckless Charge+1","Pummel","Iron Wave"],"picked":"SKIP","floor":48},{"not_picked":["Pummel","Cleave"],"picked":"Barricade","floor":55}],"player_experience":1791192,"relics_obtained":[{"floor":6,"key":"Boot"},{"floor":9,"key":"Lantern"},{"floor":10,"key":"Bag of Marbles"},{"floor":24,"key":"FossilizedHelix"},{"floor":26,"key":"Paper Frog"},{"floor":28,"key":"Unceasing Top"},{"floor":31,"key":"Vajra"},{"floor":41,"key":"Omamori"},{"floor":44,"key":"Ornamental Fan"},{"floor":47,"key":"Meat on the Bone"},{"floor":55,"key":"Du-Vu Doll"}],"event_choices":[{"damage_healed":0,"gold_gain":150,"player_choice":"AGREE","damage_taken":0,"max_hp_gain":0,"max_hp_loss":0,"event_name":"Liars Game","floor":3,"gold_loss":0,"cards_obtained":["Doubt"]},{"damage_healed":0,"gold_gain":0,"player_choice":"Bought 0 Potions","damage_taken":0,"max_hp_gain":0,"max_hp_loss":0,"event_name":"The Woman in Blue","floor":19,"gold_loss":0},{"damage_healed":0,"gold_gain":0,"player_choice":"Rummage","damage_taken":0,"relics_obtained":["WarpedTongs"],"max_hp_gain":0,"max_hp_loss":0,"event_name":"Accursed Blacksmith","floor":22,"gold_loss":0,"cards_obtained":["Pain"]},{"damage_healed":0,"gold_gain":0,"player_choice":"Memory 1","damage_taken":0,"max_hp_gain":0,"max_hp_loss":0,"event_name":"SensoryStone","floor":37,"gold_loss":0},{"cards_removed":["Strike_R"],"damage_healed":0,"gold_gain":0,"player_choice":"Removed Attack","damage_taken":0,"max_hp_gain":0,"max_hp_loss":0,"event_name":"Falling","floor":39,"gold_loss":0}],"is_beta":false,"boss_relics":[{"not_picked":["Velvet Choker","Calling Bell"],"picked":"Coffee Dripper"},{"not_picked":["Sozu","Mark of Pain"],"picked":"Runic Cube"}],"items_purged_floors":[4,36,54],"is_endless":false,"potions_floor_spawned":[6,10,11,13,14,18,30,31,33,44,47,55],"ascension_level":20}}