{"host":"8e3sp1tozjyrh64l","time":1614225233,"event":{"mods":["Act Like it!","BaseMod","Better Altar","Better Match","Better Note","Better Sensory Stone","Better Silent Start","Better Skull","Better Third Choice","BetterRewards","Conspire","Curses Come First","Defuse TimeMaze Blight","Infinite Spire","Minty Spire (QoL Compilation)","Permanent Neow","Rare Cards Sparkle","Relic Sorter","Reliquary","Replay The Spire","Shop Mod","Spicy Shops","StSLib","SuperFastMode","The Jungle","Wandering Minibosses"],"gold_per_floor":[216,216,227,244,13,13,41,41,41,67,79,89,122,139,204,304,304,321,371,371,371,151,151,183,183,206,234,234,234],"floor_reached":28,"language":"ENG","playtime":625,"items_purged":["Strike_G"],"score":288,"play_id":"3e6422e5-0637-4354-91d5-65d1cf10f921","local_time":"20210224205353","is_ascension_mode":true,"campfire_choices":[{"data":"Infinite Blades","floor":6,"key":"SMITH"},{"data":"Dagger Spray","floor":8,"key":"SMITH"},{"data":"A Thousand Cuts","floor":23,"key":"SMITH"},{"floor":25,"key":"REST"}],"circlet_count":0,"master_deck":["Strike_G","Defend_G","Defend_G","Defend_G","Defend_G","Survivor","Neutralize","Poisoned Stab","Dagger Spray+1","Backstab","Infinite Blades+1","Riddle With Holes+1","Infinite Blades","Noxious Fumes+1","A Thousand Cuts+1","Caltrops","Reflex","Accuracy+1","Accuracy"],"relics":["Ring of the Snake","Molten Egg 2","reliquary:OuijaBoard","Gremlin Horn","SlaversCollar","Tiny House","Tough Bandages","reliquary:PartyBalloon","Oddly Smooth Stone","reliquary:TridentHead"],"acts_visited":["Exordium","TheCity"],"potions_floor_usage":[7,16,18,24,28,28,28],"damage_taken":[{"damage":0,"enemies":"2 Louse","floor":1,"turns":3},{"damage":0,"enemies":"Cultist","floor":3,"turns":4},{"damage":0,"enemies":"conspire:RoseBush","floor":4,"turns":3},{"damage":5,"enemies":"Gremlin Nob","floor":7,"turns":4},{"damage":8,"enemies":"Lagavulin","floor":10,"turns":5},{"damage":0,"enemies":"2 Fungi Beasts","floor":11,"turns":2},{"damage":0,"enemies":"Lots of Slimes","floor":12,"turns":3},{"damage":11,"enemies":"Replay:BlueRogue","floor":13,"turns":4},{"damage":2,"enemies":"Red Slaver","floor":14,"turns":2},{"damage":14,"enemies":"Slime Boss","floor":16,"turns":6},{"damage":20,"enemies":"2 Thieves","floor":18,"turns":2},{"damage":34,"enemies":"Slavers","floor":24,"turns":3},{"damage":5,"enemies":"conspire:Head Lice","floor":27,"turns":3},{"damage":43,"enemies":"conspire:FuzzyDice","floor":28,"turns":2}],"seed_played":"-3746310211348791618","potions_obtained":[{"floor":3,"key":"Weak Potion"},{"floor":4,"key":"LifebloodPotion"},{"floor":7,"key":"Adrenaline Potion"},{"floor":12,"key":"Reflective Coating"},{"floor":16,"key":"SteroidPotion"},{"floor":18,"key":"SpeedPotion"},{"floor":19,"key":"SpyderVenomPotion"},{"floor":27,"key":"BlessingOfTheForge"}],"is_trial":false,"path_per_floor":["M","?","M","M","$","R","E","R","T","E","M","M","E","M","R","B",null,"M","AVR","?","?","$","R","E","R","T","E","M"],"character_chosen":"THE_SILENT","items_purchased":["Infinite Blades","reliquary:PartyBalloon","Accuracy"],"campfire_rested":1,"item_purchase_floors":[5,22,22],"current_hp_per_floor":[70,70,70,70,70,70,65,65,65,57,57,57,46,44,44,30,70,50,55,55,55,55,55,21,43,43,38,0,0],"gold":234,"neow_bonus":"HUNDRED_GOLD","is_daily":false,"chose_seed":false,"campfire_upgraded":3,"win_rate":0.0,"timestamp":1614225233,"path_taken":["M","?","?","M","$","R","E","R","T","E","M","M","E","M","R","BOSS","M","AVR","?","?","$","R","E","R","T","E","M"],"items_purchased_type":["Card","Relic","Card"],"build_version":"2020-12-22","purchased_purges":1,"victory":false,"max_hp_per_floor":[70,70,70,70,70,70,70,70,70,70,70,70,70,70,70,70,70,70,75,75,75,75,75,75,75,75,75,75,75],"card_choices":[{"not_picked":["Setup","Underhanded Strike"],"picked":"Poisoned Stab","floor":1},{"not_picked":["Reflex","ReplayTheSpireMod:Exploit Weakness"],"picked":"Dagger Spray","floor":3},{"not_picked":["Deadly Poison","Reflex"],"picked":"Backstab","floor":4},{"not_picked":["Acrobatics","Dodge and Roll","Deflect"],"picked":"SKIP","floor":7},{"not_picked":["Crippling Poison","Prepared"],"picked":"Riddle With Holes+1","floor":10},{"not_picked":["Heel Hook+1","Storm of Steel"],"picked":"Infinite Blades","floor":11},{"not_picked":["Dodge and Roll","Bouncing Flask","Prepared"],"picked":"SKIP","floor":12},{"not_picked":["Toxin Wave","Draining Mist"],"picked":"Noxious Fumes","floor":13},{"not_picked":["Cloak And Dagger","Fluid Movement","ReplayTheSpireMod:Speed Training"],"picked":"SKIP","floor":14},{"not_picked":["Cloak And Dagger","Fluid Movement","ReplayTheSpireMod:Speed Training"],"picked":"SKIP","floor":14},{"not_picked":["Replay:Bag of Tricks","Storm of Steel"],"picked":"A Thousand Cuts","floor":16},{"not_picked":["Well Laid Plans","Outmaneuver"],"picked":"Caltrops","floor":18},{"not_picked":["ReplayTheSpireMod:Exploit Weakness","Deflect+1","Choke+1"],"picked":"SKIP","floor":24},{"not_picked":["Underhanded Strike+1","Outmaneuver","Backflip"],"picked":"SKIP","floor":27}],"player_experience":943508,"relics_obtained":[{"floor":7,"key":"Molten Egg 2"},{"floor":10,"key":"reliquary:OuijaBoard"},{"floor":13,"key":"Gremlin Horn"},{"floor":24,"key":"Oddly Smooth Stone"},{"floor":27,"key":"reliquary:TridentHead"}],"event_choices":[{"cards_removed":["Strike_G"],"damage_healed":0,"gold_gain":0,"player_choice":"Offered Basic","damage_taken":0,"max_hp_gain":0,"max_hp_loss":0,"event_name":"Bonfire Elementals","floor":2,"gold_loss":0},{"damage_healed":0,"gold_gain":0,"cards_transformed":["Strike_G"],"player_choice":"Transformed","damage_taken":0,"max_hp_gain":0,"max_hp_loss":0,"event_name":"Transmorgrifier","floor":20,"gold_loss":0,"cards_obtained":["Reflex"]},{"cards_removed":["Infinite Blades"],"damage_healed":0,"gold_gain":0,"player_choice":"Take \u0026 Give","damage_taken":0,"max_hp_gain":0,"max_hp_loss":0,"event_name":"betterNote:BetterNote","floor":21,"gold_loss":0,"cards_obtained":["Accuracy"]}],"is_beta":false,"boss_relics":[{"not_picked":["conspire:SlowCooker","Runic Dome"],"picked":"SlaversCollar"}],"items_purged_floors":[19],"is_endless":false,"potions_floor_spawned":[3,4,7,12,16,18,27],"killed_by":"conspire:FuzzyDice","ascension_level":1}}