{"host":"id23shmscryl4psl","time":1614290698,"event":{"mods":["BaseMod","Better Altar","Better Match","Better Note","Better Sensory Stone","Better Skull","Better Third Choice","Colored Map","Colored Powertips","Dark Map","Downfall","FTL Soundtrack","Minty Spire (QoL Compilation)","Rare Cards Sparkle","Relic Stats","Robot Space Explorer","StSLib"],"gold_per_floor":[99,110,123,138,152,480,480,515,315,326,176,161,161,180,198,296,296,296,312,323,335,7,22,96,127,138,164,181,197,82,98,117,213,213,113,133,150,150,150,164,178,190,190,190,217,19,19,19,19,19,19],"floor_reached":49,"language":"ENG","playtime":4038,"items_purged":["Slimebound:Defend_Slimebound","Slimebound:Strike_Slimebound"],"score":883,"play_id":"5375ae8e-f00c-4c8f-b8d9-34c5cc9d8392","local_time":"20210225150458","is_ascension_mode":true,"campfire_choices":[{"floor":1,"key":"RECALL"},{"data":"Slimebound:Split","floor":9,"key":"SMITH"},{"data":"Slimebound:OneTwoCombo","floor":18,"key":"SMITH"},{"data":"Slimebound:Overexert","floor":35,"key":"SMITH"},{"data":"Slimebound:DuplicatedForm","floor":39,"key":"SMITH"},{"data":"Slimebound:Schlurp","floor":47,"key":"SMITH"}],"circlet_count":0,"master_deck":["Slimebound:Strike_Slimebound","Slimebound:Tackle","Slimebound:Defend_Slimebound","Slimebound:Split+1","Slimebound:CorrosiveSpit","Slimebound:ServeAndProtect","Slimebound:AcidTongue","Slimebound:Schlurp","Slimebound:Prepare","Slimebound:SplitAcid","Slimebound:SplitLeeching","Slimebound:TongueLash","Slimebound:Gluttony","Slimebound:SamplingLick","Slimebound:SplitAcid","Slimebound:OneTwoCombo+1","Slimebound:SlimeBarrage+1","Slimebound:SlimeBrawl","Slimebound:SplitAcid+1","Slimebound:ProtectTheBoss","Slimebound:SplitMire+1","Slimebound:Schlurp+1","Slimebound:ItLooksTasty+1","Slimebound:PressTheAttack","Slimebound:DuplicatedForm+1","Slimebound:PressTheAttack","Slimebound:LeadByExample","Slimebound:SplitLeeching","Slimebound:SplitLeeching","Slimebound:Overexert+1","Slimebound:SlimeTap+1","Slimebound:SplitAcid","Slimebound:SplitSpecialist+1","Slimebound:RainOfGoop","Slimebound:ProtectTheBoss+1","Slimebound:SplitBruiser"],"relics":["Slimebound:AbsorbEndCombat","Old Coin","Calipers","Unceasing Top","downfall:HeartBlessingRed","downfall:HeartBlessingGreen","Empty Cage","Shuriken","Incense Burner","Torii","Coffee Dripper","downfall:HeartBlessingBlue","downfall:TeleportStone","Dream Catcher","Lee\u0027s Waffle"],"acts_visited":["Exordium","TheCity","TheBeyond","TheEnding"],"potions_floor_usage":[6,6,8,16,16,20,23,28,29,30,33,33,36,42,45,45,48],"damage_taken":[{"damage":4,"enemies":"Cultist","floor":2,"turns":3},{"damage":3,"enemies":"2 Louse","floor":3,"turns":2},{"damage":0,"enemies":"Small Slimes","floor":4,"turns":4},{"damage":14,"enemies":"Blue Slaver","floor":5,"turns":4},{"damage":0,"enemies":"Lagavulin","floor":6,"turns":5},{"damage":20,"enemies":"Gremlin Nob","floor":8,"turns":5},{"damage":0,"enemies":"Exordium Wildlife","floor":10,"turns":6},{"damage":0,"enemies":"downfall:FleeingMerchant","floor":12,"turns":4},{"damage":13,"enemies":"Red Slaver","floor":14,"turns":4},{"damage":0,"enemies":"Blue Slaver","floor":15,"turns":4},{"damage":17,"enemies":"DF_ARCHETYPE_STREAMLINE","floor":16,"turns":9},{"damage":4,"enemies":"Chosen","floor":19,"turns":6},{"damage":9,"enemies":"3 Byrds","floor":20,"turns":3},{"damage":0,"enemies":"Snecko","floor":21,"turns":5},{"damage":0,"enemies":"downfall:FleeingMerchant","floor":22,"turns":4},{"damage":0,"enemies":"3 Cultists","floor":23,"turns":4},{"damage":2,"enemies":"Book of Stabbing","floor":25,"turns":5},{"damage":11,"enemies":"Centurion and Healer","floor":26,"turns":4},{"damage":27,"enemies":"Slavers","floor":27,"turns":3},{"damage":1,"enemies":"Chosen and Byrds","floor":28,"turns":4},{"damage":6,"enemies":"Snecko","floor":29,"turns":3},{"damage":3,"enemies":"downfall:FleeingMerchant","floor":30,"turns":4},{"damage":17,"enemies":"Shelled Parasite and Fungi","floor":31,"turns":5},{"damage":15,"enemies":"Snake Plant","floor":32,"turns":4},{"damage":29,"enemies":"IC_MUSHROOM_ARCHETYPE","floor":33,"turns":7},{"damage":37,"enemies":"3 Darklings","floor":36,"turns":4},{"damage":10,"enemies":"Orb Walker","floor":37,"turns":4},{"damage":26,"enemies":"Spire Growth","floor":40,"turns":4},{"damage":0,"enemies":"3 Darklings","floor":41,"turns":4},{"damage":1,"enemies":"Jaw Worm Horde","floor":42,"turns":4},{"damage":0,"enemies":"SI_POISON_ARCHETYPE","floor":43,"turns":13},{"damage":47,"enemies":"downfall:CharBossMerchant","floor":45,"turns":7},{"damage":48,"enemies":"downfall:NeowBoss","floor":48,"turns":14},{"damage":83,"enemies":"downfall:NeowBossFinal","floor":49,"turns":11}],"seed_played":"7407224416969889336","potions_obtained":[{"floor":0,"key":"Guardian:BlockOnCardUsePotion"},{"floor":0,"key":"SkillPotion"},{"floor":0,"key":"BlessingOfTheForge"},{"floor":10,"key":"hexamod:SoulburnPotion"},{"floor":14,"key":"bronze:BurnAndBuffPotion"},{"floor":16,"key":"ColorlessPotion"},{"floor":19,"key":"Block Potion"},{"floor":23,"key":"Block Potion"},{"floor":27,"key":"bronze:BurnAndBuffPotion"},{"floor":28,"key":"Fruit Juice"},{"floor":29,"key":"Fire Potion"},{"floor":32,"key":"LiquidBronze"},{"floor":33,"key":"sneckomod:MuddlingPotion"},{"floor":40,"key":"Block Potion"},{"floor":41,"key":"champ:CounterPotion"},{"floor":42,"key":"AttackPotion"}],"is_trial":false,"path_per_floor":["R","M","M","M","M","E","T","E","R","M","?","$","?","M","M","B",null,"R","M","M","M","$","M","T","E","M","E","M","M","$","M","M","B",null,"R","M","M","?","R","M","M","M","B",null,"E","$","R","B","B"],"character_chosen":"SLIMEBOUND","items_purchased":["Shuriken","Lee\u0027s Waffle","BlessingOfTheForge"],"campfire_rested":0,"item_purchase_floors":[22,46,46],"current_hp_per_floor":[65,63,60,64,56,64,64,48,48,54,75,75,75,64,68,57,75,75,75,68,72,75,75,75,75,72,47,57,57,62,53,57,36,80,90,74,68,68,68,63,71,78,86,90,49,97,97,64,0,0,0],"gold":19,"neow_bonus":"THREE_SMALL_POTIONS","is_daily":false,"chose_seed":false,"campfire_upgraded":5,"win_rate":0.0,"timestamp":1614290698,"path_taken":["R","M","M","M","?","E","T","E","R","M","?","?","?","?","M","BOSS","R","M","M","M","?","M","T","E","M","E","M","?","$","M","M","BOSS","R","M","M","?","R","?","M","M","BOSS","E","$","R","BOSS","BOSS"],"items_purchased_type":["Relic","Relic","Potion"],"build_version":"2020-12-22","purchased_purges":2,"victory":false,"max_hp_per_floor":[65,65,65,65,65,65,65,65,65,65,75,75,75,75,75,75,75,75,75,75,75,75,75,75,75,75,75,80,80,80,80,80,80,80,90,90,90,90,90,90,90,90,90,90,90,97,97,97,97,97,97],"relic_stats":{"Dream Catcher":0,"Lee\u0027s Waffle":48,"Torii":22,"counters":[34,174],"Shuriken":[19],"obtain_stats":[{"Lee\u0027s Waffle":46,"Calipers":7,"downfall:HeartBlessingRed":9,"Torii":27,"downfall:HeartBlessingGreen":9,"downfall:TeleportStone":38,"Incense Burner":25,"Empty Cage":17,"Old Coin":6,"Dream Catcher":45,"Shuriken":22,"downfall:HeartBlessingBlue":35,"Slimebound:AbsorbEndCombat":0,"Coffee Dripper":34,"Unceasing Top":8},{"Lee\u0027s Waffle":32,"Calipers":5,"downfall:HeartBlessingRed":6,"Torii":19,"downfall:HeartBlessingGreen":6,"downfall:TeleportStone":27,"Incense Burner":17,"Empty Cage":11,"Old Coin":5,"Dream Catcher":32,"Shuriken":15,"downfall:HeartBlessingBlue":25,"Slimebound:AbsorbEndCombat":0,"Coffee Dripper":25,"Unceasing Top":6},{"Lee\u0027s Waffle":149,"Calipers":18,"downfall:HeartBlessingRed":23,"Torii":83,"downfall:HeartBlessingGreen":23,"downfall:TeleportStone":118,"Incense Burner":76,"Empty Cage":50,"Old Coin":18,"Dream Catcher":149,"Shuriken":67,"downfall:HeartBlessingBlue":110,"Slimebound:AbsorbEndCombat":0,"Coffee Dripper":110,"Unceasing Top":23}],"Unceasing Top":[8]},"card_choices":[{"not_picked":["Slimebound:SlimeSpikes","Slimebound:LeechingTouch"],"picked":"Slimebound:ServeAndProtect","floor":2},{"not_picked":["Slimebound:GoopSpray","Slimebound:RollThrough"],"picked":"Slimebound:AcidTongue","floor":3},{"not_picked":["Slimebound:SplitAcid","Slimebound:ItLooksTasty"],"picked":"Slimebound:Schlurp","floor":4},{"not_picked":["Slimebound:FlameTackle","Slimebound:LeadByExample"],"picked":"Slimebound:Prepare","floor":5},{"not_picked":["Slimebound:SlimeTap","Slimebound:FinishingTackle"],"picked":"Slimebound:SplitAcid","floor":6},{"not_picked":["Slimebound:MinionMaster","Slimebound:Equalize"],"picked":"Slimebound:SplitLeeching","floor":8},{"not_picked":["Slimebound:LivingWall","Slimebound:FlameTackle"],"picked":"Slimebound:TongueLash","floor":10},{"not_picked":["Slimebound:LeechEnergy","Slimebound:RainOfGoop"],"picked":"Slimebound:Gluttony","floor":12},{"not_picked":["Slimebound:RollThrough","Slimebound:SpikyOuterGoop"],"picked":"Slimebound:SamplingLick","floor":14},{"not_picked":["Slimebound:PressTheAttack","Slimebound:GoopSpray"],"picked":"Slimebound:SplitAcid","floor":15},{"not_picked":["Slimebound:SlimeSlap","Slimebound:RallyTheTroops"],"picked":"Slimebound:OneTwoCombo","floor":16},{"not_picked":["Slimebound:FinishingTackle","Slimebound:SplitBruiser"],"picked":"Slimebound:SlimeBarrage+1","floor":19},{"not_picked":["Slimebound:Chomp","Slimebound:SplitLeeching"],"picked":"Slimebound:SlimeBrawl","floor":20},{"not_picked":["Slimebound:GoopTackle","Slimebound:Prepare"],"picked":"Slimebound:SplitAcid+1","floor":21},{"not_picked":["Slimebound:FinishingTackle","Slimebound:GoopTackle"],"picked":"Slimebound:ProtectTheBoss","floor":22},{"not_picked":["Slimebound:FirmFortitude","Slimebound:Schlurp"],"picked":"Slimebound:SplitMire+1","floor":23},{"not_picked":["Slimebound:PressTheAttack","Slimebound:RollThrough"],"picked":"Slimebound:Schlurp","floor":25},{"not_picked":["Slimebound:GoopTackle+1","Slimebound:DisruptingSlam"],"picked":"Slimebound:ItLooksTasty+1","floor":26},{"not_picked":["Slimebound:BestDefense","Slimebound:GrowthPunch"],"picked":"Slimebound:PressTheAttack","floor":27},{"not_picked":["Slimebound:RollThrough","Slimebound:GoopTackle"],"picked":"Slimebound:DuplicatedForm","floor":28},{"not_picked":["Slimebound:RollThrough","Slimebound:LivingWall"],"picked":"Slimebound:PressTheAttack","floor":29},{"not_picked":["Slimebound:SplitMire","Slimebound:ViciousTackle"],"picked":"Slimebound:LeadByExample","floor":30},{"not_picked":["Slimebound:ViciousTackle+1","Slimebound:FinishingTackle"],"picked":"Slimebound:SplitLeeching","floor":31},{"not_picked":["Slimebound:PressTheAttack","Slimebound:GoopTackle"],"picked":"Slimebound:SplitLeeching","floor":32},{"not_picked":["Slimebound:SelfFormingGoo","Slimebound:LeechLife"],"picked":"Slimebound:Overexert","floor":33},{"not_picked":["Slimebound:SlimeBarrage+1","Slimebound:MegaLick"],"picked":"Slimebound:SlimeTap+1","floor":36},{"not_picked":["Slimebound:SplitLeeching","Slimebound:LeechEnergy+1"],"picked":"Slimebound:SplitAcid","floor":37},{"not_picked":["Slimebound:PressTheAttack","Slimebound:SplitMire+1"],"picked":"Slimebound:SplitSpecialist+1","floor":40},{"not_picked":["Slimebound:BestDefense","Slimebound:GoopTackle+1"],"picked":"Slimebound:RainOfGoop","floor":41},{"not_picked":["Slimebound:ServeAndProtect+1","Slimebound:DuplicatedForm"],"picked":"Slimebound:ProtectTheBoss+1","floor":42},{"not_picked":["Slimebound:SplitAcid","Slimebound:SplitMire"],"picked":"Slimebound:SplitBruiser","floor":45}],"player_experience":104979,"relics_obtained":[{"floor":6,"key":"Old Coin"},{"floor":7,"key":"Calipers"},{"floor":8,"key":"Unceasing Top"},{"floor":25,"key":"Incense Burner"},{"floor":27,"key":"Torii"},{"floor":45,"key":"Dream Catcher"}],"event_choices":[],"is_beta":false,"boss_relics":[{"not_picked":["Runic Dome","Runic Pyramid"],"picked":"Empty Cage"},{"not_picked":["Snecko Eye","bronze:MakeshiftBattery"],"picked":"Coffee Dripper"}],"items_purged_floors":[22,30],"is_endless":false,"potions_floor_spawned":[10,14,16,19,23,27,28,29,32,33,40,41,42],"killed_by":"downfall:NeowBossFinal","ascension_level":1}}