{"host":"fea6kdxvty5fzy91","time":1614225042,"event":{"mods":["A Magickal Journey","AchievementEnabler","BaseMod","Better Third Choice","Colored Map","Colored Powertips","Custom Start","DeckTracker","Googly Eyes","Highlight Path","Minty Spire (QoL Compilation)","Quick Restart","Rare Cards Sparkle","StSLib","The IronCluck","everything is the same but u backflip on backflip","slay the spire mod where everything is the same but ironclad has a cowboy hat"],"gold_per_floor":[118,130,142,158,158,158,189,206,206,225,225,238,253,27,27,128,128,140,154,173,187,187,187,187,187],"floor_reached":24,"language":"ENG","playtime":1964,"items_purged":["Defend_P"],"score":204,"play_id":"16766a2a-a09f-432d-b276-763716e1e92e","local_time":"20210224205042","is_ascension_mode":false,"campfire_choices":[{"data":"TalkToTheHand","floor":6,"key":"SMITH"},{"data":"Wireheading","floor":11,"key":"SMITH"},{"data":"Blasphemy","floor":15,"key":"SMITH"},{"data":"SpiritShield","floor":23,"key":"SMITH"}],"circlet_count":0,"master_deck":["Strike_P","Strike_P","Strike_P","Defend_P+1","Defend_P+1","Defend_P","Eruption","Vigilance","Wireheading+1","CutThroughFate+1","Consecrate+1","TalkToTheHand+1","ThirdEye+1","ThirdEye","CutThroughFate","FlurryOfBlows","Blasphemy+1","LessonLearned","SpiritShield+1","Wireheading+1"],"relics":["PureWater","Boot","Dead Branch","Philosopher\u0027s Stone","Nloth\u0027s Gift"],"acts_visited":["Exordium","TheCity"],"potions_floor_usage":[4,16,16,19,21,24,24],"damage_taken":[{"damage":0,"enemies":"2 Louse","floor":1,"turns":1},{"damage":0,"enemies":"Cultist","floor":2,"turns":1},{"damage":0,"enemies":"Small Slimes","floor":3,"turns":1},{"damage":0,"enemies":"Gremlin Gang","floor":4,"turns":3},{"damage":32,"enemies":"Lagavulin","floor":7,"turns":12},{"damage":0,"enemies":"Blue Slaver","floor":8,"turns":3},{"damage":3,"enemies":"Large Slime","floor":10,"turns":5},{"damage":0,"enemies":"2 Fungi Beasts","floor":12,"turns":2},{"damage":3,"enemies":"Red Slaver","floor":13,"turns":3},{"damage":10,"enemies":"The Guardian","floor":16,"turns":11},{"damage":5,"enemies":"Chosen","floor":18,"turns":3},{"damage":2,"enemies":"2 Thieves","floor":19,"turns":4},{"damage":6,"enemies":"Shelled Parasite and Fungi","floor":20,"turns":9},{"damage":11,"enemies":"3 Cultists","floor":21,"turns":7},{"damage":49,"enemies":"Slavers","floor":24,"turns":4}],"seed_played":"2298786403458106893","potions_obtained":[{"floor":1,"key":"Fire Potion"},{"floor":4,"key":"Energy Potion"},{"floor":12,"key":"Swift Potion"},{"floor":16,"key":"Block Potion"},{"floor":18,"key":"Swift Potion"},{"floor":19,"key":"EntropicBrew"},{"floor":21,"key":"Fire Potion"}],"is_trial":false,"path_per_floor":["M","M","M","M","?","R","E","M","T","M","R","M","M","$","R","B",null,"M","M","M","M","?","R","E"],"character_chosen":"WATCHER","items_purchased":["LessonLearned"],"campfire_rested":0,"item_purchase_floors":[14],"current_hp_per_floor":[72,72,72,72,72,72,40,40,40,37,37,37,34,34,34,24,72,67,65,59,48,48,48,0,0],"gold":187,"neow_bonus":"THREE_ENEMY_KILL","is_daily":false,"chose_seed":false,"campfire_upgraded":4,"win_rate":0.0,"timestamp":1614225042,"path_taken":["M","M","M","M","?","R","E","M","T","M","R","M","M","$","R","BOSS","M","M","?","M","?","R","E"],"items_purchased_type":["Card"],"build_version":"2020-12-22","purchased_purges":1,"victory":false,"max_hp_per_floor":[72,72,72,72,72,72,72,72,72,72,72,72,72,72,72,72,72,72,72,72,72,72,72,72,72],"card_choices":[{"not_picked":["Sanctity","ForeignInfluence"],"picked":"Wireheading","floor":1},{"not_picked":["Crescendo","FollowUp"],"picked":"CutThroughFate","floor":2},{"not_picked":["Sanctity","Omniscience"],"picked":"Consecrate","floor":3},{"not_picked":["CrushJoints","Weave"],"picked":"TalkToTheHand","floor":4},{"not_picked":["FlyingSleeves","DeceiveReality"],"picked":"ThirdEye","floor":7},{"not_picked":["BowlingBash","EmptyBody"],"picked":"ThirdEye","floor":8},{"not_picked":["Protect","FollowUp"],"picked":"CutThroughFate","floor":10},{"not_picked":["DeceiveReality","Worship"],"picked":"FlurryOfBlows","floor":12},{"not_picked":["EmptyBody","Pray"],"picked":"Blasphemy","floor":13},{"not_picked":["DevaForm","Brilliance"],"picked":"SpiritShield","floor":16},{"not_picked":["FollowUp","Consecrate+1","CutThroughFate"],"picked":"SKIP","floor":18},{"not_picked":["CarveReality","EmptyBody","Indignation"],"picked":"SKIP","floor":19},{"not_picked":["JustLucky","EmptyBody+1","Wallop"],"picked":"SKIP","floor":20},{"not_picked":["FollowUp+1","EmptyFist"],"picked":"Wireheading+1","floor":21}],"player_experience":291008,"relics_obtained":[{"floor":7,"key":"Boot"},{"floor":9,"key":"Dead Branch"}],"event_choices":[{"cards_removed":["Strike_P"],"damage_healed":0,"gold_gain":0,"player_choice":"Purged","damage_taken":0,"max_hp_gain":0,"max_hp_loss":0,"event_name":"Purifier","floor":5,"gold_loss":0},{"damage_healed":0,"gold_gain":0,"player_choice":"Traded Relic","damage_taken":0,"relics_obtained":["Nloth\u0027s Gift"],"max_hp_gain":0,"max_hp_loss":0,"event_name":"N\u0027loth","floor":22,"relics_lost":["NeowsBlessing"],"gold_loss":0}],"is_beta":false,"boss_relics":[{"not_picked":["Empty Cage","Fusion Hammer"],"picked":"Philosopher\u0027s Stone"}],"items_purged_floors":[14],"is_endless":false,"potions_floor_spawned":[1,4,12,16,18,19,21],"killed_by":"Slavers","ascension_level":0}}