{"host":"opdum64sdiqzxm7l","time":1614254137,"event":{"mods":["Act Like it!","Aspiration","BaseMod","CapriCore","Colored Powertips","Conspire","Energized Spire","Friendly Minions","Jedi Mod","Library of Ruina","Library of Ruina Extra","Lobotomy","LobotomyExtend","Minty Spire (QoL Compilation)","MostiFishMod","Pale of the Ancients","Reliquary","Replay The Spire","RumiaBox-露米娅的神秘盒子","Spicy Shops","StSLib","TestMod","UnlockEverythingMod","Waifu the Spire","[IsaacMod]以撒尖塔","[功能]功能增强和修复MOD","【功能Mod】混沌之环修复补丁","【功能Mod】聪明的最终Boss","【遗物卡牌】REMEMod"],"gold_per_floor":[115,115,179,179,47,66,66,66],"floor_reached":7,"language":"ZHS","playtime":370,"items_purged":["LightAttack"],"score":39,"play_id":"fdcf44da-4581-49a2-ad9a-349c06765113","local_time":"20210225195537","is_ascension_mode":false,"campfire_choices":[],"circlet_count":0,"master_deck":["Dodge","LightDefense","LightAttack","LightAttack","LightDefense","LightDefense","LightDefense","ChargeAndCover","FocusedStrikes+1","MostiFishMod:HiddenBlade","GreedKing","CutIn","UpbeatPerformance","Shame","UnforgettableMelody","MeatLantern","VioletBlade"],"relics":["PageOfLibrarian","REME_ComplimentaryCards","DaveBox","testmod-TestBox","HushsDoor","CogitoBucket","GuppysPaw","testmod-Fanaticism","EGODaCapo","LetterFromLob","reliquary:Firecrackers","PageOfTheQueenOfHatred"],"acts_visited":["Exordium"],"potions_floor_usage":[],"damage_taken":[{"damage":0,"enemies":"Cultist","floor":1,"turns":2},{"damage":0,"enemies":"2 Louse","floor":6,"turns":2},{"damage":7,"enemies":"Lagavulin","floor":7,"turns":3}],"seed_played":"-3883288549007331712","potions_obtained":[{"floor":1,"key":"Milkshake"},{"floor":3,"key":"SmokeBomb"},{"floor":6,"key":"ColorlessPotion"}],"is_trial":false,"path_per_floor":["M","?","?","?","$","M","E"],"character_chosen":"Librarian","items_purchased":["PageOfTheQueenOfHatred","UnforgettableMelody"],"campfire_rested":0,"item_purchase_floors":[5,5],"current_hp_per_floor":[3,3,1,1,1,2,0,0],"gold":66,"neow_bonus":"","is_daily":false,"chose_seed":false,"campfire_upgraded":0,"win_rate":0.0,"timestamp":1614254137,"path_taken":["M","?","?","?","$","?","E"],"items_purchased_type":["Relic","Card"],"build_version":"2020-12-22","purchased_purges":1,"victory":false,"max_hp_per_floor":[8,8,8,8,8,7,7,7],"card_choices":[{"not_picked":[],"picked":"ChaosCard","floor":0},{"not_picked":["OSAHOGD","ShyLook"],"picked":"GreedKing","floor":1},{"not_picked":["Pound","GreatSerpentsImpact","Punishment","MultiHit","SparkingSpear","HandlingWork","StrikeDown","ToOvercomeCrisis"],"picked":"CutIn","floor":1},{"not_picked":["Eject","SetFire","FeatherShield","PreemptiveStrike","EnergyStrike","NightInTheBackstreets","TrimTheIngredients","UnavoidableGaze"],"picked":"UpbeatPerformance","floor":3},{"not_picked":["QueenOfHatred","Woodsman"],"picked":"MeatLantern","floor":6},{"not_picked":["EnergyStrike","Rewind","AssaultOrder","FleetFootsteps","SkitterAway","StructuralAnalysis","CircusKnives","Wallop_lor"],"picked":"VioletBlade","floor":6}],"player_experience":3038,"relics_obtained":[{"floor":1,"key":"LetterFromLob"},{"floor":3,"key":"reliquary:Firecrackers"}],"event_choices":[],"is_beta":false,"boss_relics":[],"items_purged_floors":[5],"is_endless":false,"potions_floor_spawned":[1,6,6],"killed_by":"Lagavulin","ascension_level":0}}