{"host":"kxz5izodaorfb9am","time":1614268611,"event":{"mods":["BaseMod","GifTheSpireLib","Minty Spire (QoL Compilation)","Shop Mod","StSLib"],"gold_per_floor":[113,113,113,3,3,3,15,15,15,45,45,45,6,81,81,154,154,170,51,51,51,64,64,94,94,94,94,94,105,121,135,135,212,212,225,225,237,237,237,237,253,253,253,270,90,100,117,117,117],"floor_reached":48,"language":"ENG","playtime":2555,"items_purged":["Strike_G","Defend_G+1"],"score":895,"play_id":"80a9414f-67aa-4671-a78d-e898176bade4","local_time":"20210225165651","is_ascension_mode":true,"campfire_choices":[{"data":"Footwork","floor":6,"key":"SMITH"},{"data":"Noxious Fumes","floor":8,"key":"SMITH"},{"data":"Neutralize","floor":11,"key":"SMITH"},{"data":"Dagger Spray","floor":12,"key":"SMITH"},{"floor":15,"key":"REST"},{"floor":23,"key":"REST"},{"floor":25,"key":"REST"},{"data":"Footwork","floor":28,"key":"SMITH"},{"floor":32,"key":"REST"},{"data":"Envenom","floor":40,"key":"SMITH"},{"data":"Footwork","floor":42,"key":"SMITH"}],"circlet_count":0,"master_deck":["AscendersBane","Defend_G+1","Defend_G+1","Defend_G+1","Defend_G+1","Survivor+1","Neutralize+1","Escape Plan","Footwork+1","Dagger Spray+1","Noxious Fumes+1","Bouncing Flask+1","Glass Knife","Footwork+1","Noxious Fumes+1","Footwork+1","Dagger Throw","Backflip","Acrobatics","Envenom+1","Infinite Blades+1","Tools of the Trade+1","Distraction+1","Blade Dance+1","Acrobatics+1","Escape Plan","Blade Dance","Terror"],"relics":["Sozu","Mummified Hand","CaptainsWheel","Snake Skull","WingedGreaves","Runic Pyramid","War Paint","Ornamental Fan","Astrolabe","Happy Flower"],"acts_visited":["Exordium","TheCity","TheBeyond"],"potions_floor_usage":[],"damage_taken":[{"damage":0,"enemies":"2 Louse","floor":1,"turns":4},{"damage":0,"enemies":"Jaw Worm","floor":7,"turns":4},{"damage":20,"enemies":"Lagavulin","floor":10,"turns":10},{"damage":19,"enemies":"Slime Boss","floor":16,"turns":8},{"damage":21,"enemies":"3 Byrds","floor":18,"turns":5},{"damage":6,"enemies":"2 Thieves","floor":22,"turns":4},{"damage":31,"enemies":"Slavers","floor":24,"turns":6},{"damage":10,"enemies":"Centurion and Healer","floor":29,"turns":6},{"damage":0,"enemies":"Snecko","floor":30,"turns":5},{"damage":8,"enemies":"3 Cultists","floor":31,"turns":4},{"damage":4,"enemies":"Champ","floor":33,"turns":10},{"damage":48,"enemies":"3 Darklings","floor":35,"turns":5},{"damage":3,"enemies":"3 Shapes","floor":37,"turns":3},{"damage":11,"enemies":"Transient","floor":41,"turns":6},{"damage":15,"enemies":"Spire Growth","floor":44,"turns":4},{"damage":14,"enemies":"Writhing Mass","floor":46,"turns":5},{"damage":9,"enemies":"3 Darklings","floor":47,"turns":5},{"damage":3,"enemies":"4 Shapes","floor":48,"turns":1}],"seed_played":"1414542474952259493","potions_obtained":[],"is_trial":false,"path_per_floor":["M","?","?","$","T","R","M","R","T","E","R","R","$","?","R","B",null,"M","$","?","?","M","R","E","R","T","?","R","M","M","M","R","B",null,"M","?","M","?","?","R","M","R","T","M","$","M","M","M"],"character_chosen":"THE_SILENT","items_purchased":["Footwork","Dagger Spray","Bouncing Flask","Footwork","Terror"],"campfire_rested":4,"item_purchase_floors":[4,4,13,19,45],"current_hp_per_floor":[59,33,55,55,55,55,55,55,55,35,35,35,35,24,43,24,56,35,35,35,35,29,48,17,36,36,36,36,26,26,18,37,33,58,10,10,7,52,52,52,41,41,41,26,26,12,3,0,0],"gold":117,"neow_bonus":"BOSS_RELIC","is_daily":false,"chose_seed":false,"campfire_upgraded":7,"win_rate":0.0,"timestamp":1614268611,"path_taken":["M","?","?","$","?","R","M","R","T","E","R","R","$","?","R","BOSS","M","$","?","?","M","R","E","R","T","?","R","?","M","M","R","BOSS","M","?","M","?","?","R","M","R","T","M","$","M","?","M"],"items_purchased_type":["Card","Card","Card","Card","Card"],"build_version":"2020-12-22","purchased_purges":2,"victory":false,"max_hp_per_floor":[66,66,66,66,66,66,66,66,66,66,66,66,66,66,66,66,66,66,66,66,66,66,66,66,66,66,66,66,66,66,66,66,66,66,66,63,63,52,52,52,52,52,52,52,52,52,52,52,52],"card_choices":[{"not_picked":["Choke","Flying Knee"],"picked":"Escape Plan","floor":1},{"not_picked":["Underhanded Strike","Acrobatics"],"picked":"Noxious Fumes","floor":7},{"not_picked":["Reflex","Unload","Accuracy"],"picked":"SKIP","floor":10},{"not_picked":["Bullet Time","Storm of Steel"],"picked":"Glass Knife","floor":16},{"not_picked":["Riddle With Holes","Dash"],"picked":"Dagger Spray","floor":18},{"not_picked":["Skewer+1","Slice"],"picked":"Noxious Fumes+1","floor":22},{"not_picked":["Acrobatics","Glass Knife"],"picked":"Footwork","floor":24},{"not_picked":["Bane","Well Laid Plans","Backstab"],"picked":"SKIP","floor":29},{"not_picked":["Catalyst","Distraction+1"],"picked":"Backflip","floor":30},{"not_picked":["Bouncing Flask","Dagger Spray+1"],"picked":"Acrobatics","floor":31},{"not_picked":["After Image","Adrenaline"],"picked":"Envenom","floor":33},{"not_picked":["Backflip+1","Outmaneuver+1"],"picked":"Blade Dance+1","floor":35},{"not_picked":["Slice+1","Flechettes"],"picked":"Acrobatics+1","floor":37},{"not_picked":["Heel Hook","Skewer"],"picked":"Escape Plan","floor":41},{"not_picked":["Dagger Throw","Outmaneuver+1"],"picked":"Blade Dance","floor":44},{"not_picked":["Slice","Dagger Spray","Underhanded Strike"],"picked":"SKIP","floor":46},{"not_picked":["Expertise","Dagger Throw","Bane+1"],"picked":"SKIP","floor":47}],"player_experience":367301,"relics_obtained":[{"floor":5,"key":"CaptainsWheel"},{"floor":9,"key":"Snake Skull"},{"floor":10,"key":"WingedGreaves"},{"floor":24,"key":"War Paint"},{"floor":26,"key":"Ornamental Fan"},{"floor":43,"key":"Happy Flower"}],"event_choices":[{"damage_healed":0,"gold_gain":0,"player_choice":"Success","damage_taken":26,"relics_obtained":["Mummified Hand"],"max_hp_gain":0,"max_hp_loss":0,"event_name":"Scrap Ooze","floor":2,"gold_loss":0},{"damage_healed":22,"gold_gain":0,"player_choice":"Banana","damage_taken":0,"max_hp_gain":0,"max_hp_loss":0,"event_name":"Big Fish","floor":3,"gold_loss":0},{"damage_healed":0,"gold_gain":75,"player_choice":"Gather Gold","damage_taken":11,"max_hp_gain":0,"max_hp_loss":0,"event_name":"World of Goop","floor":14,"gold_loss":0},{"damage_healed":0,"gold_gain":0,"player_choice":"Ignored","damage_taken":0,"max_hp_gain":0,"max_hp_loss":0,"event_name":"Ghosts","floor":20,"gold_loss":0},{"damage_healed":0,"gold_gain":0,"player_choice":"Simplicity","damage_taken":0,"max_hp_gain":0,"max_hp_loss":0,"event_name":"Back to Basics","floor":21,"gold_loss":0,"cards_upgraded":["Strike_G","Strike_G","Strike_G","Strike_G","Defend_G","Defend_G","Defend_G","Defend_G","Defend_G"]},{"damage_healed":0,"gold_gain":0,"cards_transformed":["Strike_G"],"player_choice":"Transformed","damage_taken":0,"max_hp_gain":0,"max_hp_loss":0,"event_name":"Transmorgrifier","floor":27,"gold_loss":0,"cards_obtained":["Dagger Throw"]},{"damage_healed":0,"gold_gain":0,"player_choice":"Max HP","damage_taken":0,"max_hp_gain":0,"max_hp_loss":3,"event_name":"Winding Halls","floor":36,"gold_loss":0},{"damage_healed":52,"gold_gain":0,"player_choice":"Heal","damage_taken":0,"max_hp_gain":0,"max_hp_loss":11,"event_name":"The Moai Head","floor":38,"gold_loss":0},{"cards_removed":["Dagger Spray"],"damage_healed":0,"gold_gain":0,"player_choice":"Purged","damage_taken":0,"max_hp_gain":0,"max_hp_loss":0,"event_name":"Purifier","floor":39,"gold_loss":0}],"is_beta":false,"boss_relics":[{"not_picked":["Calling Bell","Cursed Key"],"picked":"Runic Pyramid"},{"not_picked":["Tiny House","WristBlade"],"picked":"Astrolabe"}],"items_purged_floors":[19,45],"is_endless":false,"potions_floor_spawned":[1,18,30,41,44,47],"killed_by":"4 Shapes","ascension_level":18}}