{"host":"mydft8i2zzydgggw","time":1614246111,"event":{"mods":["AchievementEnabler","BaseMod","Colored Map","Colored Powertips","DeckTracker","Keyboard Shortcuts","Minty Spire (QoL Compilation)","Rare Cards Sparkle","Relic Stats","StSLib","SuperFastMode","Together in Spire","everything is the same but u backflip on backflip"],"gold_per_floor":[119,137,287,287,306,306,306],"floor_reached":6,"language":"KOR","playtime":138,"items_purged":[],"score":68,"play_id":"a6aa8e7a-7a17-489d-88e1-329001dfdedf","local_time":"20210225184151","is_ascension_mode":true,"campfire_choices":[],"circlet_count":0,"master_deck":["AscendersBane","Strike_B","Strike_B","Strike_B","Strike_B","Defend_B","Defend_B","Defend_B","Defend_B","Zap","Dualcast","Secret Weapon","Sunder","Hologram","Doubt"],"relics":["Cracked Core","Golden Idol"],"acts_visited":["Exordium"],"potions_floor_usage":[],"damage_taken":[{"damage":12,"enemies":"Jaw Worm","floor":1,"turns":3},{"damage":7,"enemies":"Small Slimes","floor":2,"turns":3},{"damage":0,"enemies":"2 Louse","floor":5,"turns":1},{"damage":31,"enemies":"Gremlin Nob","floor":6,"turns":3}],"seed_played":"-1140468914811868775","potions_obtained":[],"is_trial":false,"path_per_floor":["M","M","?","?","M","E"],"character_chosen":"DEFECT","items_purchased":[],"campfire_rested":0,"item_purchase_floors":[],"current_hp_per_floor":[34,27,27,27,27,0,0],"gold":306,"neow_bonus":"RANDOM_COLORLESS_2","is_daily":false,"chose_seed":false,"campfire_upgraded":0,"win_rate":0.0,"timestamp":1614246111,"path_taken":["M","M","?","?","M","E"],"items_purchased_type":[],"build_version":"2020-12-22","purchased_purges":0,"victory":false,"max_hp_per_floor":[71,71,71,64,64,64,64],"relic_stats":{"counters":[4,10],"Golden Idol":4,"obtain_stats":[{"Golden Idol":4,"Cracked Core":0},{"Golden Idol":2,"Cracked Core":0},{"Golden Idol":6,"Cracked Core":0}]},"card_choices":[{"not_picked":["Transmutation","Sadistic Nature"],"picked":"Secret Weapon","floor":0},{"not_picked":["Auto Shields","Skim"],"picked":"Sunder","floor":1},{"not_picked":["Redo","Barrage"],"picked":"Hologram","floor":2},{"not_picked":["Storm","Redo","Leap"],"picked":"SKIP","floor":5}],"player_experience":305554,"relics_obtained":[],"event_choices":[{"damage_healed":0,"gold_gain":150,"player_choice":"AGREE","damage_taken":0,"max_hp_gain":0,"max_hp_loss":0,"event_name":"Liars Game","floor":3,"gold_loss":0,"cards_obtained":["Doubt"]},{"damage_healed":0,"gold_gain":0,"player_choice":"Lose Max HP","damage_taken":0,"relics_obtained":["Golden Idol"],"max_hp_gain":0,"max_hp_loss":7,"event_name":"Golden Idol","floor":4,"gold_loss":0}],"is_beta":false,"boss_relics":[],"items_purged_floors":[],"is_endless":false,"potions_floor_spawned":[],"killed_by":"Gremlin Nob","ascension_level":18}}