{"host":"adi","time":1614260378,"event":{"mods":["AchievementEnabler","BaseMod","Bestiary","Colored Powertips","Minty Spire (QoL Compilation)","StSLib"],"gold_per_floor":[111,61,73,148,148,148,181,199,253,253,268,295,295,310,335,335,433,433,388,303,303,303,303,73,73,73,73,73,73,73,73,73,73,73,73,73,73,73,73,73,73,73,73,33,33,33,33,33,33,33,33,0,0,0,0],"floor_reached":56,"language":"ENG","playtime":1737,"items_purged":["Injury"],"score":1348,"play_id":"79f3aa80-38c5-422d-85d3-3bcd8128a0e6","local_time":"20210225143938","is_ascension_mode":true,"campfire_choices":[{"data":"Poisoned Stab","floor":6.0,"key":"SMITH"},{"data":"Noxious Fumes","floor":13.0,"key":"SMITH"},{"floor":16.0,"key":"REST"},{"data":"Catalyst","floor":27.0,"key":"SMITH"},{"data":"Burst","floor":32.0,"key":"SMITH"},{"data":"Tools of the Trade","floor":35.0,"key":"SMITH"},{"data":"Malaise","floor":43,"key":"SMITH"},{"data":"Wraith Form v2","floor":48,"key":"SMITH"},{"floor":51,"key":"REST"},{"data":"Adrenaline","floor":54,"key":"SMITH"}],"circlet_count":0,"master_deck":["AscendersBane","Strike_G+1","Strike_G+1","Strike_G+1","Strike_G+1","Defend_G+1","Defend_G+1","Defend_G+1","Defend_G+1","Defend_G+1","Survivor","Poisoned Stab+1","Escape Plan","Noxious Fumes+1","Burst+1","Deadly Poison+1","Catalyst+1","Tools of the Trade+1","PiercingWail","Crippling Poison+1","Blade Dance+1","Malaise+1","Footwork","Panacea","Wraith Form v2+1","Parasite","Adrenaline+1","Well Laid Plans+1"],"relics":["Ring of the Snake","NeowsBlessing","Golden Idol","Whetstone","Vajra","Question Card","Snake Skull","Ectoplasm","The Specimen","Bronze Scales","Nilry\u0027s Codex","Lee\u0027s Waffle","Kunai","Matryoshka","Mummified Hand","Tiny House","InkBottle","Toy Ornithopter","Red Mask","Turnip"],"acts_visited":["Exordium","TheCity","TheBeyond"],"potions_floor_usage":[],"damage_taken":[{"damage":0.0,"enemies":"Cultist","floor":1.0,"turns":1.0},{"damage":0.0,"enemies":"Small Slimes","floor":3.0,"turns":1.0},{"damage":0.0,"enemies":"3 Sentries","floor":7.0,"turns":1.0},{"damage":0.0,"enemies":"2 Louse","floor":8.0,"turns":3.0},{"damage":6.0,"enemies":"Looter","floor":11.0,"turns":3.0},{"damage":9.0,"enemies":"Exordium Wildlife","floor":14.0,"turns":4.0},{"damage":4.0,"enemies":"2 Fungi Beasts","floor":15.0,"turns":3.0},{"damage":46.0,"enemies":"Slime Boss","floor":17.0,"turns":9.0},{"damage":28.0,"enemies":"2 Thieves","floor":19.0,"turns":3.0},{"damage":1.0,"enemies":"Spheric Guardian","floor":22.0,"turns":3.0},{"damage":19.0,"enemies":"Shelled Parasite and Fungi","floor":30.0,"turns":3.0},{"damage":2.0,"enemies":"Book of Stabbing","floor":33.0,"turns":4.0},{"damage":0.0,"enemies":"Sentry and Sphere","floor":34.0,"turns":3.0},{"damage":9,"enemies":"Collector","floor":36,"turns":6},{"damage":13,"enemies":"3 Darklings","floor":38,"turns":3},{"damage":3,"enemies":"3 Shapes","floor":41,"turns":2},{"damage":0,"enemies":"Maw","floor":46,"turns":5},{"damage":1,"enemies":"Transient","floor":49,"turns":5},{"damage":9,"enemies":"Writhing Mass","floor":50,"turns":4},{"damage":0,"enemies":"Mind Bloom Boss Battle","floor":53,"turns":5},{"damage":9,"enemies":"Donu and Deca","floor":55,"turns":9}],"seed_played":"-6498983229991364133","potions_obtained":[{"floor":11.0,"key":"SkillPotion"},{"floor":14.0,"key":"SpeedPotion"},{"floor":22.0,"key":"Block Potion"},{"floor":37,"key":"LiquidMemories"}],"is_trial":false,"path_per_floor":["M","?","M","?","?","R","E","M","T","T","M","T","R","M","M","R","B",null,"M","?","T","M","?","$","?","$","R","T","T","M","?","R","E","M","R","B",null,"M","?","?","M","?","R","$","?","M","T","R","M","M","R","?","?","R","B",null],"character_chosen":"THE_SILENT","items_purchased":["Lee\u0027s Waffle","Footwork"],"campfire_rested":2,"item_purchase_floors":[24,44],"current_hp_per_floor":[59,59,59,48,48,48,48,48,48,48,42,42,42,33,29,48,2,50,22,22,22,21,5,73,73,73,73,73,73,54,54,54,52,52,52,43,71,58,58,58,55,55,55,55,55,55,55,55,54,45,67,67,67,67,58],"gold":0,"neow_bonus":"THREE_ENEMY_KILL","is_daily":false,"chose_seed":false,"campfire_upgraded":8,"win_rate":0.0,"timestamp":1614260378,"path_taken":["M","?","M","?","?","R","E","M","T","T","M","?","R","M","M","R","BOSS","M","?","?","M","?","$","?","$","R","T","T","M","?","R","E","M","R","BOSS","M","?","?","M","?","R","$","?","M","T","R","M","?","R","?","?","R","BOSS"],"items_purchased_type":["Relic","Card"],"build_version":"2020-12-18","purchased_purges":1,"victory":true,"max_hp_per_floor":[66,66,66,66,66,66,66,66,66,66,66,66,66,66,66,66,66,66,66,66,66,66,66,73,73,73,73,73,73,73,73,73,73,73,73,73,78,78,78,74,74,74,74,74,74,74,74,74,74,74,74,74,74,74,74],"card_choices":[{"not_picked":["Dagger Spray","Underhanded Strike"],"picked":"Poisoned Stab","floor":1.0},{"not_picked":["Deflect","Prepared"],"picked":"Escape Plan","floor":3.0},{"not_picked":["Dodge and Roll","Bane"],"picked":"Noxious Fumes","floor":7.0},{"not_picked":["Calculated Gamble","Deadly Poison"],"picked":"Burst","floor":8.0},{"not_picked":["Skewer","Flechettes","Tactician","Sucker Punch"],"picked":"SKIP","floor":11.0},{"not_picked":["PiercingWail","Dodge and Roll","Setup"],"picked":"Deadly Poison","floor":14.0},{"not_picked":["Blade Dance","Dagger Spray","Crippling Poison"],"picked":"Catalyst","floor":15.0},{"not_picked":["Unload","Envenom","Die Die Die"],"picked":"Tools of the Trade","floor":17.0},{"not_picked":["Dodge and Roll","Distraction","Dagger Throw"],"picked":"PiercingWail","floor":19.0},{"not_picked":["Noxious Fumes","Infinite Blades","Prepared"],"picked":"Crippling Poison+1","floor":22.0},{"not_picked":["Sucker Punch","PiercingWail","Dagger Throw","Acrobatics+1"],"picked":"SKIP","floor":30.0},{"not_picked":["Phantasmal Killer","Flechettes","Dodge and Roll","Slice"],"picked":"SKIP","floor":33.0},{"not_picked":["Infinite Blades","Endless Agony","Accuracy"],"picked":"Blade Dance+1","floor":34.0},{"not_picked":["Unload","A Thousand Cuts","Glass Knife"],"picked":"Malaise","floor":36},{"not_picked":["Burst","Bane","Underhanded Strike","Sucker Punch"],"picked":"SKIP","floor":38},{"not_picked":["Blade Dance","Bane","Bouncing Flask+1","Tactician"],"picked":"SKIP","floor":41},{"not_picked":["PanicButton","Mind Blast","Forethought"],"picked":"Panacea","floor":45},{"not_picked":["Sucker Punch","Quick Slash","Deadly Poison"],"picked":"Wraith Form v2","floor":46},{"not_picked":["Sucker Punch","Cloak And Dagger","Quick Slash+1","Poisoned Stab+1"],"picked":"SKIP","floor":49},{"not_picked":["Masterful Stab","Sucker Punch","Dodge and Roll"],"picked":"Adrenaline","floor":50},{"not_picked":["Acrobatics","Cloak And Dagger","Dagger Spray"],"picked":"Well Laid Plans+1","floor":53}],"player_experience":456410,"relics_obtained":[{"floor":7.0,"key":"Whetstone"},{"floor":9.0,"key":"Vajra"},{"floor":10.0,"key":"Question Card"},{"floor":12.0,"key":"Snake Skull"},{"floor":21.0,"key":"Bronze Scales"},{"floor":23.0,"key":"Nilry\u0027s Codex"},{"floor":28.0,"key":"Kunai"},{"floor":29.0,"key":"Matryoshka"},{"floor":33.0,"key":"Mummified Hand"},{"floor":47,"key":"InkBottle"},{"floor":47,"key":"Toy Ornithopter"},{"floor":53,"key":"Turnip"}],"event_choices":[{"cards_removed":["Strike_G"],"damage_healed":0.0,"max_hp_gain":0.0,"max_hp_loss":0.0,"gold_gain":0.0,"event_name":"The Cleric","player_choice":"Card Removal","floor":2.0,"gold_loss":50.0,"damage_taken":0.0},{"damage_healed":0.0,"max_hp_gain":0.0,"max_hp_loss":0.0,"gold_gain":75.0,"event_name":"World of Goop","player_choice":"Gather Gold","floor":4.0,"gold_loss":0.0,"damage_taken":11.0},{"damage_healed":0.0,"max_hp_gain":0.0,"max_hp_loss":0.0,"gold_gain":0.0,"event_name":"Golden Idol","player_choice":"Take Wound","floor":5.0,"gold_loss":0.0,"damage_taken":0.0,"relics_obtained":["Golden Idol"],"cards_obtained":["Injury"]},{"damage_healed":0.0,"max_hp_gain":0.0,"max_hp_loss":0.0,"gold_gain":0.0,"event_name":"Addict","player_choice":"Obtained Relic","floor":20.0,"gold_loss":85.0,"damage_taken":0.0,"relics_obtained":["The Specimen"]},{"damage_healed":0.0,"max_hp_gain":0.0,"max_hp_loss":0.0,"gold_gain":0.0,"event_name":"Cursed Tome","player_choice":"Obtained Book","floor":23.0,"gold_loss":0.0,"damage_taken":16.0},{"damage_healed":0.0,"max_hp_gain":0.0,"max_hp_loss":0.0,"gold_gain":0.0,"event_name":"The Mausoleum","player_choice":"Ignored","floor":25.0,"gold_loss":0.0,"damage_taken":0.0},{"damage_healed":0.0,"max_hp_gain":0.0,"max_hp_loss":0.0,"gold_gain":0.0,"event_name":"Back to Basics","player_choice":"Simplicity","floor":31.0,"gold_loss":0.0,"damage_taken":0.0,"cards_upgraded":["Strike_G","Strike_G","Defend_G","Defend_G","Defend_G","Defend_G","Defend_G"]},{"cards_removed":["Neutralize"],"damage_healed":0,"gold_gain":0,"player_choice":"Removed Attack","damage_taken":0,"max_hp_gain":0,"max_hp_loss":0,"event_name":"Falling","floor":39,"gold_loss":0},{"damage_healed":0,"gold_gain":0,"player_choice":"Max HP","damage_taken":0,"max_hp_gain":0,"max_hp_loss":4,"event_name":"Winding Halls","floor":40,"gold_loss":0},{"damage_healed":0,"gold_gain":0,"player_choice":"Ignored","damage_taken":0,"max_hp_gain":0,"max_hp_loss":0,"event_name":"The Moai Head","floor":42,"gold_loss":0},{"damage_healed":0,"gold_gain":0,"player_choice":"Memory 1","damage_taken":0,"max_hp_gain":0,"max_hp_loss":0,"event_name":"SensoryStone","floor":45,"gold_loss":0},{"damage_healed":0,"gold_gain":0,"player_choice":"Paid","damage_taken":0,"relics_obtained":["Red Mask"],"max_hp_gain":0,"max_hp_loss":0,"event_name":"Tomb of Lord Red Mask","floor":52,"gold_loss":33},{"damage_healed":0,"gold_gain":0,"player_choice":"Fight","damage_taken":0,"max_hp_gain":0,"max_hp_loss":0,"event_name":"MindBloom","floor":53,"gold_loss":0}],"is_beta":true,"boss_relics":[{"not_picked":["Fusion Hammer","Philosopher\u0027s Stone"],"picked":"Ectoplasm"},{"not_picked":["Runic Dome","Busted Crown"],"picked":"Tiny House"}],"items_purged_floors":[24],"is_endless":false,"potions_floor_spawned":[11,14,22,33,34,41,50],"ascension_level":14}}