{"host":"92108ef2q9tm8rod","time":1614215998,"event":{"mods":["BaseMod","Defuse TimeMaze Blight","Minty Spire (QoL Compilation)","StSLib","The Jungle"],"gold_per_floor":[112,123,136,150,150,150,184,196,196,196,196,196,234,278,278,373,373,385,411,411,411,422,422,436,436,510,213,246,246,272,64,64,163,163,183,183,200,200,250,250,250,276,301,338,382,406,429,463,475,487],"floor_reached":51,"language":"ENG","playtime":4317,"items_purged":["Bandage Up"],"score":1243,"play_id":"0a49dc06-26ea-4282-aeee-f20e191969ca","local_time":"20210225011958","daily_mods":["SealedDeck","Colorless Cards","Heirloom","Flight"],"is_ascension_mode":false,"campfire_choices":[{"data":"White Noise","floor":6,"key":"SMITH"},{"data":"Defragment","floor":10,"key":"SMITH"},{"data":"Defragment","floor":11,"key":"SMITH"},{"data":"Redo","floor":12,"key":"SMITH"},{"data":"Blind","floor":15,"key":"SMITH"},{"data":"Blizzard","floor":23,"key":"SMITH"},{"data":"Panacea","floor":25,"key":"SMITH"},{"data":"Beam Cell","floor":29,"key":"SMITH"},{"data":"Chill","floor":32,"key":"SMITH"},{"data":"Cold Snap","floor":40,"key":"SMITH"},{"data":"Genetic Algorithm","floor":41,"key":"SMITH"},{"floor":49,"key":"REST"}],"circlet_count":0,"master_deck":["Genetic Algorithm+1","Beam Cell+1","Redo+1","Cold Snap+1","Chill+1","Defragment+1","White Noise+1","Defragment+1","Panacea+1","Blind+1","Blizzard+1","Loop+1","Loop+1","Defragment+1"],"relics":["Cracked Core","Thread and Needle","Ancient Tea Set","Potion Belt","CeramicFish","Frozen Egg 2","SacredBark","Bottled Tornado","Medical Kit","Singing Bowl","Strawberry","ClockworkSouvenir","Black Star","Ice Cream","PreservedInsect","Regal Pillow","MawBank","Prayer Wheel","Letter Opener","Girya","Whetstone"],"acts_visited":["Exordium","Exordium","TheBeyond"],"potions_floor_usage":[13,16,19,22,33,39,42,50,50,50],"damage_taken":[{"damage":0,"enemies":"Small Slimes","floor":1,"turns":4},{"damage":0,"enemies":"2 Louse","floor":2,"turns":3},{"damage":4,"enemies":"Jaw Worm","floor":3,"turns":2},{"damage":0,"enemies":"2 Fungi Beasts","floor":4,"turns":4},{"damage":0,"enemies":"3 Sentries","floor":7,"turns":12},{"damage":0,"enemies":"3 Louse","floor":8,"turns":2},{"damage":0,"enemies":"Gremlin Nob","floor":13,"turns":3},{"damage":0,"enemies":"Lagavulin","floor":14,"turns":5},{"damage":0,"enemies":"Slime Boss","floor":16,"turns":19},{"damage":0,"enemies":"theJungle:MUSHROOMGANG","floor":18,"turns":5},{"damage":0,"enemies":"theJungle:5_Spyders","floor":19,"turns":9},{"damage":7,"enemies":"theJungle:JungleHuntersEncounter","floor":22,"turns":7},{"damage":0,"enemies":"theJungle:2_Flameangoes","floor":24,"turns":6},{"damage":0,"enemies":"theJungle:MamaSnecko","floor":28,"turns":6},{"damage":0,"enemies":"theJungle:Cassacara","floor":30,"turns":5},{"damage":0,"enemies":"theJungle:TotemBoss","floor":33,"turns":6},{"damage":4,"enemies":"3 Darklings","floor":35,"turns":4},{"damage":0,"enemies":"3 Shapes","floor":37,"turns":8},{"damage":0,"enemies":"Mind Bloom Boss Battle","floor":39,"turns":7},{"damage":0,"enemies":"Reptomancer","floor":42,"turns":6},{"damage":0,"enemies":"Giant Head","floor":44,"turns":8},{"damage":4,"enemies":"Nemesis","floor":45,"turns":7},{"damage":0,"enemies":"Jaw Worm Horde","floor":46,"turns":5},{"damage":0,"enemies":"3 Darklings","floor":47,"turns":4},{"damage":0,"enemies":"4 Shapes","floor":48,"turns":5},{"damage":0,"enemies":"Awakened One","floor":50,"turns":14}],"seed_played":"6664574043576591553","potions_obtained":[{"floor":3,"key":"Regen Potion"},{"floor":7,"key":"ColorlessPotion"},{"floor":8,"key":"Swift Potion"},{"floor":16,"key":"Swift Potion"},{"floor":22,"key":"AttackPotion"},{"floor":28,"key":"DistilledChaos"},{"floor":30,"key":"SneckoOil"},{"floor":37,"key":"Weak Potion"},{"floor":39,"key":"Dexterity Potion"},{"floor":44,"key":"FocusPotion"}],"is_trial":true,"path_per_floor":["M","M","M","M","?","R","E","M","T","R","R","R","E","E","R","B",null,"M","M","?","?","M","R","M","R","T","$","E","R","E","$","R","B",null,"M","?","M","?","?","R","R","E","T","E","E","M","M","M","R","B",null],"character_chosen":"DEFECT","items_purchased":["Medical Kit","Loop+1","ClockworkSouvenir","Loop+1"],"campfire_rested":1,"item_purchase_floors":[27,27,31,31],"current_hp_per_floor":[75,75,75,75,75,75,75,75,75,75,75,75,75,75,75,75,75,75,75,75,75,75,75,75,75,75,75,77,77,86,86,86,88,88,86,86,88,88,90,90,90,92,92,94,92,96,100,102,110,110],"gold":499,"neow_bonus":"","is_daily":false,"chose_seed":false,"campfire_upgraded":11,"win_rate":0.0,"timestamp":1614215998,"path_taken":["M","M","M","M","?","R","E","M","T","R","R","R","E","E","R","BOSS","M","M","?","?","M","R","M","R","T","$","E","R","E","$","R","BOSS","M","?","M","?","?","R","R","E","T","E","E","M","M","M","R","BOSS"],"items_purchased_type":["Relic","Card","Relic","Card"],"build_version":"2020-12-22","purchased_purges":1,"victory":true,"max_hp_per_floor":[75,75,75,75,75,75,75,75,75,75,75,75,75,75,75,75,75,75,75,75,75,75,75,75,75,75,75,77,77,86,86,86,88,88,90,90,92,92,94,94,94,96,96,98,100,104,108,110,110,110],"card_choices":[{"not_picked":["Go for the Eyes","Redo","Cold Snap"],"picked":"SKIP","floor":1},{"not_picked":["Sweeping Beam","Beam Cell","Go for the Eyes"],"picked":"SKIP","floor":2},{"not_picked":["Reinforced Body","Rebound","Go for the Eyes"],"picked":"SKIP","floor":3},{"not_picked":["Double Energy","White Noise","Turbo"],"picked":"SKIP","floor":4},{"not_picked":["All For One","Sweeping Beam","Steam"],"picked":"SKIP","floor":7},{"not_picked":["Steam","Lockon","Coolheaded"],"picked":"SKIP","floor":8},{"not_picked":["Reinforced Body","Buffer"],"picked":"Panacea","floor":13},{"not_picked":["Swift Strike","PanicButton"],"picked":"Blind","floor":14},{"not_picked":["Gash","Sweeping Beam","Glacier"],"picked":"SKIP","floor":18},{"not_picked":["Streamline","Ball Lightning+1"],"picked":"Blizzard","floor":19},{"not_picked":["Go for the Eyes","Storm+1","Leap"],"picked":"SKIP","floor":22},{"not_picked":["Beam Cell","Streamline","Steam"],"picked":"SKIP","floor":24},{"not_picked":["Compile Driver","Stack","Thunder Strike"],"picked":"Singing Bowl","floor":28},{"not_picked":["Stack+1","Swift Strike+1","Barrage"],"picked":"Singing Bowl","floor":30},{"not_picked":["Transmutation","Master of Strategy","Multi-Cast"],"picked":"Singing Bowl","floor":33},{"not_picked":["Reprogram","Rebound","Reinforced Body"],"picked":"Singing Bowl","floor":35},{"not_picked":["Stack+1","Cold Snap+1","Barrage+1"],"picked":"Singing Bowl","floor":37},{"not_picked":["Skim","Compile Driver","Scrape+1"],"picked":"Singing Bowl","floor":39},{"not_picked":["Coolheaded+1","Dark Shackles+1","Thunder Strike"],"picked":"Singing Bowl","floor":42},{"not_picked":["Undo","Coolheaded","Enlightenment+1"],"picked":"Singing Bowl","floor":44},{"not_picked":["Seek","Doom and Gloom","Chrysalis"],"picked":"Singing Bowl","floor":45},{"not_picked":["Conserve Battery","BootSequence","Undo"],"picked":"Singing Bowl","floor":46},{"not_picked":["Go for the Eyes+1","Gash+1","Turbo"],"picked":"Singing Bowl","floor":46},{"not_picked":["Streamline+1","Darkness","Turbo+1"],"picked":"Singing Bowl","floor":47},{"not_picked":["Go for the Eyes","Turbo+1","Sweeping Beam"],"picked":"Singing Bowl","floor":47},{"not_picked":["Stack+1","Dark Shackles","Redo"],"picked":"Singing Bowl","floor":48},{"not_picked":["Darkness+1","Hologram"],"picked":"Defragment+1","floor":48}],"player_experience":3460028,"relics_obtained":[{"floor":7,"key":"Ancient Tea Set"},{"floor":9,"key":"Potion Belt"},{"floor":13,"key":"CeramicFish"},{"floor":14,"key":"Frozen Egg 2"},{"floor":26,"key":"Bottled Tornado"},{"floor":28,"key":"Singing Bowl"},{"floor":30,"key":"Strawberry"},{"floor":39,"key":"Ice Cream"},{"floor":42,"key":"PreservedInsect"},{"floor":42,"key":"Regal Pillow"},{"floor":43,"key":"MawBank"},{"floor":44,"key":"Prayer Wheel"},{"floor":44,"key":"Letter Opener"},{"floor":45,"key":"Girya"},{"floor":45,"key":"Whetstone"}],"event_choices":[{"damage_healed":0,"gold_gain":0,"player_choice":"Leave","damage_taken":0,"max_hp_gain":0,"max_hp_loss":0,"event_name":"The Cleric","floor":5,"gold_loss":0},{"damage_healed":0,"gold_gain":0,"player_choice":"Ignored","damage_taken":0,"max_hp_gain":0,"max_hp_loss":0,"event_name":"Mysterious Sphere","floor":36,"gold_loss":0},{"cards_removed":["Cold Snap"],"damage_healed":0,"gold_gain":0,"player_choice":"Removed Attack","damage_taken":0,"max_hp_gain":0,"max_hp_loss":0,"event_name":"Falling","floor":38,"gold_loss":0},{"damage_healed":0,"gold_gain":0,"player_choice":"Fight","damage_taken":0,"max_hp_gain":0,"max_hp_loss":0,"event_name":"MindBloom","floor":39,"gold_loss":0}],"is_beta":false,"boss_relics":[{"not_picked":["Busted Crown","Calling Bell"],"picked":"SacredBark"},{"not_picked":["Runic Dome","Velvet Choker"],"picked":"Black Star"}],"items_purged_floors":[27],"is_endless":false,"potions_floor_spawned":[3,7,8,16,22,28,30,37,39,44],"ascension_level":0}}