{"host":"2l5k2wp87eek7qja","time":1614265122,"event":{"mods":["BaseMod","Colored Map","Minty Spire (QoL Compilation)","Relic Stats"],"gold_per_floor":[119,44,194,194,32,75,88,106,132,132,132,165,165,189,189,189,189],"floor_reached":16,"language":"ENG","playtime":308,"items_purged":[],"score":266,"play_id":"ae1280a1-2205-40ad-a84e-375959770bb6","local_time":"20210225165842","is_ascension_mode":true,"campfire_choices":[{"data":"Blade Dance","floor":11,"key":"SMITH"},{"data":"Accuracy","floor":15,"key":"SMITH"}],"circlet_count":0,"master_deck":["AscendersBane","Strike_G","Strike_G","Strike_G","Strike_G","Defend_G","Defend_G","Defend_G","Defend_G","Defend_G","Survivor","Neutralize","Backstab","Doubt","Flying Knee","Blade Dance+1","Accuracy+1"],"relics":["Ring of the Snake","NeowsBlessing","Golden Idol","OrangePellets","Nunchaku","Bag of Preparation","Ancient Tea Set","Darkstone Periapt"],"acts_visited":["Exordium"],"potions_floor_usage":[12,16],"damage_taken":[{"damage":0,"enemies":"Jaw Worm","floor":1,"turns":1},{"damage":0,"enemies":"3 Sentries","floor":6,"turns":1},{"damage":0,"enemies":"Small Slimes","floor":7,"turns":1},{"damage":0,"enemies":"2 Louse","floor":8,"turns":3},{"damage":21,"enemies":"Gremlin Nob","floor":12,"turns":4},{"damage":1,"enemies":"Exordium Wildlife","floor":14,"turns":4},{"damage":8,"enemies":"The Guardian","floor":16,"turns":10}],"seed_played":"-6468037073747801777","potions_obtained":[{"floor":7,"key":"Strength Potion"},{"floor":12,"key":"Swift Potion"}],"is_trial":false,"path_per_floor":["M","?","?","?","$","E","M","M","T","?","R","E","?","M","R","B"],"character_chosen":"THE_SILENT","items_purchased":["OrangePellets"],"campfire_rested":0,"item_purchase_floors":[5],"current_hp_per_floor":[59,59,59,59,59,59,59,59,59,64,64,43,8,7,7,0,0],"gold":189,"neow_bonus":"THREE_ENEMY_KILL","is_daily":false,"chose_seed":false,"campfire_upgraded":2,"win_rate":0.0,"timestamp":1614265122,"path_taken":["M","?","?","?","$","E","M","?","T","?","R","E","?","M","R","BOSS"],"items_purchased_type":["Relic"],"build_version":"2020-12-22","purchased_purges":0,"victory":false,"max_hp_per_floor":[66,66,66,60,60,60,60,60,60,65,65,65,65,65,65,65,65],"relic_stats":{"Darkstone Periapt":0,"OrangePellets":[0],"Nunchaku":[5],"counters":[7,24],"Golden Idol":28,"Bag of Preparation":[6],"obtain_stats":[{"Darkstone Periapt":13,"OrangePellets":5,"Nunchaku":6,"NeowsBlessing":0,"Golden Idol":4,"Bag of Preparation":9,"Ancient Tea Set":12,"Ring of the Snake":0},{"Darkstone Periapt":5,"OrangePellets":1,"Nunchaku":2,"NeowsBlessing":0,"Golden Idol":1,"Bag of Preparation":4,"Ancient Tea Set":5,"Ring of the Snake":0},{"Darkstone Periapt":10,"OrangePellets":1,"Nunchaku":2,"NeowsBlessing":0,"Golden Idol":1,"Bag of Preparation":6,"Ancient Tea Set":10,"Ring of the Snake":0}],"Ring of the Snake":[14]},"card_choices":[{"not_picked":["PiercingWail","Flying Knee"],"picked":"Backstab","floor":1},{"not_picked":["Night Terror","Eviscerate","Reflex"],"picked":"SKIP","floor":6},{"not_picked":["Underhanded Strike","Tactician"],"picked":"Flying Knee","floor":7},{"not_picked":["Terror","PiercingWail"],"picked":"Blade Dance","floor":8},{"not_picked":["Grand Finale","Eviscerate","Slice"],"picked":"SKIP","floor":12},{"not_picked":["Deadly Poison","Dodge and Roll"],"picked":"Accuracy","floor":14}],"player_experience":895161,"relics_obtained":[{"floor":6,"key":"Nunchaku"},{"floor":9,"key":"Bag of Preparation"},{"floor":12,"key":"Ancient Tea Set"}],"event_choices":[{"cards_removed":["Strike_G"],"damage_healed":0,"gold_gain":0,"player_choice":"Card Removal","damage_taken":0,"max_hp_gain":0,"max_hp_loss":0,"event_name":"The Cleric","floor":2,"gold_loss":75},{"damage_healed":0,"gold_gain":150,"player_choice":"AGREE","damage_taken":0,"max_hp_gain":0,"max_hp_loss":0,"event_name":"Liars Game","floor":3,"gold_loss":0,"cards_obtained":["Doubt"]},{"damage_healed":0,"gold_gain":0,"player_choice":"Lose Max HP","damage_taken":0,"relics_obtained":["Golden Idol"],"max_hp_gain":0,"max_hp_loss":6,"event_name":"Golden Idol","floor":4,"gold_loss":0},{"damage_healed":0,"gold_gain":0,"player_choice":"Donut","damage_taken":0,"max_hp_gain":5,"max_hp_loss":0,"event_name":"Big Fish","floor":10,"gold_loss":0},{"damage_healed":0,"gold_gain":0,"player_choice":"Success","damage_taken":35,"relics_obtained":["Darkstone Periapt"],"max_hp_gain":0,"max_hp_loss":0,"event_name":"Scrap Ooze","floor":13,"gold_loss":0}],"is_beta":false,"boss_relics":[],"items_purged_floors":[],"is_endless":false,"potions_floor_spawned":[7,12],"killed_by":"The Guardian","ascension_level":20}}