{"host":"y9t3brv5y5t41vuj","time":1614264000,"event":{"mods":["AchievementEnabler","BaseMod","BetterRewards","Block Reminder","Colored Map","Colored Powertips","Conspire","Highlight Path","Hubris","Infinite Spire","Minty Spire (QoL Compilation)","Quick Restart","Replay The Spire","Shop Mod","StSLib","SuperFastMode","Unceasing Turn Reminder"],"gold_per_floor":[16,16,16,16,27,59,77,112,112,112,112,112,129,229,304,399,399,416,416,416,416,432,432,459,459,541,541,541,576,576,610,610,706,706,717,717,734,442,462,497,513,542,542,542,542,559,587,587,587,587,587],"floor_reached":50,"language":"ENG","playtime":2197,"items_purged":["Shame","Defend_G"],"score":925,"play_id":"b605fe4a-a8b0-442d-97e5-36edb4fe621b","local_time":"20210225154000","is_ascension_mode":true,"campfire_choices":[{"floor":10,"key":"REST"},{"floor":12,"key":"REST"},{"floor":23,"key":"REST"},{"floor":25,"key":"REST"},{"data":"Cloak And Dagger","floor":27,"key":"SMITH"},{"floor":32,"key":"REST"},{"floor":44,"key":"DIG"},{"floor":49,"key":"DIG"}],"circlet_count":0,"master_deck":["Strike_G+1","Neutralize","Skewer","Deflect","Atom Bomb+1","Cloak And Dagger+1","Adrenaline+1","infinitespire:Starlight","Backflip+1","Die Die Die","Terror+1","Backstab","Deflect+1","Toxin Wave","Slice+1"],"relics":["Ring of the Snake","Replay:Towering Pillar of Hats","hubris:Icosahedron","Busted Crown","Nilry\u0027s Codex","Kintsugi","hubris:Metronome","Snack Pack","Quantum Egg","Boot","MerchantsRug","Guide Book","hubris:CrystalStatue","Smiling Mask","Lantern","Shovel","Potion Belt","Replay:Mystery Machine","Replay:WaspNest"],"acts_visited":["Exordium","TheCity","TheBeyond"],"potions_floor_usage":[13,24,24,24,33,37,47,47,50,50],"damage_taken":[{"damage":7.0,"enemies":"Small Slimes","floor":1.0,"turns":5.0},{"damage":2.0,"enemies":"Cultist","floor":5.0,"turns":5.0},{"damage":22.0,"enemies":"Gremlin Nob","floor":6.0,"turns":4.0},{"damage":0,"enemies":"2 Louse","floor":7,"turns":2},{"damage":22,"enemies":"3 Sentries","floor":8,"turns":5},{"damage":9,"enemies":"Gremlin Gang","floor":13,"turns":2},{"damage":41,"enemies":"Fading Forest","floor":16,"turns":11},{"damage":19,"enemies":"conspire:FuzzyDice","floor":18,"turns":3},{"damage":0,"enemies":"Spheric Guardian","floor":22,"turns":1},{"damage":15,"enemies":"Nightmare","floor":24,"turns":7},{"damage":28,"enemies":"conspire:SneckoGhost","floor":29,"turns":6},{"damage":18,"enemies":"Gremlin Leader","floor":31,"turns":3},{"damage":27,"enemies":"conspire:MysteriousRune","floor":33,"turns":7},{"damage":0,"enemies":"Orb Walker","floor":35,"turns":2},{"damage":11,"enemies":"3 Darklings","floor":37,"turns":7},{"damage":8,"enemies":"4 Shapes","floor":39,"turns":4},{"damage":0,"enemies":"R_Hoarder","floor":40,"turns":4},{"damage":5,"enemies":"Writhing Mass","floor":41,"turns":2},{"damage":9,"enemies":"Reptomancer","floor":42,"turns":3},{"damage":17,"enemies":"Sphere and 2 Shapes","floor":46,"turns":3},{"damage":7,"enemies":"Nemesis","floor":47,"turns":3},{"damage":79,"enemies":"Awakened One","floor":50,"turns":7}],"seed_played":"3067865183565763508","potions_obtained":[{"floor":5.0,"key":"LiquidMemories"},{"floor":6,"key":"Toxic Potion"},{"floor":16,"key":"SkillPotion"},{"floor":22,"key":"Dexterity Potion"},{"floor":29,"key":"SteroidPotion"},{"floor":31,"key":"DistilledChaos"},{"floor":33,"key":"ColorlessPotion"},{"floor":35,"key":"Swift Potion"},{"floor":37,"key":"AttackPotion"},{"floor":46,"key":"Swift Potion"}],"is_trial":false,"path_per_floor":["M","?","$","?","M","E","M","E","T","R","?","R","M","?","R_BF","B",null,"M","?","AVR","?","M","R","NM","R","T","R","?","E","T","E","R","B",null,"M","?","M","$","M","E","M","E","T","R","?","M","E","?","R","B"],"character_chosen":"THE_SILENT","items_purchased":["MerchantsRug","Guide Book","hubris:CrystalStatue"],"campfire_rested":5,"item_purchase_floors":[38,38,38],"current_hp_per_floor":[56,56,56,56,54,32,32,10,10,31,31,52,43,43,43,24,59,40,24,24,24,24,45,40,61,61,61,61,45,45,37,58,53,66,70,70,67,67,62,68,65,65,65,65,65,50,59,59,59,0,0],"gold":587,"neow_bonus":"ONE_RARE_RELIC","is_daily":false,"chose_seed":false,"campfire_upgraded":1,"win_rate":0.0,"timestamp":1614264000,"path_taken":["M","?","$","?","M","E","M","E","T","R","?","R","M","?","R_BF","BOSS","M","?","AVR","?","?","R","NM","R","T","R","?","E","?","E","R","BOSS","M","?","?","$","M","E","M","E","T","R","?","?","E","?","R","BOSS"],"items_purchased_type":["Relic","Relic","Relic"],"build_version":"2020-12-22","purchased_purges":2,"victory":false,"max_hp_per_floor":[70,70,70,70,70,70,70,70,70,70,70,70,70,70,70,70,70,70,70,70,70,70,70,70,70,70,70,70,70,70,70,70,70,70,70,70,70,70,70,70,70,70,70,70,70,70,70,70,70,70,70],"card_choices":[{"not_picked":["hubris:SlightOfHand","Prepared"],"picked":"Sucker Punch","floor":1.0},{"not_picked":["ReplayTheSpireMod:Shiv Toss","Crippling Poison"],"picked":"Deflect","floor":5.0},{"not_picked":["Noxious Fumes","Glass Knife"],"picked":"Atom Bomb","floor":6},{"not_picked":["Masterful Stab","hubris:SlightOfHand","Dodge and Roll"],"picked":"SKIP","floor":7},{"not_picked":["Dodge and Roll","Quick Slash","Dagger Spray"],"picked":"SKIP","floor":8},{"not_picked":["Dodge and Roll","Quick Slash","Dagger Spray"],"picked":"SKIP","floor":8},{"not_picked":["Flying Knee","Quick Slash"],"picked":"Cloak And Dagger","floor":13},{"not_picked":["Burst","Venomology"],"picked":"Adrenaline","floor":16},{"not_picked":["Outmaneuver"],"picked":"SKIP","floor":18},{"not_picked":["Bane+1"],"picked":"SKIP","floor":22},{"not_picked":[],"picked":"Backflip+1","floor":24},{"not_picked":[],"picked":"Die Die Die","floor":29},{"not_picked":[],"picked":"Terror+1","floor":29},{"not_picked":[],"picked":"Backstab","floor":31},{"not_picked":[],"picked":"Deflect+1","floor":35},{"not_picked":["Slice+1"],"picked":"SKIP","floor":37},{"not_picked":[],"picked":"Slice+1","floor":37},{"not_picked":["Dagger Spray"],"picked":"SKIP","floor":39},{"not_picked":["Bouncing Flask+1"],"picked":"SKIP","floor":40},{"not_picked":["Flechettes"],"picked":"SKIP","floor":41},{"not_picked":["Flying Knee"],"picked":"SKIP","floor":42},{"not_picked":["hubris:Counter+1"],"picked":"SKIP","floor":46},{"not_picked":["hubris:Counter+1"],"picked":"SKIP","floor":46},{"not_picked":["Deadly Poison"],"picked":"SKIP","floor":47}],"player_experience":562543,"relics_obtained":[{"floor":6,"key":"Whetstone"},{"floor":8,"key":"hubris:Zylophone"},{"floor":9,"key":"Pocketwatch"},{"floor":19,"key":"Nilry\u0027s Codex"},{"floor":24,"key":"White Beast Statue"},{"floor":26,"key":"Snack Pack"},{"floor":29,"key":"conspire:GiftBox"},{"floor":30,"key":"Quantum Egg"},{"floor":31,"key":"Boot"},{"floor":40,"key":"Smiling Mask"},{"floor":42,"key":"Lantern"},{"floor":43,"key":"Shovel"},{"floor":44,"key":"Potion Belt"},{"floor":47,"key":"Replay:Mystery Machine"},{"floor":49,"key":"Replay:WaspNest"}],"event_choices":[{"damage_healed":0,"gold_gain":100,"player_choice":"Pray","damage_taken":0,"max_hp_gain":0,"max_hp_loss":0,"event_name":"Golden Shrine","floor":14,"gold_loss":0},{"damage_healed":0,"gold_gain":0,"player_choice":"Obtained Book","damage_taken":16,"max_hp_gain":0,"max_hp_loss":0,"event_name":"Cursed Tome","floor":19,"gold_loss":0},{"cards_removed":["Decay"],"damage_healed":0,"gold_gain":0,"player_choice":"Purged","damage_taken":0,"max_hp_gain":0,"max_hp_loss":0,"event_name":"Purifier","floor":21,"gold_loss":0},{"damage_healed":0,"gold_gain":0,"player_choice":"Ignored","damage_taken":0,"max_hp_gain":0,"max_hp_loss":0,"event_name":"Vampires","floor":28,"gold_loss":0},{"damage_healed":0,"gold_gain":0,"cards_transformed":["Survivor"],"player_choice":"Transformed","damage_taken":0,"max_hp_gain":0,"max_hp_loss":0,"event_name":"Transmorgrifier","floor":36,"gold_loss":0,"cards_obtained":["Toxin Wave"]},{"cards_removed":["Defend_G"],"damage_healed":0,"gold_gain":0,"player_choice":"Offered Basic","damage_taken":0,"max_hp_gain":0,"max_hp_loss":0,"event_name":"Bonfire Elementals","floor":45,"gold_loss":0},{"cards_removed":["Defend_G"],"damage_healed":0,"gold_gain":0,"player_choice":"Removed Skill","damage_taken":0,"max_hp_gain":0,"max_hp_loss":0,"event_name":"Falling","floor":48,"gold_loss":0}],"is_beta":false,"boss_relics":[{"not_picked":["hubris:BlackHole","Black Star"],"picked":"Busted Crown"},{"not_picked":["Calling Bell","conspire:SlowCooker"],"picked":"Empty Cage"}],"items_purged_floors":[20,38],"is_endless":false,"potions_floor_spawned":[5,6,16,22,29,31,33,35,37,46],"killed_by":"Awakened One","ascension_level":7}}