{"host":"bikm2o78umlg9iwk","time":1614257058,"event":{"mods":["AchievementEnabler","BaseMod","Colored Map","Colored Powertips","Googly Eyes","Highlight Path","Minty Spire (QoL Compilation)","Quick Restart","Relic Stats"],"gold_per_floor":[110,129,141,158,128,156,175,175,225,225,61,76,76,111,111,111,111],"floor_reached":16,"language":"ENG","playtime":2383,"items_purged":["Strike_G"],"score":224,"play_id":"cb6996c7-bee6-41b1-92ae-28e0ffe92f31","local_time":"20210225134418","is_ascension_mode":true,"campfire_choices":[{"floor":8.0,"key":"REST"},{"data":"Deadly Poison","floor":10.0,"key":"SMITH"},{"floor":13.0,"key":"REST"},{"data":"Leg Sweep","floor":15.0,"key":"SMITH"}],"circlet_count":0,"master_deck":["AscendersBane","Strike_G","Strike_G","Strike_G","Strike_G","Defend_G","Defend_G","Defend_G","Defend_G","Defend_G","Survivor","Neutralize","Riddle With Holes","Deadly Poison+1","Flying Knee","Calculated Gamble","Poisoned Stab","Quick Slash","Leg Sweep+1","Noxious Fumes","Die Die Die","Backflip"],"relics":["Ring of the Snake","Dead Branch","Vajra","Bottled Lightning"],"acts_visited":["Exordium"],"potions_floor_usage":[],"damage_taken":[{"damage":2.0,"enemies":"2 Louse","floor":1.0,"turns":3.0},{"damage":0.0,"enemies":"Cultist","floor":2.0,"turns":4.0},{"damage":3.0,"enemies":"Jaw Worm","floor":3.0,"turns":3.0},{"damage":9.0,"enemies":"3 Louse","floor":4.0,"turns":5.0},{"damage":40.0,"enemies":"Lagavulin","floor":6.0,"turns":6.0},{"damage":1.0,"enemies":"2 Fungi Beasts","floor":7.0,"turns":4.0},{"damage":2.0,"enemies":"Large Slime","floor":12.0,"turns":5.0},{"damage":17.0,"enemies":"3 Sentries","floor":14.0,"turns":5.0},{"damage":26,"enemies":"The Guardian","floor":16,"turns":6}],"seed_played":"5478228468386929787","potions_obtained":[{"floor":2.0,"key":"BlessingOfTheForge"},{"floor":3.0,"key":"CultistPotion"},{"floor":5.0,"key":"SkillPotion"},{"floor":5.0,"key":"DuplicationPotion"},{"floor":7.0,"key":"GhostInAJar"}],"is_trial":false,"path_per_floor":["M","M","M","M","?","E","M","R","T","R","$","M","R","E","R","B"],"character_chosen":"THE_SILENT","items_purchased":["Noxious Fumes"],"campfire_rested":2,"item_purchase_floors":[11],"current_hp_per_floor":[57,57,54,45,45,5,4,23,23,23,23,21,40,23,23,0,0],"gold":111,"neow_bonus":"THREE_CARDS","is_daily":false,"chose_seed":false,"campfire_upgraded":2,"win_rate":0.0,"timestamp":1614257058,"path_taken":["M","M","M","M","?","E","M","R","T","R","?","?","R","E","R","BOSS"],"items_purchased_type":["Card"],"build_version":"2020-12-22","purchased_purges":1,"victory":false,"max_hp_per_floor":[66,66,66,66,66,66,66,66,66,66,66,66,66,66,66,66,66],"relic_stats":{"counters":[9,41],"Dead Branch":[8],"obtain_stats":[{"Dead Branch":6,"Vajra":9,"Bottled Lightning":14,"Ring of the Snake":0},{"Dead Branch":5,"Vajra":6,"Bottled Lightning":8,"Ring of the Snake":0},{"Dead Branch":21,"Vajra":25,"Bottled Lightning":35,"Ring of the Snake":0}],"Ring of the Snake":[18]},"card_choices":[{"not_picked":["Dagger Spray","Blade Dance"],"picked":"Riddle With Holes","floor":0.0},{"not_picked":["Dodge and Roll","All Out Attack"],"picked":"Deadly Poison","floor":1.0},{"not_picked":["Riddle With Holes","Acrobatics"],"picked":"Flying Knee","floor":2.0},{"not_picked":["Infinite Blades","Concentrate"],"picked":"Calculated Gamble","floor":3.0},{"not_picked":["Underhanded Strike","Blade Dance"],"picked":"Poisoned Stab","floor":4.0},{"not_picked":["Deflect","Finisher"],"picked":"Quick Slash","floor":6.0},{"not_picked":["Prepared","Acrobatics"],"picked":"Leg Sweep","floor":7.0},{"not_picked":["Poisoned Stab","Bane"],"picked":"Die Die Die","floor":12.0},{"not_picked":["Finisher","Outmaneuver"],"picked":"Backflip","floor":14.0}],"player_experience":1698046,"relics_obtained":[{"floor":6.0,"key":"Dead Branch"},{"floor":9.0,"key":"Vajra"},{"floor":14.0,"key":"Bottled Lightning"}],"event_choices":[{"damage_healed":0.0,"max_hp_gain":0.0,"max_hp_loss":0.0,"gold_gain":0.0,"event_name":"The Woman in Blue","player_choice":"Bought 2 Potions","floor":5.0,"gold_loss":0.0,"damage_taken":0.0}],"is_beta":false,"boss_relics":[],"items_purged_floors":[11],"is_endless":false,"potions_floor_spawned":[2,3,7],"killed_by":"The Guardian","ascension_level":20}}