{"host":"gm50ke85n5jz306u","time":1614261638,"event":{"mods":["AchievementEnabler","AlwaysNeverKeys","Aspiration","BaseMod","Beaked The Cultist","Bestiary","Better Altar","Better Match","Better Note","Better Sensory Stone","Better Skull","Better Third Choice","Better Vampires","Better-Laid Plans","BetterRewards","Colored Powertips","Curses Come First","DNKmod","Defuse TimeMaze Blight","Disable Question Mark Monsters","Displayed Cursed Tome","Downfall","Emptier Cage","Extra Virgin Snecko Oil","Filter the Spire","Friendly Minions","Gremlin Skip","Hermit","Hubris","Hyrulean Relics","Ironclad Rager","Koishi","Lobotomy","Marisa????????","Marked Mod","Minty Spire (QoL Compilation)","Permanent Neow","Poor People Problems","Quick Restart","Reimu??????","Relic Filter Mod","Relic Sorter","Remove Card Discount Mod","Reorder Act Four","Replay The Spire","Shop Mod","StSLib","Synergy Search","Td1madao Mod","The Administrix","The Animator","The Blue Laboratory","The Bug Knight","The Construct","The Cursed","The Disciple","The Hierophant","The Necromancer","The Runesmith","The Senshi","The Servant 0.9.4","Thieving Mod","Transform Curses","WarShipGirlsR/????R mod"],"gold_per_floor":[10019,10036,9271,9288,9304,9304,9323,9323,9323,9333,9364,9378,8932,8932,8932,8932,8932],"floor_reached":16,"language":"ENG","playtime":553,"items_purged":["Bash","Strike_R","Strike_R","Strike_R"],"score":177,"play_id":"cd386e59-7e2c-4160-a6b5-1027c336f369","local_time":"20210225150038","is_ascension_mode":true,"campfire_choices":[{"data":"Body Slam","floor":6.0,"key":"SMITH"},{"data":"Defend_R","floor":8.0,"key":"SMITH"},{"data":"Iron Wave","floor":15,"key":"SMITH"}],"circlet_count":0,"master_deck":["AscendersBane","Strike_R","Strike_R","Defend_R+1","Defend_R","Defend_R","Defend_R","Body Slam+1","Iron Wave+1","Iron Wave"],"relics":["Burning Blood","Letter Opener","HollowMod:LifeEnderRelic","ReplayFunnel","Replay:Rubber Ducky","MerchantsRug","aspiration:DSix","Mastiff:ReiMu","Cauldron"],"acts_visited":["Exordium"],"potions_floor_usage":[11,11],"damage_taken":[{"damage":6.0,"enemies":"Cultist","floor":1.0,"turns":4.0},{"damage":9.0,"enemies":"Small Slimes","floor":2.0,"turns":4.0},{"damage":1.0,"enemies":"2 Louse","floor":4.0,"turns":3.0},{"damage":5.0,"enemies":"Exordium Wildlife","floor":5.0,"turns":4.0},{"damage":10.0,"enemies":"3 Louse","floor":7.0,"turns":4.0},{"damage":9,"enemies":"Looter","floor":10,"turns":4},{"damage":56,"enemies":"Lagavulin","floor":11,"turns":9},{"damage":8,"enemies":"Exordium Wildlife","floor":12,"turns":5},{"damage":16,"enemies":"The Guardian","floor":16,"turns":2}],"seed_played":"-5766333020576659051","potions_obtained":[{"floor":3.0,"key":"SmokeBomb"},{"floor":3.0,"key":"Weak Potion"},{"floor":4.0,"key":"blueLaboratory:FruitPunch"},{"floor":10,"key":"Fire Potion"},{"floor":11,"key":"LifebloodPotion"}],"is_trial":false,"path_per_floor":["M","M","$","M","M","R","M","R","T","M","E","M","$","?","R","B"],"character_chosen":"IRONCLAD","items_purchased":["Mastiff:ReiMu","Letter Opener","Cauldron","MerchantsRug","blueLaboratory:HummingbirdPotion","blueLaboratory:IronCompound","HollowMod:LifeEnderRelic","ReplayFunnel","Block Potion"],"campfire_rested":0,"item_purchase_floors":[3,3,3,3,3,3,13,13,13],"current_hp_per_floor":[68,65,65,70,71,71,67,67,67,64,16,14,14,14,14,0,0],"gold":8932,"neow_bonus":"DSIX","is_daily":false,"chose_seed":false,"campfire_upgraded":3,"win_rate":0.0,"timestamp":1614261638,"path_taken":["M","M","$","M","M","R","M","R","T","M","E","M","$","?","R","BOSS"],"items_purchased_type":["Relic","Relic","Relic","Relic","Potion","Potion","Relic","Relic","Potion"],"build_version":"2020-12-22","purchased_purges":4,"victory":false,"max_hp_per_floor":[75,75,75,75,75,75,75,75,75,75,77,77,77,77,77,77,77],"card_choices":[{"not_picked":["Clothesline","Clash","Replay:Undeath\u0027s Touch"],"picked":"SKIP","floor":1.0},{"not_picked":["Thunderclap","ReplayTheSpireMod:Strike From Hell","Perfected Strike"],"picked":"SKIP","floor":2.0},{"not_picked":["Fire Breathing","Replay:Undeath\u0027s Touch"],"picked":"Body Slam","floor":4.0},{"not_picked":["ReplayTheSpireMod:Strike From Hell","Heavy Blade","ReplayTheSpireMod:Stacked"],"picked":"SKIP","floor":5.0},{"not_picked":["True Grit","ReplayTheSpireMod:Limb From Limb","Clash"],"picked":"SKIP","floor":7.0},{"not_picked":["Brutality","Thunderclap","Run Through"],"picked":"SKIP","floor":10},{"not_picked":["Twin Strike","Wild Strike"],"picked":"Iron Wave","floor":11},{"not_picked":["ReplayTheSpireMod:Stacked","Uppercut"],"picked":"Iron Wave","floor":12}],"player_experience":479767,"relics_obtained":[{"floor":11,"key":"Replay:Rubber Ducky"}],"event_choices":[{"damage_healed":0,"gold_gain":1,"player_choice":"1","damage_taken":0,"max_hp_gain":0,"max_hp_loss":0,"event_name":"betterStone:BetterStone","floor":14,"gold_loss":0}],"is_beta":false,"boss_relics":[],"items_purged_floors":[3,3,13,13],"is_endless":false,"potions_floor_spawned":[4,5,10,11],"killed_by":"The Guardian","ascension_level":14}}