{"host":"8txkp9ptpa3vam57","time":1614245679,"event":{"mods":["Aspiration","BaseMod","Downfall","Jedi Mod","Lobotomy","LobotomyExtend","Minty Spire (QoL Compilation)","Quick Restart","Rare Cards Sparkle","Reliquary","Replay The Spire","RumiaBox-露米娅的神秘盒子","Shop Mod","Spire Birthday Party","StSLib","The Bladedancer","The Bug Knight","The Construct","The Cursed","The Marked","The Poker Player","Waifu the Spire","[IsaacMod]以撒尖塔","noobMod","【功能Mod】混沌之环修复补丁","篝火指南"],"gold_per_floor":[109,14,14,24,41,66,66,92,92,16,16,68,81,97,12,109,109,109,109,128,128,146,174,3,16,16,48,64,80,90,118,23,123,123,136,2,52,52,66,66,76,76,76,86,406,406,406,406,14,14,14,14,14,14,14],"floor_reached":56,"language":"ZHS","playtime":3948,"items_purged":["PokerPlayerMod:Club1","PokerPlayerMod:Harden","Pot Of Greed"],"score":1581,"play_id":"692fac55-ad5b-4673-bb9b-65bc2ac748d9","local_time":"20210225173439","is_ascension_mode":true,"metric_token":1686,"campfire_choices":[{"floor":7,"key":"RECALL"},{"data":"PokerPlayerMod:Spade1","floor":11,"key":"SMITH"},{"floor":40,"key":"DIG"},{"floor":42,"key":"DIG"},{"data":"DoctorFetus","floor":52,"key":"SMITH"}],"circlet_count":0,"master_deck":["PokerPlayerMod:Diamond2","PokerPlayerMod:Diamond2","PokerPlayerMod:Diamond3","PokerPlayerMod:Diamond4","PokerPlayerMod:Diamond5","PokerPlayerMod:Spade2","PokerPlayerMod:Spade2","PokerPlayerMod:Spade3","PokerPlayerMod:Spade4","PokerPlayerMod:Club2","PokerPlayerMod:Heart2","PokerPlayerMod:TrumpStrike","PokerPlayerMod:BadJoker","PokerPlayerMod:Mulligan","DoctorFetus+1","PokerPlayerMod:ClubShade","PokerPlayerMod:Club6","PokerPlayerMod:Diamond6","PokerPlayerMod:ClubDance","PokerPlayerMod:DartThrow","PokerPlayerMod:Harden","PokerPlayerMod:Heart8","PokerPlayerMod:Diamond7","PokerPlayerMod:DiamondStrike","PokerPlayerMod:Raise","PokerPlayerMod:HiddenCard+1","PokerPlayerMod:Promotion","PokerPlayerMod:Spade6","PokerPlayerMod:MagicTrick","PokerPlayerMod:Club9","PokerPlayerMod:Club7","PokerPlayerMod:Sharpen","PokerPlayerMod:Sharpen","PokerPlayerMod:CloakAndDiamond","PokerPlayerMod:SpadeStrike+1","PokerPlayerMod:SpadeStrike+1","Pot Of Greed","Pot Of Greed","Pot Of Greed","Pot Of Greed","PokerPlayerMod:WildCard","PokerPlayerMod:Spade8","PokerPlayerMod:DartThrow+1","PokerPlayerMod:CardBurn","PokerPlayerMod:Fold","PokerPlayerMod:RiskyBet","PokerPlayerMod:RiskyBet","PokerPlayerMod:VarietyAttack+1","PokerPlayerMod:CloakAndDiamond+1","PokerPlayerMod:Diamond7","PokerPlayerMod:Diamond7","Dramatic Entrance+1","Crow Ritual","PokerPlayerMod:Diamond4","Survey Options","PokerPlayerMod:Spade4","PokerPlayerMod:ClubShade+1","PokerPlayerMod:HiddenCard+1","PokerPlayerMod:Spade9","PokerPlayerMod:Spade9","PokerPlayerMod:FillThePot","PokerPlayerMod:Spade6","PokerPlayerMod:Trickery+1","PokerPlayerMod:Diamond6","PokerPlayerMod:Duplicate","PokerPlayerMod:Manipulation","PokerPlayerMod:Overdeal+1","PokerPlayerMod:Overdeal+1","PokerPlayerMod:StackedDeck","Secret Weapon","Secret Weapon","Enlightenment+1","PokerPlayerMod:Spade8"],"relics":["PokerPlayerMod:DeckCase","HushsDoor","ice","SteamSale","LetterFromLob","Blue Doll","MagicMushroom","Molten Egg 2","MerchantsRug","Shovel","Chaos","EdensBlessing","ZombieArmy","PokerPlayerMod:JackpotMachine","reliquary:WeakTea","Mercury Hourglass","Mirror","aspiration:FrozenJewel","jedi:ominousloannote","Orrery","Calipers","Ccalipers","jedi:bottledfury","reliquary:OuijaBoard"],"acts_visited":["Exordium","TheCity","TheBeyond","TheEnding"],"potions_floor_usage":[6,13,13,16,16,28,31,33,33,34,50,50,55],"damage_taken":[{"damage":0,"enemies":"Small Slimes","floor":1,"turns":2},{"damage":0,"enemies":"Jaw Worm","floor":4,"turns":1},{"damage":9,"enemies":"2 Louse","floor":5,"turns":3},{"damage":14,"enemies":"Gremlin Nob","floor":6,"turns":4},{"damage":12,"enemies":"3 Sentries","floor":8,"turns":3},{"damage":8,"enemies":"Gremlin Gang","floor":13,"turns":3},{"damage":17,"enemies":"Looter","floor":14,"turns":3},{"damage":25,"enemies":"Hexaghost","floor":16,"turns":7},{"damage":4,"enemies":"Shell Parasite","floor":20,"turns":3},{"damage":0,"enemies":"Snake Plant","floor":22,"turns":2},{"damage":42,"enemies":"Replay:Snechameleon","floor":23,"turns":6},{"damage":13,"enemies":"Centurion and Healer","floor":25,"turns":3},{"damage":40,"enemies":"Book of Stabbing","floor":27,"turns":5},{"damage":2,"enemies":"Chosen and Byrds","floor":28,"turns":4},{"damage":0,"enemies":"Snecko","floor":29,"turns":3},{"damage":5,"enemies":"3 Cultists","floor":30,"turns":4},{"damage":0,"enemies":"Replay:Snechameleon","floor":31,"turns":4},{"damage":40,"enemies":"Pondfish","floor":33,"turns":11},{"damage":0,"enemies":"Orb Walker","floor":35,"turns":3},{"damage":3,"enemies":"Hiden Room Battle","floor":37,"turns":3},{"damage":34,"enemies":"3 Darklings","floor":39,"turns":4},{"damage":11,"enemies":"Maw","floor":41,"turns":5},{"damage":27,"enemies":"Spire Growth","floor":44,"turns":4},{"damage":27,"enemies":"Giant Head","floor":46,"turns":8},{"damage":38,"enemies":"Writhing Mass","floor":47,"turns":4},{"damage":0,"enemies":"HollowMod:StalkingDevout","floor":48,"turns":5},{"damage":47,"enemies":"Awakened One","floor":50,"turns":10},{"damage":19,"enemies":"Shield and Spear","floor":54,"turns":5},{"damage":306,"enemies":"LittleHush","floor":55,"turns":21}],"seed_played":"-1784990624584244104","potions_obtained":[{"floor":1,"key":"jedi:StrikingPotion"},{"floor":5,"key":"Fire Potion"},{"floor":8,"key":"SkillPotion"},{"floor":13,"key":"Fire Potion"},{"floor":22,"key":"Strength Potion"},{"floor":25,"key":"FearPotion"},{"floor":27,"key":"PowerPotion"},{"floor":28,"key":"Block Potion"},{"floor":31,"key":"Reflective Coating"},{"floor":33,"key":"Fruit Juice"},{"floor":41,"key":"Block Potion"},{"floor":44,"key":"SkillPotion"},{"floor":46,"key":"champ:CounterPotion"}],"is_trial":false,"path_per_floor":["M","$","?","M","M","E","R","E","T","$","R","?","M","M","R","B",null,"M","?","M","?","M","E","R","M","T","E","M","M","M","E","R","B",null,"M","$","?","?","M","R","M","R","T","M","$","E","M","E","R","B",null,"R","$","E","B",null],"character_chosen":"THE_POKER_PLAYER","items_purchased":["Blue Doll","PokerPlayerMod:ClubShade","PokerPlayerMod:Harden","PokerPlayerMod:Heart8","PokerPlayerMod:Diamond7","PokerPlayerMod:HiddenCard+1","champ:CounterPotion","MerchantsRug","PokerPlayerMod:Club7","PokerPlayerMod:Sharpen","PokerPlayerMod:CloakAndDiamond","PokerPlayerMod:SpadeStrike+1","Chaos","PokerPlayerMod:RiskyBet","PokerPlayerMod:Diamond7","Dramatic Entrance+1","ZombieArmy","Crow Ritual","jedi:ominousloannote","PokerPlayerMod:Spade9","Orrery","jedi:bottledfury","PokerPlayerMod:Overdeal+1","PokerPlayerMod:StackedDeck","Secret Weapon","Enlightenment+1"],"campfire_rested":0,"item_purchase_floors":[2,2,10,10,10,15,15,24,24,24,24,24,32,32,36,36,36,36,45,45,45,49,49,49,49,49],"current_hp_per_floor":[52,52,52,52,43,45,45,35,35,35,35,35,47,32,32,19,73,23,23,34,58,73,44,44,32,32,3,14,25,33,52,52,25,92,92,92,89,89,69,69,71,71,71,45,45,92,64,77,77,43,116,116,116,106,1095],"gold":14,"neow_bonus":"","is_daily":false,"chose_seed":false,"campfire_upgraded":2,"win_rate":0.0,"timestamp":1614245679,"path_taken":["M","$","?","M","M","E","R","E","T","$","R","?","?","M","R","BOSS","M","?","?","?","M","E","R","M","T","E","?","M","M","E","R","BOSS","M","$","?","?","M","R","?","R","T","M","$","E","M","E","R","BOSS","R","$","E","BOSS"],"items_purchased_type":["Relic","Card","Card","Card","Card","Card","Potion","Relic","Card","Card","Card","Card","Card","Card","Card","Card","Relic","Card","Relic","Card","Relic","Relic","Card","Card","Card","Card"],"build_version":"2020-12-22","purchased_purges":3,"victory":true,"max_hp_per_floor":[52,52,52,52,52,66,66,66,66,66,66,66,66,66,66,66,73,73,73,73,73,73,73,73,73,73,73,73,73,73,87,87,87,92,92,92,92,92,92,92,92,92,92,92,92,92,97,100,100,116,116,116,116,125,1221],"card_choices":[{"not_picked":[],"picked":"DoctorFetus","floor":0},{"not_picked":["PokerPlayerMod:DiamondStrike","PokerPlayerMod:SecondChance"],"picked":"PokerPlayerMod:ClubsClub","floor":1},{"not_picked":["PokerPlayerMod:Trickery","PokerPlayerMod:Extraction"],"picked":"PokerPlayerMod:Club6","floor":4},{"not_picked":["PokerPlayerMod:MagicTrick","PokerPlayerMod:Diamond3"],"picked":"PokerPlayerMod:Diamond6","floor":5},{"not_picked":["PokerPlayerMod:Diamond1","PokerPlayerMod:Heart1"],"picked":"PokerPlayerMod:ClubDance","floor":6},{"not_picked":["Bomb","PokerPlayerMod:Diamond4"],"picked":"PokerPlayerMod:DartThrow","floor":8},{"not_picked":["PokerPlayerMod:Diamond4","PokerPlayerMod:Diamond2"],"picked":"PokerPlayerMod:DiamondStrike","floor":13},{"not_picked":["PokerPlayerMod:Club3","PokerPlayerMod:Spade3"],"picked":"PokerPlayerMod:Raise","floor":14},{"not_picked":["PokerPlayerMod:Heart8","PokerPlayerMod:Duplicate"],"picked":"PokerPlayerMod:Promotion","floor":16},{"not_picked":["PokerPlayerMod:HeartStrike","PokerPlayerMod:Club2"],"picked":"PokerPlayerMod:Spade6","floor":20},{"not_picked":["PokerPlayerMod:Fold","PokerPlayerMod:SpadeStrike"],"picked":"PokerPlayerMod:MagicTrick","floor":22},{"not_picked":["PokerPlayerMod:Spade4","PokerPlayerMod:Diamond1"],"picked":"PokerPlayerMod:Club9","floor":23},{"not_picked":["PokerPlayerMod:ClubsClub+1","PokerPlayerMod:Heart1"],"picked":"PokerPlayerMod:SpadeStrike+1","floor":25},{"not_picked":["PokerPlayerMod:Club2","PokerPlayerMod:Diamond1"],"picked":"PokerPlayerMod:WildCard","floor":27},{"not_picked":["PokerPlayerMod:PoorCopy+1","PokerPlayerMod:HiddenCard"],"picked":"PokerPlayerMod:Spade8","floor":28},{"not_picked":["PokerPlayerMod:Diamond6","PokerPlayerMod:Fold+1"],"picked":"PokerPlayerMod:DartThrow+1","floor":29},{"not_picked":["PokerPlayerMod:Spade1","PokerPlayerMod:Diamond4"],"picked":"PokerPlayerMod:CardBurn","floor":30},{"not_picked":["PokerPlayerMod:Spade5","PokerPlayerMod:Spade1"],"picked":"PokerPlayerMod:Fold","floor":31},{"not_picked":["PokerPlayerMod:GamblerForm","PokerPlayerMod:RoyalStrike+1"],"picked":"PokerPlayerMod:VarietyAttack+1","floor":33},{"not_picked":["PokerPlayerMod:Raise","PokerPlayerMod:Diamond5"],"picked":"PokerPlayerMod:CloakAndDiamond+1","floor":35},{"not_picked":["PokerPlayerMod:RiskyBet","PokerPlayerMod:Spade4"],"picked":"PokerPlayerMod:Diamond4","floor":37},{"not_picked":["jedi:forcepush","Specialist"],"picked":"Survey Options","floor":38},{"not_picked":["PokerPlayerMod:HiddenCard+1","PokerPlayerMod:CardBurn"],"picked":"PokerPlayerMod:Spade4","floor":39},{"not_picked":["PokerPlayerMod:Diamond5","PokerPlayerMod:CardBurn+1"],"picked":"PokerPlayerMod:ClubShade+1","floor":41},{"not_picked":["PokerPlayerMod:Club3","PokerPlayerMod:Diamond4"],"picked":"PokerPlayerMod:HiddenCard+1","floor":44},{"not_picked":["PokerPlayerMod:Diamond5","PokerPlayerMod:Club3"],"picked":"PokerPlayerMod:FillThePot","floor":45},{"not_picked":["PokerPlayerMod:Spade1","PokerPlayerMod:ClubDance"],"picked":"PokerPlayerMod:Spade6","floor":45},{"not_picked":["PokerPlayerMod:Diamond3","PokerPlayerMod:Heart3"],"picked":"PokerPlayerMod:Trickery+1","floor":45},{"not_picked":["PokerPlayerMod:Spade3","PokerPlayerMod:Diamond1"],"picked":"PokerPlayerMod:Diamond6","floor":45},{"not_picked":["PokerPlayerMod:FillThePot","PokerPlayerMod:SpadeStrike+1"],"picked":"PokerPlayerMod:Duplicate","floor":46},{"not_picked":["PokerPlayerMod:Diamond1","PokerPlayerMod:DiamondStrike+1"],"picked":"PokerPlayerMod:Manipulation","floor":47},{"not_picked":["PokerPlayerMod:ClubShade+1","PokerPlayerMod:Diamond10+"],"picked":"PokerPlayerMod:Overdeal+1","floor":48},{"not_picked":["PokerPlayerMod:Heart4","PokerPlayerMod:Raise"],"picked":"PokerPlayerMod:Spade8","floor":54}],"player_experience":124806,"relics_obtained":[{"floor":1,"key":"LetterFromLob"},{"floor":6,"key":"Mango"},{"floor":8,"key":"aspiration:HiddenCompartment"},{"floor":23,"key":"Molten Egg 2"},{"floor":26,"key":"Shovel"},{"floor":27,"key":"Grinning Jar"},{"floor":31,"key":"reliquary:SculptingSteel"},{"floor":37,"key":"PokerPlayerMod:JackpotMachine"},{"floor":37,"key":"reliquary:WeakTea"},{"floor":40,"key":"Mercury Hourglass"},{"floor":42,"key":"Mirror"},{"floor":43,"key":"aspiration:FrozenJewel"},{"floor":46,"key":"Calipers"},{"floor":48,"key":"Ccalipers"},{"floor":54,"key":"reliquary:OuijaBoard"}],"event_choices":[{"damage_healed":0,"gold_gain":0,"player_choice":"Grow","damage_taken":0,"max_hp_gain":0,"max_hp_loss":0,"event_name":"Living Wall","floor":3,"gold_loss":0,"cards_upgraded":["PokerPlayerMod:Diamond2"]},{"damage_healed":0,"gold_gain":52,"player_choice":"Gained Gold","damage_taken":0,"max_hp_gain":0,"max_hp_loss":0,"event_name":"Golden Wing","floor":12,"gold_loss":0},{"cards_removed":["PokerPlayerMod:ClubsClub"],"damage_healed":0,"gold_gain":0,"player_choice":"Elegance","damage_taken":0,"max_hp_gain":0,"max_hp_loss":0,"event_name":"PokerPlayerMod:BackToBasicsPoker","floor":19,"gold_loss":0},{"damage_healed":24,"gold_gain":0,"player_choice":"Heal","damage_taken":0,"max_hp_gain":0,"max_hp_loss":0,"event_name":"The Library","floor":21,"gold_loss":0},{"damage_healed":0,"gold_gain":0,"player_choice":"Fight","damage_taken":0,"max_hp_gain":0,"max_hp_loss":0,"event_name":"HidenRoomEvent","floor":37,"gold_loss":0},{"damage_healed":0,"gold_gain":0,"player_choice":"Memory 1","damage_taken":0,"max_hp_gain":0,"max_hp_loss":0,"event_name":"SensoryStone","floor":38,"gold_loss":0}],"is_beta":false,"boss_relics":[{"not_picked":["Fusion Hammer","Tiny House"],"picked":"MagicMushroom"},{"not_picked":[]},{"not_picked":["Dream Catcher","Toy Ornithopter"],"picked":"EdensBlessing"},{"not_picked":[]}],"items_purged_floors":[15,24,49],"is_endless":false,"potions_floor_spawned":[1,5,8,13,22,25,27,28,31,33,41,44,46,48],"ascension_level":3}}