{"host":"i0m6ffz3lpe3z1ky","time":1614271781,"event":{"mods":["Aspiration","BaseMod","Bestiary","BetterRewards","Colored Map","Conspire","Energized Spire","Highlight Path","Hubris","Ironclad Rager","Minty Spire (QoL Compilation)","Quick Restart","Reliquary","Shop Mod","Spicy Shops","StSLib","Thieving Mod"],"gold_per_floor":[116,116,22,22,22,22,47,47,47,80,80,35,70,33,33,104,104,120,135,147,70,70,95,95,128,128,155,170,170,187,112,112,186,186,197,197,212,212,212],"floor_reached":38,"language":"KOR","playtime":2275,"items_purged":[],"score":893,"play_id":"59bb7db7-44e6-4266-9727-c3c74f9bb149","local_time":"20210226014941","is_ascension_mode":true,"campfire_choices":[{"floor":6.0,"key":"REST"},{"floor":8.0,"key":"RECALL"},{"data":"conspire:ExplosiveBarrier","floor":11.0,"key":"SMITH"},{"data":"Shrug It Off","floor":15.0,"key":"SMITH"},{"data":"Double Tap","floor":24.0,"key":"SMITH"},{"floor":32.0,"key":"REST"}],"circlet_count":0,"master_deck":["AscendersBane","conspire:GhostlyStrike","conspire:GhostlyStrike","conspire:GhostlyStrike+1","conspire:GhostlyDefend","conspire:GhostlyDefend","conspire:GhostlyDefend","conspire:GhostlyDefend+1","Bash","Pommel Strike+1","conspire:ExplosiveBarrier+1","Shrug It Off+1","Demon Form+1","Seeing Red","Double Tap+1","Shrug It Off","Metallicize","Limit Break","Crescendo"],"relics":["Burning Blood","Mummified Hand","ClockworkSouvenir","aspiration:FetidBarrel","reliquary:Stiletto","aspiration:StickyExplosives_weak","reliquary:PorcupineQuills","Pantograph","Membership Card","reliquary:Knoch","reliquary:ThirdArm","Art of War","aspiration:Lifesprig","hubris:ToyBattleship","aspiration:WatcherSkillbook"],"acts_visited":["Exordium","TheCity","TheBeyond"],"potions_floor_usage":[38],"damage_taken":[{"damage":5.0,"enemies":"2 Louse","floor":1.0,"turns":3.0},{"damage":0.0,"enemies":"Gremlin Nob","floor":7.0,"turns":2.0},{"damage":0.0,"enemies":"Lagavulin","floor":10.0,"turns":3.0},{"damage":11.0,"enemies":"Gremlin Nob","floor":13.0,"turns":4.0},{"damage":16.0,"enemies":"The Guardian","floor":16.0,"turns":11.0},{"damage":11.0,"enemies":"conspire:FuzzyDice","floor":18.0,"turns":4.0},{"damage":0.0,"enemies":"3 Byrds","floor":19.0,"turns":4.0},{"damage":9.0,"enemies":"Snake Plant","floor":20.0,"turns":4.0},{"damage":12.0,"enemies":"Gremlin Leader","floor":23.0,"turns":5.0},{"damage":37.0,"enemies":"Book of Stabbing","floor":25.0,"turns":5.0},{"damage":10.0,"enemies":"conspire:SneckoGhost","floor":27.0,"turns":4.0},{"damage":23.0,"enemies":"Cultist and Chosen","floor":28.0,"turns":6.0},{"damage":8.0,"enemies":"Centurion and Healer","floor":30.0,"turns":4.0},{"damage":4.0,"enemies":"Champ","floor":33.0,"turns":5.0},{"damage":49.0,"enemies":"3 Darklings","floor":35.0,"turns":8.0},{"damage":8,"enemies":"Orb Walker","floor":37,"turns":3},{"damage":30,"enemies":"Sphere and 2 Shapes","floor":38,"turns":3}],"seed_played":"-990312725894858612","potions_obtained":[{"floor":7.0,"key":"AttackPotion"},{"floor":13.0,"key":"GamblersBrew"},{"floor":16.0,"key":"ColorlessPotion"},{"floor":19.0,"key":"SkillPotion"},{"floor":23.0,"key":"Regen Potion"},{"floor":25.0,"key":"HeartOfIron"},{"floor":37,"key":"SkillPotion"}],"is_trial":false,"path_per_floor":["M","?","$","?","?","R","E","R","T","E","R","$","E","$","R","B",null,"M","M","M","$","?","E","R","E","T","E","M","R","M","?","R","B",null,"M","?","M","M"],"character_chosen":"IRONCLAD","items_purchased":["Mummified Hand","ClockworkSouvenir","aspiration:FetidBarrel","AttackPotion","Block Potion","Pommel Strike","Shrug It Off","reliquary:Knoch","Art of War"],"campfire_rested":2,"item_purchase_floors":[0,0,0,0,0,3,12,14,21],"current_hp_per_floor":[34,34,34,34,11,33,39,39,39,45,45,45,40,40,40,55,70,65,71,68,68,68,62,62,45,45,41,24,24,22,22,44,71,74,31,31,29,0,0],"gold":212,"neow_bonus":"","is_daily":false,"chose_seed":false,"campfire_upgraded":3,"win_rate":0.0,"timestamp":1614271781,"path_taken":["M","?","$","?","?","R","E","R","T","E","R","$","E","?","R","BOSS","M","M","M","$","?","E","R","E","T","E","M","R","M","?","R","BOSS","M","?","M","M"],"items_purchased_type":["Relic","Relic","Relic","Potion","Potion","Card","Card","Relic","Relic"],"build_version":"2020-12-22","purchased_purges":0,"victory":false,"max_hp_per_floor":[75,75,75,75,75,75,75,75,75,75,75,75,75,75,75,75,75,75,75,75,75,75,75,75,75,75,75,75,75,75,75,75,75,75,75,75,75,75,75],"card_choices":[{"not_picked":["Second Wind","Sword Boomerang","Perfected Strike"],"picked":"SKIP","floor":1.0},{"not_picked":["Perfected Strike","Warcry","Dual Wield"],"picked":"SKIP","floor":7.0},{"not_picked":["Perfected Strike","Warcry","Dual Wield"],"picked":"SKIP","floor":7.0},{"not_picked":["Immolate","Perfected Strike"],"picked":"conspire:ExplosiveBarrier","floor":10.0},{"not_picked":["Clash","Clothesline","Flex"],"picked":"SKIP","floor":13.0},{"not_picked":["Feed","conspire:Purge"],"picked":"Demon Form","floor":16.0},{"not_picked":["hubris:ReadiedAction","Carnage","Blood for Blood"],"picked":"SKIP","floor":18.0},{"not_picked":["Clothesline","Armaments","Pommel Strike"],"picked":"SKIP","floor":19.0},{"not_picked":["Ghostly Armor","Armaments"],"picked":"Seeing Red","floor":20.0},{"not_picked":["Inflame","Evolve"],"picked":"Double Tap","floor":23.0},{"not_picked":["Whirlwind","Sword Boomerang"],"picked":"Shrug It Off","floor":25.0},{"not_picked":["Clash","Anger","Blood for Blood"],"picked":"SKIP","floor":27.0},{"not_picked":["Perfected Strike","Sword Boomerang","Whirlwind"],"picked":"SKIP","floor":28.0},{"not_picked":["Thunderclap","Body Slam"],"picked":"Metallicize","floor":30.0},{"not_picked":["Juggernaut","Fiend Fire"],"picked":"Limit Break","floor":33.0},{"not_picked":["ClearTheMind","hubris:SharpeningStone+1","Protect"],"picked":"Crescendo","floor":35.0},{"not_picked":["Cleave","Infernal Blade","conspire:ExplosiveBarrier","Evaluate"],"picked":"SKIP","floor":37}],"player_experience":436747,"relics_obtained":[{"floor":7.0,"key":"reliquary:Stiletto"},{"floor":9.0,"key":"aspiration:StickyExplosives_weak"},{"floor":10.0,"key":"reliquary:PorcupineQuills"},{"floor":13.0,"key":"Pantograph"},{"floor":23.0,"key":"aspiration:Lifesprig"},{"floor":27.0,"key":"hubris:ToyBattleship"}],"event_choices":[{"damage_healed":0.0,"max_hp_gain":0.0,"max_hp_loss":0.0,"gold_gain":0.0,"event_name":"conspire:LoneGhost","player_choice":"Agree","floor":2.0,"gold_loss":0.0,"damage_taken":0.0},{"damage_healed":0.0,"max_hp_gain":0.0,"max_hp_loss":0.0,"gold_gain":0.0,"event_name":"Shining Light","player_choice":"Entered Light","floor":5.0,"gold_loss":0.0,"damage_taken":23.0,"cards_upgraded":["conspire:GhostlyDefend","conspire:GhostlyStrike"]},{"damage_healed":0.0,"max_hp_gain":0.0,"max_hp_loss":0.0,"gold_gain":0.0,"event_name":"Upgrade Shrine","player_choice":"Upgraded","floor":22.0,"gold_loss":0.0,"damage_taken":0.0,"cards_upgraded":["Demon Form"]},{"cards_removed":["conspire:GhostlyStrike"],"damage_healed":0.0,"max_hp_gain":0.0,"max_hp_loss":0.0,"gold_gain":0.0,"event_name":"Beggar","player_choice":"Gave Gold","floor":31.0,"gold_loss":75.0,"damage_taken":0.0},{"cards_removed":["conspire:GhostlyStrike"],"damage_healed":0.0,"max_hp_gain":0.0,"max_hp_loss":0.0,"gold_gain":0.0,"event_name":"Falling","player_choice":"Removed Attack","floor":36.0,"gold_loss":0.0,"damage_taken":0.0}],"is_beta":false,"boss_relics":[{"not_picked":["Black Blood","Fusion Hammer"],"picked":"reliquary:ThirdArm"},{"not_picked":["Sozu","Pandora\u0027s Box"],"picked":"aspiration:WatcherSkillbook"}],"items_purged_floors":[],"is_endless":false,"potions_floor_spawned":[7,13,16,19,23,25,37],"killed_by":"Sphere and 2 Shapes","ascension_level":15}}