{"host":"p9vmbvw2hh2n16dn","time":1614246123,"event":{"mods":["AchievementEnabler","BaseMod","Block Reminder","Minty Spire (QoL Compilation)","Relic Stats","SuperFastMode"],"gold_per_floor":[113,113,113,40,115,143,143,171,198,198,163,182,216,233,233,307,307,326,326,352,451,451,451,451,451],"floor_reached":24,"language":"ENG","playtime":648,"items_purged":[],"score":439,"play_id":"7cc0cb47-8934-42a0-8491-f95bce9874b8","local_time":"20210225104203","is_ascension_mode":true,"campfire_choices":[{"data":"White Noise","floor":7.0,"key":"SMITH"},{"floor":10.0,"key":"REST"},{"data":"Barrage","floor":15.0,"key":"SMITH"},{"floor":23,"key":"REST"}],"circlet_count":0,"master_deck":["AscendersBane","Strike_B","Strike_B+1","Strike_B","Defend_B+1","Defend_B","Defend_B","Defend_B","Zap","Dualcast","Undo","Capacitor","White Noise+1","Cold Snap","Compile Driver","Conserve Battery","Barrage+1","Echo Form","Coolheaded"],"relics":["Cracked Core","NeowsBlessing","Toy Ornithopter","Ornamental Fan","Bag of Marbles","InkBottle","SacredBark","Mercury Hourglass","Red Mask"],"acts_visited":["Exordium","TheCity"],"potions_floor_usage":[20,24],"damage_taken":[{"damage":0.0,"enemies":"2 Louse","floor":1.0,"turns":1.0},{"damage":0.0,"enemies":"Gremlin Nob","floor":6.0,"turns":1.0},{"damage":0.0,"enemies":"3 Sentries","floor":8.0,"turns":1.0},{"damage":2.0,"enemies":"Jaw Worm","floor":12.0,"turns":5.0},{"damage":39.0,"enemies":"Gremlin Nob","floor":13.0,"turns":6.0},{"damage":0.0,"enemies":"Small Slimes","floor":14.0,"turns":3.0},{"damage":16.0,"enemies":"Hexaghost","floor":16.0,"turns":10.0},{"damage":30.0,"enemies":"Spheric Guardian","floor":18.0,"turns":5.0},{"damage":34,"enemies":"Masked Bandits","floor":20,"turns":4},{"damage":27,"enemies":"Book of Stabbing","floor":24,"turns":3}],"seed_played":"-6307042624890548605","potions_obtained":[{"floor":1.0,"key":"SmokeBomb"},{"floor":6.0,"key":"LiquidBronze"},{"floor":8.0,"key":"Energy Potion"},{"floor":13.0,"key":"ColorlessPotion"},{"floor":18.0,"key":"SkillPotion"},{"floor":20,"key":"ColorlessPotion"}],"is_trial":false,"path_per_floor":["M","?","?","$","?","E","R","E","T","R","?","M","E","M","R","B",null,"M","?","?","?","?","R","E"],"character_chosen":"DEFECT","items_purchased":["Capacitor"],"campfire_rested":2,"item_purchase_floors":[4],"current_hp_per_floor":[64,57,43,43,32,32,32,32,32,53,70,68,32,37,37,26,60,30,30,1,1,1,22,0,0],"gold":451,"neow_bonus":"THREE_ENEMY_KILL","is_daily":false,"chose_seed":false,"campfire_upgraded":2,"win_rate":0.0,"timestamp":1614246123,"path_taken":["M","?","?","$","?","E","R","E","T","R","?","?","E","M","R","BOSS","M","?","?","?","?","R","E"],"items_purchased_type":["Card"],"build_version":"2020-12-22","purchased_purges":0,"victory":false,"max_hp_per_floor":[71,71,71,71,71,71,71,71,71,71,71,71,71,71,71,71,71,71,71,71,71,71,71,71,71],"relic_stats":{"counters":[10,39],"Ornamental Fan":[8],"obtain_stats":[{"NeowsBlessing":0,"Ornamental Fan":8,"SacredBark":17,"Bag of Marbles":9,"Red Mask":20,"Cracked Core":0,"Toy Ornithopter":6,"InkBottle":13,"Mercury Hourglass":19},{"NeowsBlessing":0,"Ornamental Fan":3,"SacredBark":7,"Bag of Marbles":3,"Red Mask":9,"Cracked Core":0,"Toy Ornithopter":2,"InkBottle":5,"Mercury Hourglass":8},{"NeowsBlessing":0,"Ornamental Fan":3,"SacredBark":27,"Bag of Marbles":3,"Red Mask":36,"Cracked Core":0,"Toy Ornithopter":2,"InkBottle":14,"Mercury Hourglass":32}],"Toy Ornithopter":23,"InkBottle":[7],"Mercury Hourglass":[36]},"card_choices":[{"not_picked":["Double Energy","Heatsinks"],"picked":"Undo","floor":1.0},{"not_picked":["Heatsinks","Reboot"],"picked":"White Noise","floor":6.0},{"not_picked":["Double Energy","Hyperbeam"],"picked":"Cold Snap","floor":8.0},{"not_picked":["Fusion","Hello World"],"picked":"Compile Driver","floor":12.0},{"not_picked":["Streamline","Doom and Gloom"],"picked":"Conserve Battery","floor":13.0},{"not_picked":["Chaos","Steam"],"picked":"Barrage","floor":14.0},{"not_picked":["Biased Cognition","Machine Learning"],"picked":"Echo Form","floor":16.0},{"not_picked":["Steam","Recycle","Gash"],"picked":"SKIP","floor":18.0},{"not_picked":["Auto Shields+1","Darkness"],"picked":"Coolheaded","floor":20}],"player_experience":360560,"relics_obtained":[{"floor":6.0,"key":"Toy Ornithopter"},{"floor":8.0,"key":"Ornamental Fan"},{"floor":9.0,"key":"Bag of Marbles"},{"floor":13.0,"key":"InkBottle"},{"floor":20,"key":"Red Mask"}],"event_choices":[{"cards_removed":["Strike_B"],"damage_healed":0.0,"max_hp_gain":0.0,"max_hp_loss":0.0,"gold_gain":0.0,"event_name":"Golden Wing","player_choice":"Card Removal","floor":2.0,"gold_loss":0.0,"damage_taken":7.0},{"damage_healed":0.0,"max_hp_gain":0.0,"max_hp_loss":0.0,"gold_gain":0.0,"event_name":"Shining Light","player_choice":"Entered Light","floor":3.0,"gold_loss":0.0,"damage_taken":14.0,"cards_upgraded":["Strike_B","Defend_B"]},{"damage_healed":0.0,"max_hp_gain":0.0,"max_hp_loss":0.0,"gold_gain":75.0,"event_name":"World of Goop","player_choice":"Gather Gold","floor":5.0,"gold_loss":0.0,"damage_taken":11.0},{"damage_healed":17.0,"max_hp_gain":0.0,"max_hp_loss":0.0,"gold_gain":0.0,"event_name":"The Cleric","player_choice":"Healed","floor":11.0,"gold_loss":35.0,"damage_taken":0.0},{"damage_healed":0.0,"max_hp_gain":0.0,"max_hp_loss":0.0,"gold_gain":0.0,"event_name":"The Mausoleum","player_choice":"Opened","floor":19.0,"gold_loss":0.0,"damage_taken":0.0,"relics_obtained":["Mercury Hourglass"]},{"damage_healed":0,"gold_gain":0,"player_choice":"Fought Bandits","damage_taken":0,"max_hp_gain":0,"max_hp_loss":0,"event_name":"Masked Bandits","floor":20,"gold_loss":0},{"damage_healed":0,"gold_gain":99,"player_choice":"Stole From Cult","damage_taken":0,"max_hp_gain":0,"max_hp_loss":0,"event_name":"Nest","floor":21,"gold_loss":0},{"damage_healed":0,"gold_gain":0,"player_choice":"Ignored","damage_taken":0,"max_hp_gain":0,"max_hp_loss":0,"event_name":"Cursed Tome","floor":22,"gold_loss":0}],"is_beta":false,"boss_relics":[{"not_picked":["Coffee Dripper","Black Star"],"picked":"SacredBark"}],"items_purged_floors":[],"is_endless":false,"potions_floor_spawned":[1,6,8,13,18,20],"killed_by":"Book of Stabbing","ascension_level":14}}