{"host":"ndpbn7fqb3wjbd7p","time":1614288006,"event":{"mods":["AchievementEnabler","Act Like it!","AlwaysNeverKeys","BaseMod","Better Vampires","Block Reminder","Colored Powertips","DeckTracker","Defuse TimeMaze Blight","Friendly Minions","Highlight Path","MarisaÅiñ∂âJÅ@ñÇóùçπÅj","Minty Spire (QoL Compilation)","Permanent Neow","StSLib","SuperFastMode","Synergy Search","Unceasing Turn Reminder","Wandering Minibosses"],"gold_per_floor":[111,36,36,51,51,51,86,86,86,17,40,40,81,81,81,81,81],"floor_reached":16,"language":"ENG","playtime":623,"items_purged":["Strike_MRS"],"score":122,"play_id":"01bf3632-fd1e-4cfa-9484-f1cb8d290e25","local_time":"20210225222006","is_ascension_mode":true,"campfire_choices":[{"data":"ChargeUpSpray","floor":6,"key":"SMITH"},{"data":"Acceleration","floor":8,"key":"SMITH"},{"floor":15,"key":"REST"}],"circlet_count":0,"master_deck":["Strike_MRS","Strike_MRS","Defend_MRS","Defend_MRS","Defend_MRS","Defend_MRS","MasterSpark","UpSweep+1","ChargeUpSpray+1","Acceleration+1","ChargingUp","ChargeUpSpray"],"relics":["MiniHakkero","Golden Idol","Bag of Preparation","Darkstone Periapt","Pen Nib","MealTicket"],"acts_visited":["Exordium"],"potions_floor_usage":[16],"damage_taken":[{"damage":1,"enemies":"Cultist","floor":1,"turns":3},{"damage":7,"enemies":"Jaw Worm","floor":4,"turns":3},{"damage":24,"enemies":"Gremlin Nob","floor":7,"turns":4},{"damage":0,"enemies":"2 Louse","floor":11,"turns":2},{"damage":15,"enemies":"Lagavulin","floor":13,"turns":5},{"damage":26,"enemies":"The Guardian","floor":16,"turns":8}],"seed_played":"-2360333045957497091","potions_obtained":[{"floor":1,"key":"SpeedPotion"}],"is_trial":false,"path_per_floor":["M","$","?","M","?","R","E","R","T","$","M","?","E","?","R","B"],"character_chosen":"MARISA","items_purchased":["ChargingUp"],"campfire_rested":1,"item_purchase_floors":[10],"current_hp_per_floor":[74,74,69,62,67,67,43,43,43,43,43,36,21,3,25,0,0],"gold":81,"neow_bonus":"UPGRADE_CARD","is_daily":false,"chose_seed":false,"campfire_upgraded":2,"win_rate":0.0,"timestamp":1614288006,"path_taken":["M","$","?","M","?","R","E","R","T","?","?","?","E","?","R","BOSS"],"items_purchased_type":["Card"],"build_version":"2020-12-22","purchased_purges":1,"victory":false,"max_hp_per_floor":[75,75,69,69,74,74,74,74,74,74,74,74,74,74,74,74,74],"card_choices":[{"not_picked":["IllusionStar","WitchOfGreed"],"picked":"ChargeUpSpray","floor":1},{"not_picked":["6A","ShootingEcho"],"picked":"Acceleration","floor":4},{"not_picked":["GrandCross","UnstableBomb","ShootTheMoon"],"picked":"SKIP","floor":7},{"not_picked":["IllusionStar","AlicesGift","MeteoricShower"],"picked":"SKIP","floor":11},{"not_picked":["IllusionStar","Acceleration"],"picked":"ChargeUpSpray","floor":13}],"player_experience":1221412,"relics_obtained":[{"floor":7,"key":"Bag of Preparation"},{"floor":9,"key":"Darkstone Periapt"},{"floor":13,"key":"Pen Nib"}],"event_choices":[{"damage_healed":0,"gold_gain":0,"player_choice":"Lose Max HP","damage_taken":0,"relics_obtained":["Golden Idol"],"max_hp_gain":0,"max_hp_loss":6,"event_name":"Golden Idol","floor":3,"gold_loss":0},{"damage_healed":0,"gold_gain":0,"player_choice":"Donut","damage_taken":0,"max_hp_gain":5,"max_hp_loss":0,"event_name":"Big Fish","floor":5,"gold_loss":0},{"cards_removed":["Strike_MRS"],"damage_healed":0,"gold_gain":0,"player_choice":"Card Removal","damage_taken":7,"max_hp_gain":0,"max_hp_loss":0,"event_name":"Golden Wing","floor":12,"gold_loss":0},{"damage_healed":0,"gold_gain":0,"player_choice":"Success","damage_taken":18,"relics_obtained":["MealTicket"],"max_hp_gain":0,"max_hp_loss":0,"event_name":"Scrap Ooze","floor":14,"gold_loss":0}],"is_beta":false,"boss_relics":[],"items_purged_floors":[2],"is_endless":false,"potions_floor_spawned":[1],"killed_by":"The Guardian","ascension_level":3}}