{"host":"92108ef2q9tm8rod","time":1614230588,"event":{"mods":["BaseMod","Defuse TimeMaze Blight","Minty Spire (QoL Compilation)","StSLib","The Jungle"],"gold_per_floor":[117,127,137,176,192,192,220,234,234,234,251,251,251,267,267,367,367,377,377,395,320,320,346,362,362,362,392,392,425,452,466,466,569,569,589,600,610,621,419,419,444,474,474,489,426,444,239,259,259,259],"floor_reached":51,"language":"ENG","playtime":2713,"items_purged":["Discovery","Jack Of All Trades","Searing Blow+3","Iron Wave"],"score":1150,"play_id":"3dbe2750-af1f-44f4-a9ce-cd9299825729","local_time":"20210225052308","daily_mods":["SealedDeck","Colorless Cards","Heirloom","Flight"],"is_ascension_mode":false,"campfire_choices":[{"data":"Madness","floor":6,"key":"SMITH"},{"data":"Body Slam","floor":10,"key":"SMITH"},{"data":"Searing Blow+1","floor":12,"key":"SMITH"},{"data":"Searing Blow+2","floor":13,"key":"SMITH"},{"data":"Panacea","floor":15,"key":"SMITH"},{"data":"Barricade","floor":25,"key":"SMITH"},{"data":"True Grit","floor":28,"key":"SMITH"},{"data":"Entrench","floor":32,"key":"SMITH"},{"data":"Good Instincts","floor":40,"key":"SMITH"},{"data":"Fire Breathing","floor":49,"key":"SMITH"}],"circlet_count":0,"master_deck":["Pommel Strike+1","Bandage Up","True Grit+1","Good Instincts+1","Madness+1","Shrug It Off","Body Slam+1","Fire Breathing+1","Flame Barrier","Panacea+1","Barricade+1","Entrench+1"],"relics":["Burning Blood","Prayer Wheel","Nunchaku","Whetstone","Busted Crown","theJungle:BirthdayCakeSlice","Boot","InkBottle","Vajra","Shuriken","SlaversCollar","Membership Card","Happy Flower","Bag of Preparation","Bottled Lightning","Self Forming Clay"],"acts_visited":["Exordium","Exordium","TheBeyond"],"potions_floor_usage":[16,16,24,33,36,41,50,50],"damage_taken":[{"damage":0,"enemies":"2 Louse","floor":1,"turns":1},{"damage":3,"enemies":"Jaw Worm","floor":2,"turns":4},{"damage":0,"enemies":"Small Slimes","floor":3,"turns":3},{"damage":0,"enemies":"Exordium Thugs","floor":4,"turns":5},{"damage":13,"enemies":"Large Slime","floor":5,"turns":5},{"damage":7,"enemies":"3 Sentries","floor":7,"turns":5},{"damage":0,"enemies":"Blue Slaver","floor":8,"turns":2},{"damage":0,"enemies":"2 Fungi Beasts","floor":11,"turns":3},{"damage":0,"enemies":"Large Slime","floor":14,"turns":3},{"damage":0,"enemies":"Hexaghost","floor":16,"turns":6},{"damage":0,"enemies":"theJungle:GiantWrat","floor":18,"turns":4},{"damage":4,"enemies":"Shell Parasite","floor":20,"turns":4},{"damage":0,"enemies":"theJungle:Cassacara","floor":23,"turns":6},{"damage":0,"enemies":"theJungle:JungleHuntersEncounter","floor":24,"turns":4},{"damage":0,"enemies":"theJungle:2_Phrogs","floor":27,"turns":6},{"damage":0,"enemies":"theJungle:Snecko_Cultist_And_Trap","floor":29,"turns":6},{"damage":0,"enemies":"theJungle:Cassacara","floor":30,"turns":5},{"damage":0,"enemies":"theJungle:SlimyTreeVines","floor":31,"turns":5},{"damage":0,"enemies":"theJungle:QueenSpyder","floor":33,"turns":5},{"damage":0,"enemies":"3 Shapes","floor":35,"turns":6},{"damage":11,"enemies":"3 Darklings","floor":36,"turns":6},{"damage":0,"enemies":"Sphere and 2 Shapes","floor":37,"turns":6},{"damage":40,"enemies":"Transient","floor":38,"turns":5},{"damage":12,"enemies":"Reptomancer","floor":41,"turns":7},{"damage":1,"enemies":"Nemesis","floor":42,"turns":7},{"damage":0,"enemies":"4 Shapes","floor":44,"turns":4},{"damage":0,"enemies":"3 Darklings","floor":46,"turns":4},{"damage":1,"enemies":"Transient","floor":48,"turns":5},{"damage":0,"enemies":"Donu and Deca","floor":50,"turns":3}],"seed_played":"5753945851688440319","potions_obtained":[{"floor":5,"key":"Weak Potion"},{"floor":7,"key":"Block Potion"},{"floor":8,"key":"Block Potion"},{"floor":11,"key":"HeartOfIron"},{"floor":18,"key":"Energy Potion"},{"floor":20,"key":"HeartOfIron"},{"floor":30,"key":"Weak Potion"},{"floor":41,"key":"Energy Potion"},{"floor":42,"key":"ElixirPotion"},{"floor":44,"key":"FairyPotion"},{"floor":46,"key":"Block Potion"},{"floor":48,"key":"PowerPotion"}],"is_trial":true,"path_per_floor":["M","M","M","M","M","R","E","M","T","R","M","R","R","M","R","B",null,"M","?","M","$","?","E","M","R","T","E","R","M","E","M","R","B",null,"M","M","M","M","$","R","E","E","T","M","$","M","$","M","R","B",null],"character_chosen":"IRONCLAD","items_purchased":["Membership Card","Self Forming Clay"],"campfire_rested":0,"item_purchase_floors":[39,47],"current_hp_per_floor":[80,80,80,80,77,77,79,80,80,80,80,80,80,80,80,80,80,80,85,85,85,85,85,85,85,85,85,85,85,85,85,85,85,85,85,84,85,55,55,55,53,62,62,72,72,82,82,85,85,85],"gold":259,"neow_bonus":"","is_daily":false,"chose_seed":false,"campfire_upgraded":10,"win_rate":0.0,"timestamp":1614230588,"path_taken":["M","M","M","M","M","R","E","M","T","R","M","R","R","M","R","BOSS","M","?","M","$","?","E","M","R","T","E","R","M","E","M","R","BOSS","M","M","M","M","$","R","E","E","T","M","$","M","$","M","R","BOSS"],"items_purchased_type":["Relic","Relic"],"build_version":"2020-12-22","purchased_purges":4,"victory":true,"max_hp_per_floor":[80,80,80,80,80,80,80,80,80,80,80,80,80,80,80,80,80,80,85,85,85,85,85,85,85,85,85,85,85,85,85,85,85,85,85,85,85,85,85,85,85,85,85,85,85,85,85,85,85,85],"card_choices":[{"not_picked":["Rage","Burning Pact","Dropkick"],"picked":"SKIP","floor":1},{"not_picked":["Headbutt","Heavy Blade","Thunderclap"],"picked":"SKIP","floor":1},{"not_picked":["Sword Boomerang","Havoc"],"picked":"Iron Wave","floor":2},{"not_picked":["Forethought","True Grit","Shrug It Off"],"picked":"SKIP","floor":2},{"not_picked":["Madness","Flex"],"picked":"Fire Breathing","floor":3},{"not_picked":["PanicButton","Dual Wield","Infernal Blade"],"picked":"SKIP","floor":3},{"not_picked":["Hemokinesis","Inflame","Thunderclap"],"picked":"SKIP","floor":4},{"not_picked":["Searing Blow","Battle Trance","Wild Strike"],"picked":"SKIP","floor":4},{"not_picked":["Havoc","Twin Strike"],"picked":"Flame Barrier","floor":5},{"not_picked":["Whirlwind","Thunderclap","Shrug It Off"],"picked":"SKIP","floor":5},{"not_picked":["Armaments","Headbutt","Thunderclap"],"picked":"SKIP","floor":7},{"not_picked":["Armaments","Entrench","Bludgeon"],"picked":"SKIP","floor":8},{"not_picked":["Blood for Blood","Body Slam","Perfected Strike"],"picked":"SKIP","floor":8},{"not_picked":["Thunderclap","Anger"],"picked":"Panacea","floor":11},{"not_picked":["Perfected Strike","Swift Strike","Thunderclap"],"picked":"SKIP","floor":11},{"not_picked":["Body Slam","Anger","Mayhem"],"picked":"SKIP","floor":14},{"not_picked":["Iron Wave","Impatience","Dark Shackles"],"picked":"SKIP","floor":14},{"not_picked":["Demon Form","Immolate"],"picked":"Barricade","floor":16},{"not_picked":["Iron Wave"],"picked":"SKIP","floor":18},{"not_picked":["Spot Weakness"],"picked":"SKIP","floor":18},{"not_picked":["Perfected Strike+1"],"picked":"SKIP","floor":20},{"not_picked":["Thunderclap+1"],"picked":"SKIP","floor":20},{"not_picked":["Limit Break"],"picked":"SKIP","floor":23},{"not_picked":["Flex"],"picked":"SKIP","floor":24},{"not_picked":["Warcry"],"picked":"SKIP","floor":24},{"not_picked":["Flex"],"picked":"SKIP","floor":27},{"not_picked":["Flash of Steel"],"picked":"SKIP","floor":29},{"not_picked":["Clothesline"],"picked":"SKIP","floor":29},{"not_picked":["Rupture+1"],"picked":"SKIP","floor":30},{"not_picked":[],"picked":"Entrench","floor":31},{"not_picked":["Armaments"],"picked":"SKIP","floor":31},{"not_picked":["Seeing Red"],"picked":"SKIP","floor":35},{"not_picked":["Bandage Up+1"],"picked":"SKIP","floor":35},{"not_picked":["Trip"],"picked":"SKIP","floor":36},{"not_picked":["Twin Strike"],"picked":"SKIP","floor":36},{"not_picked":["Flex+1"],"picked":"SKIP","floor":37},{"not_picked":["Armaments"],"picked":"SKIP","floor":37},{"not_picked":["Warcry"],"picked":"SKIP","floor":38},{"not_picked":["Clothesline+1"],"picked":"SKIP","floor":38},{"not_picked":["Madness"],"picked":"SKIP","floor":41},{"not_picked":["Dark Embrace"],"picked":"SKIP","floor":42},{"not_picked":["Clothesline"],"picked":"SKIP","floor":44},{"not_picked":["Havoc+1"],"picked":"SKIP","floor":44},{"not_picked":["Transmutation"],"picked":"SKIP","floor":46},{"not_picked":["Havoc+1"],"picked":"SKIP","floor":46},{"not_picked":["Havoc+1"],"picked":"SKIP","floor":48},{"not_picked":["Evolve+1"],"picked":"SKIP","floor":48}],"player_experience":3464345,"relics_obtained":[{"floor":7,"key":"Nunchaku"},{"floor":9,"key":"Whetstone"},{"floor":23,"key":"Boot"},{"floor":26,"key":"InkBottle"},{"floor":27,"key":"Vajra"},{"floor":30,"key":"Shuriken"},{"floor":41,"key":"Happy Flower"},{"floor":42,"key":"Bag of Preparation"},{"floor":43,"key":"Bottled Lightning"}],"event_choices":[],"is_beta":false,"boss_relics":[{"not_picked":["Astrolabe","Coffee Dripper"],"picked":"Busted Crown"},{"not_picked":["Cursed Key","Snecko Eye"],"picked":"SlaversCollar"}],"items_purged_floors":[21,39,45,47],"is_endless":false,"potions_floor_spawned":[5,7,8,11,14,18,20,23,30,41,42,44,46,48],"ascension_level":0}}