{"host":"bikm2o78umlg9iwk","time":1614254385,"event":{"mods":["AchievementEnabler","BaseMod","Colored Map","Colored Powertips","Googly Eyes","Highlight Path","Minty Spire (QoL Compilation)","Quick Restart","Relic Stats"],"gold_per_floor":[110,35,50,50,50,90,90,133,133,133,25,64,24,40,40,134,134,147,167,82,32,50,50,50,62,62,62,62],"floor_reached":27,"language":"ENG","playtime":1414,"items_purged":[],"score":558,"play_id":"07a72a20-cf01-4ed4-9a63-88643fdc7c10","local_time":"20210225125945","is_ascension_mode":true,"campfire_choices":[{"data":"Blade Dance","floor":7.0,"key":"SMITH"},{"floor":10.0,"key":"REST"},{"data":"Neutralize","floor":15.0,"key":"SMITH"},{"floor":23,"key":"REST"}],"circlet_count":0,"master_deck":["AscendersBane","Survivor","Neutralize+1","Cloak And Dagger","Regret","Blade Dance+1","Quick Slash","Footwork","Backflip","Dash","Footwork","Die Die Die","Quick Slash","Expertise","Wraith Form v2","Bane","Flying Knee","Flechettes","Heel Hook","Corpse Explosion","Corpse Explosion","Leg Sweep","Deadly Poison","Noxious Fumes","Dodge and Roll"],"relics":["Ring of the Snake","NeowsBlessing","Bloody Idol","PreservedInsect","Pantograph","Ninja Scroll","HornCleat","Pear","Pandora\u0027s Box","Blue Candle","Singing Bowl"],"acts_visited":["Exordium","TheCity"],"potions_floor_usage":[22,25,27],"damage_taken":[{"damage":0.0,"enemies":"Jaw Worm","floor":1.0,"turns":1.0},{"damage":0.0,"enemies":"Small Slimes","floor":3.0,"turns":1.0},{"damage":0.0,"enemies":"Gremlin Nob","floor":6.0,"turns":1.0},{"damage":39.0,"enemies":"Lagavulin","floor":8.0,"turns":6.0},{"damage":4.0,"enemies":"3 Sentries","floor":12.0,"turns":9.0},{"damage":2.0,"enemies":"2 Louse","floor":14.0,"turns":4.0},{"damage":26.0,"enemies":"The Guardian","floor":16.0,"turns":20.0},{"damage":5.0,"enemies":"2 Thieves","floor":18.0,"turns":4.0},{"damage":22.0,"enemies":"Spheric Guardian","floor":19.0,"turns":6.0},{"damage":35,"enemies":"Shelled Parasite and Fungi","floor":22,"turns":5},{"damage":17,"enemies":"Centurion and Healer","floor":25,"turns":5},{"damage":10,"enemies":"Chosen and Byrds","floor":27,"turns":3}],"seed_played":"-5092165800987188879","potions_obtained":[{"floor":3.0,"key":"GamblersBrew"},{"floor":8.0,"key":"GamblersBrew"},{"floor":12.0,"key":"DistilledChaos"},{"floor":19.0,"key":"SkillPotion"},{"floor":25,"key":"AttackPotion"}],"is_trial":false,"path_per_floor":["M","?","M","?","?","E","R","E","T","R","$","E","$","M","R","B",null,"M","M","?","$","M","R","?","M","T","M"],"character_chosen":"THE_SILENT","items_purchased":["Footwork","Backflip","Footwork","Deadly Poison"],"campfire_rested":2,"item_purchase_floors":[11,11,13,21],"current_hp_per_floor":[59,59,59,59,59,59,59,20,20,38,38,44,44,42,42,41,63,58,36,36,36,1,22,22,10,10,0,0],"gold":62,"neow_bonus":"THREE_ENEMY_KILL","is_daily":false,"chose_seed":false,"campfire_upgraded":2,"win_rate":0.0,"timestamp":1614254385,"path_taken":["M","?","M","?","?","E","R","E","T","R","$","E","?","M","R","BOSS","M","M","?","$","M","R","?","M","T","M"],"items_purchased_type":["Card","Card","Card","Card"],"build_version":"2020-12-22","purchased_purges":0,"victory":false,"max_hp_per_floor":[66,66,66,60,60,60,60,60,60,60,60,70,70,70,70,70,70,70,70,70,70,70,70,70,70,70,70,70],"relic_stats":{"Singing Bowl":0,"counters":[12,65],"Bloody Idol":5,"Pantograph":25,"Blue Candle":[1],"Pandora\u0027s Box":["Quick Slash","Expertise","Wraith Form v2","Bane","Flying Knee","Flechettes","Heel Hook","Corpse Explosion","Corpse Explosion"],"PreservedInsect":61,"obtain_stats":[{"HornCleat":9,"Pear":12,"NeowsBlessing":0,"Singing Bowl":26,"Golden Idol":4,"Ninja Scroll":8,"Pantograph":6,"Blue Candle":20,"Bloody Idol":24,"Pandora\u0027s Box":17,"PreservedInsect":5,"Ring of the Snake":0},{"HornCleat":4,"Pear":5,"NeowsBlessing":0,"Singing Bowl":11,"Golden Idol":2,"Ninja Scroll":4,"Pantograph":3,"Blue Candle":9,"Bloody Idol":10,"Pandora\u0027s Box":7,"PreservedInsect":2,"Ring of the Snake":0},{"HornCleat":9,"Pear":18,"NeowsBlessing":0,"Singing Bowl":62,"Golden Idol":2,"Ninja Scroll":9,"Pantograph":3,"Blue Candle":52,"Bloody Idol":57,"Pandora\u0027s Box":42,"PreservedInsect":2,"Ring of the Snake":0}],"Ring of the Snake":[24]},"card_choices":[{"not_picked":["Acrobatics","Bane","Underhanded Strike"],"picked":"SKIP","floor":1.0},{"not_picked":["Bane","Backflip"],"picked":"Cloak And Dagger","floor":3.0},{"not_picked":["Quick Slash","Dodge and Roll"],"picked":"Blade Dance","floor":6.0},{"not_picked":["Bouncing Flask","Blur"],"picked":"Quick Slash","floor":8.0},{"not_picked":["Bullet Time","Flying Knee"],"picked":"Dash","floor":12.0},{"not_picked":["Sucker Punch","Cloak And Dagger","Dagger Throw"],"picked":"SKIP","floor":14.0},{"not_picked":["Phantasmal Killer","Tools of the Trade"],"picked":"Die Die Die","floor":16.0},{"not_picked":["Poisoned Stab","Dagger Throw","Masterful Stab"],"picked":"SKIP","floor":18.0},{"not_picked":["Riddle With Holes","Flying Knee"],"picked":"Leg Sweep","floor":19.0},{"not_picked":["Quick Slash","Outmaneuver"],"picked":"Noxious Fumes","floor":22},{"not_picked":["Quick Slash+1","Concentrate"],"picked":"Dodge and Roll","floor":25}],"player_experience":1698046,"relics_obtained":[{"floor":6.0,"key":"Pantograph"},{"floor":8.0,"key":"Ninja Scroll"},{"floor":9.0,"key":"HornCleat"},{"floor":12.0,"key":"Pear"},{"floor":26,"key":"Singing Bowl"}],"event_choices":[{"cards_removed":["Strike_G"],"damage_healed":0.0,"max_hp_gain":0.0,"max_hp_loss":0.0,"gold_gain":0.0,"event_name":"The Cleric","player_choice":"Card Removal","floor":2.0,"gold_loss":75.0,"damage_taken":0.0},{"damage_healed":0.0,"max_hp_gain":0.0,"max_hp_loss":6.0,"gold_gain":0.0,"event_name":"Golden Idol","player_choice":"Lose Max HP","floor":4.0,"gold_loss":0.0,"damage_taken":0.0,"relics_obtained":["Golden Idol"]},{"damage_healed":0.0,"max_hp_gain":0.0,"max_hp_loss":0.0,"gold_gain":0.0,"event_name":"Big Fish","player_choice":"Box","floor":5.0,"gold_loss":0.0,"damage_taken":0.0,"relics_obtained":["PreservedInsect"],"cards_obtained":["Regret"]},{"damage_healed":0.0,"max_hp_gain":0.0,"max_hp_loss":0.0,"gold_gain":0.0,"event_name":"Addict","player_choice":"Obtained Relic","floor":20.0,"gold_loss":85.0,"damage_taken":0.0,"relics_obtained":["Blue Candle"]},{"damage_healed":0,"gold_gain":0,"player_choice":"Gave Idol","damage_taken":0,"relics_obtained":["Bloody Idol"],"max_hp_gain":0,"max_hp_loss":0,"event_name":"Forgotten Altar","floor":24,"relics_lost":["Golden Idol"],"gold_loss":0}],"is_beta":false,"boss_relics":[{"not_picked":["Fusion Hammer","Black Star"],"picked":"Pandora\u0027s Box"}],"items_purged_floors":[],"is_endless":false,"potions_floor_spawned":[3,8,12,19,25],"killed_by":"Chosen and Byrds","ascension_level":20}}