{"host":"qmdmcz5nn4dzus5k","time":1614282822,"event":{"mods":["AchievementEnabler","Act Like it!","BaseMod","Bestiary","BetterRewards","Card Filter","Displayed Cursed Tome","Minty Spire (QoL Compilation)","Quick Restart","Relic Filter","Remove Card Discount Mod","Replay The Spire","Ruina","Spicy Shops","StSLib","The Marked","TheHero","Uncapped"],"gold_per_floor":[118,118,49,49,65,65,85,119,145,214,50,81,81,106,106,227,227,250,156,175,28,43,74,74,90,90,131,0,23,23,166,254,384,384,407,407,422,121,135,174,174,87,87,127,127,160,184,184,184,184],"floor_reached":51,"language":"ENG","playtime":3658,"items_purged":["Doubt","Defend_G","Voices","Strike_G","Defend_G","Strike_G","ReplayTheSpireMod:Restless Dread","Decay","Injury","Writhe","Strike_G","Strike_G"],"score":656,"play_id":"442f2d5b-d206-4e00-8eeb-6925bde9f557","local_time":"20210225145342","is_ascension_mode":true,"campfire_choices":[{"data":"Neutralize","floor":6.0,"key":"SMITH"},{"data":"Catalyst","floor":15.0,"key":"SMITH"},{"floor":24.0,"key":"REST"},{"floor":41,"key":"REST"},{"floor":45,"key":"REST"},{"floor":49,"key":"DIG"}],"circlet_count":0,"master_deck":["Strike_G+1","Defend_G+1","Defend_G+1","Defend_G+1","Survivor+1","Neutralize+1","Catalyst+1","Dagger Throw+1","Poisoned Stab+1","Deadly Poison+1","ReplayTheSpireMod:Scrap Shanks+1","Dagger Spray+1","Terror+1","Doppelganger+1","Poisoned Stab+1","Heel Hook+1","Deadly Poison+1","Infinite Blades+1","Slice+1","ReplayTheSpireMod:From All Sides+1","Riddle With Holes+1","Calculated Gamble+1","Night Terror+1","ReplayTheSpireMod:Speed Training+1","Slice+1","Prepared+1","Well Laid Plans+1","Well Laid Plans+1","Good Instincts+1","Pot Of Greed","Pot Of Greed","Pot Of Greed"],"relics":["Ring of the Snake","Blue Doll","Strange Spoon","Pantograph","ClockworkSouvenir","FossilizedHelix","ReplayTheSpireMod:CursedCoin","The Specimen","Ring of Fangs","Molten Egg 2","Nunchaku","Onion Ring","Golden Idol","Fusion Hammer","Ginger","Lee\u0027s Waffle","Turnip","Meat on the Bone","InkBottle","Pear","ruina:Goodbye","WristBlade","Iron Hammer","Replay:Bottled Flurry","Pocketwatch","Bag of Preparation","Gremlin Horn","Mark of the Bloom","Grinning Jar"],"acts_visited":["Exordium","Exordium","TheBeyond"],"potions_floor_usage":[],"damage_taken":[{"damage":0.0,"enemies":"Jaw Worm","floor":1.0,"turns":3.0},{"damage":0.0,"enemies":"Small Slimes","floor":5.0,"turns":4.0},{"damage":0.0,"enemies":"Cultist","floor":7.0,"turns":3.0},{"damage":10.0,"enemies":"Lagavulin","floor":8.0,"turns":4.0},{"damage":9.0,"enemies":"3 Sentries","floor":12.0,"turns":4.0},{"damage":0.0,"enemies":"Large Slime","floor":14.0,"turns":2.0},{"damage":25.0,"enemies":"Hexaghost","floor":16.0,"turns":5.0},{"damage":0.0,"enemies":"ruina:BadWolf","floor":18.0,"turns":2.0},{"damage":33.0,"enemies":"ruina:3_Bats","floor":20.0,"turns":4.0},{"damage":15.0,"enemies":"ruina:Woodsman","floor":22.0,"turns":3.0},{"damage":26.0,"enemies":"ruina:RoadHome","floor":23.0,"turns":6.0},{"damage":0.0,"enemies":"ruina:KingOfGreed","floor":25.0,"turns":3.0},{"damage":30.0,"enemies":"ruina:Mountain","floor":27.0,"turns":6.0},{"damage":18.0,"enemies":"ruina:KnightOfDespair","floor":29.0,"turns":4.0},{"damage":25.0,"enemies":"ruina:Ozma","floor":33.0,"turns":6.0},{"damage":8.0,"enemies":"Orb Walker","floor":35.0,"turns":3.0},{"damage":10,"enemies":"3 Darklings","floor":37,"turns":2},{"damage":0,"enemies":"4 Shapes","floor":39,"turns":2},{"damage":3,"enemies":"R_Hoarder","floor":40,"turns":4},{"damage":26,"enemies":"Nemesis","floor":44,"turns":5},{"damage":0,"enemies":"R_Hoarder","floor":46,"turns":4},{"damage":0,"enemies":"Maw","floor":47,"turns":3},{"damage":15,"enemies":"Replay:Hell Engine","floor":50,"turns":3}],"seed_played":"7124717792484698059","potions_obtained":[{"floor":8.0,"key":"Fruit Juice"},{"floor":12.0,"key":"Doom Potion"},{"floor":14.0,"key":"GamblersBrew"},{"floor":44,"key":"GamblersBrew"},{"floor":46,"key":"PowerPotion"}],"is_trial":false,"path_per_floor":["M","?","$","?","M","R","M","E","T","?","$","E","?","M","R","B",null,"M","$","M","$","M","E","R","M","T","E","$","M","?","?","R","B",null,"M","?","M","$","M","E","R","$","T","E","R","E","M","?","R","B",null],"character_chosen":"THE_SILENT","items_purchased":["Blue Doll","Strange Spoon","Pantograph","ClockworkSouvenir","FossilizedHelix","Catalyst","Dagger Throw","ReplayTheSpireMod:CursedCoin","Poisoned Stab","ReplayTheSpireMod:Scrap Shanks+1","Dagger Spray+1","Ginger","Lee\u0027s Waffle","Pear","Slice+1","Iron Hammer","Slice+1","Well Laid Plans","Good Instincts"],"campfire_rested":3,"item_purchase_floors":[0,0,0,0,0,0,0,0,3,11,11,19,21,28,28,38,38,42,42],"current_hp_per_floor":[70,70,70,70,70,70,70,65,65,65,65,56,56,56,56,50,75,75,75,42,82,67,41,65,65,65,47,57,51,51,51,51,51,92,84,84,74,74,74,71,92,92,92,66,92,92,92,92,92,77],"gold":184,"neow_bonus":"","is_daily":false,"chose_seed":false,"campfire_upgraded":2,"win_rate":0.0,"timestamp":1614282822,"path_taken":["M","?","$","?","M","R","M","E","T","?","$","E","?","M","R","BOSS","M","$","M","$","M","E","R","M","T","E","$","M","?","?","R","BOSS","M","?","?","$","M","E","R","$","T","E","R","E","M","?","R","BOSS"],"items_purchased_type":["Relic","Relic","Relic","Relic","Relic","Card","Card","Relic","Card","Card","Card","Relic","Relic","Relic","Card","Relic","Card","Card","Card"],"build_version":"2020-12-22","purchased_purges":12,"victory":true,"max_hp_per_floor":[70,70,70,70,70,70,70,75,75,75,75,75,75,75,75,75,75,75,75,75,82,82,82,82,82,82,82,92,92,92,92,92,92,92,92,92,92,92,92,92,92,92,92,92,92,92,92,92,92,92],"card_choices":[{"not_picked":["Distraction","Dagger Spray","Deflect"],"picked":"SKIP","floor":1.0},{"not_picked":["PiercingWail","Eviscerate","All Out Attack"],"picked":"SKIP","floor":5.0},{"not_picked":["Bane","Dagger Throw"],"picked":"Deadly Poison","floor":7.0},{"not_picked":["Sneak Up","Acrobatics","Deadly Poison"],"picked":"SKIP","floor":8.0},{"not_picked":["ReplayTheSpireMod:Tripwire","Deadly Poison"],"picked":"Terror","floor":12.0},{"not_picked":["Deflect","Storm of Steel","Cloak And Dagger"],"picked":"SKIP","floor":14.0},{"not_picked":["Die Die Die+1","Phantasmal Killer"],"picked":"Doppelganger","floor":16.0},{"not_picked":["Flying Knee+1","ReplayTheSpireMod:Tripwire"],"picked":"Poisoned Stab+1","floor":18.0},{"not_picked":["Deflect","Bane+1","Leg Sweep"],"picked":"SKIP","floor":20.0},{"not_picked":["ReplayTheSpireMod:Tripwire","Dagger Spray+1"],"picked":"Heel Hook+1","floor":22.0},{"not_picked":["Choke+1","Outmaneuver"],"picked":"Deadly Poison+1","floor":23.0},{"not_picked":["Bane+1","Dagger Spray+1"],"picked":"Infinite Blades","floor":25.0},{"not_picked":["Sneak Up","Bane+1","Choke+1"],"picked":"SKIP","floor":27.0},{"not_picked":["Masterful Stab+1","Finisher+1"],"picked":"ReplayTheSpireMod:From All Sides+1","floor":29.0},{"not_picked":["Noxious Fumes","Acrobatics"],"picked":"Riddle With Holes+1","floor":31.0},{"not_picked":["Skewer+1","Slice+1"],"picked":"Calculated Gamble","floor":31.0},{"not_picked":["ReplayTheSpireMod:From All Sides+1","Doppelganger"],"picked":"Night Terror","floor":33.0},{"not_picked":["Acrobatics","Dodge and Roll"],"picked":"ReplayTheSpireMod:Speed Training","floor":35.0},{"not_picked":["Blur+1","Flying Knee+1","Acrobatics+1"],"picked":"SKIP","floor":37},{"not_picked":["Deflect+1","Outmaneuver+1"],"picked":"Prepared+1","floor":39},{"not_picked":["Riddle With Holes+1","Outmaneuver","ReplayTheSpireMod:Shiv Toss"],"picked":"SKIP","floor":40},{"not_picked":["Distraction+1","Caltrops","Sucker Punch+1"],"picked":"SKIP","floor":44},{"not_picked":["Dagger Spray+1","Prepared+1","Underhanded Strike+1"],"picked":"SKIP","floor":46},{"not_picked":["Bane+1","Deflect","Escape Plan+1"],"picked":"SKIP","floor":47}],"player_experience":102841,"relics_obtained":[{"floor":4.0,"key":"Ring of Fangs"},{"floor":8.0,"key":"Molten Egg 2"},{"floor":9.0,"key":"Nunchaku"},{"floor":12.0,"key":"Onion Ring"},{"floor":23.0,"key":"Turnip"},{"floor":26.0,"key":"Meat on the Bone"},{"floor":27.0,"key":"InkBottle"},{"floor":40,"key":"Replay:Bottled Flurry"},{"floor":43,"key":"Pocketwatch"},{"floor":44,"key":"Bag of Preparation"},{"floor":46,"key":"Gremlin Horn"},{"floor":49,"key":"Grinning Jar"}],"event_choices":[{"damage_healed":0.0,"max_hp_gain":0.0,"max_hp_loss":0.0,"gold_gain":0.0,"event_name":"Living Wall","player_choice":"Grow","floor":2.0,"gold_loss":0.0,"damage_taken":0.0,"cards_upgraded":["Dagger Throw"]},{"damage_healed":0.0,"max_hp_gain":0.0,"max_hp_loss":0.0,"gold_gain":69.0,"event_name":"Golden Wing","player_choice":"Gained Gold","floor":10.0,"gold_loss":0.0,"damage_taken":0.0},{"damage_healed":0.0,"max_hp_gain":0.0,"max_hp_loss":0.0,"gold_gain":0.0,"event_name":"Golden Idol","player_choice":"Take Wound","floor":13.0,"gold_loss":0.0,"damage_taken":0.0,"relics_obtained":["Golden Idol"],"cards_obtained":["Injury"]},{"damage_healed":0.0,"max_hp_gain":0.0,"max_hp_loss":0.0,"gold_gain":0.0,"event_name":"Transmorgrifier","player_choice":"Ignored","floor":36.0,"gold_loss":0.0,"damage_taken":0.0},{"damage_healed":0,"gold_gain":0,"player_choice":"Upgrade","damage_taken":0,"relics_obtained":["Mark of the Bloom"],"max_hp_gain":0,"max_hp_loss":0,"event_name":"MindBloom","floor":48,"gold_loss":0,"cards_upgraded":["Strike_G","Defend_G","Defend_G","Defend_G","Survivor","Poisoned Stab","Deadly Poison","Terror","Doppelganger","Infinite Blades","Calculated Gamble","Night Terror","ReplayTheSpireMod:Speed Training","Well Laid Plans","Well Laid Plans","Good Instincts"]}],"is_beta":false,"boss_relics":[{"not_picked":["Replay:Bronze Core","Tiny House"],"picked":"Fusion Hammer"},{"not_picked":["HoveringKite","Ring of the Serpent"],"picked":"WristBlade"}],"items_purged_floors":[0,0,0,3,3,3,11,28,28,38,38,38],"is_endless":false,"potions_floor_spawned":[8,12,14,25,27,39,44,46],"ascension_level":1}}