{"host":"fs9fti79x98y0ceq","time":1614265312,"event":{"mods":["AchievementEnabler","BaseMod","Colored Map","Custom Start","DeckTracker","Hermit","KOR Keyword Fix","Minty Spire (QoL Compilation)","Relic Stats","StSLib","SuperFastMode","everything is the same but u backflip on backflip"],"gold_per_floor":[110,110,126,138,138,138,167,167,167,167,187,187,212,102,102,102,102],"floor_reached":16,"language":"KOR","playtime":385,"items_purged":["Defend_P"],"score":167,"play_id":"1dd53ecc-c2c6-4c8a-8325-968e016d59ef","local_time":"20210226000152","is_ascension_mode":true,"campfire_choices":[{"data":"Eruption","floor":6,"key":"SMITH"},{"data":"InnerPeace","floor":10,"key":"SMITH"},{"floor":12,"key":"REST"},{"data":"MentalFortress","floor":15,"key":"SMITH"}],"circlet_count":0,"master_deck":["AscendersBane","Strike_P","Strike_P","Strike_P","Defend_P","Defend_P","Eruption+1","Vigilance+1","EmptyFist","InnerPeace+1","TalkToTheHand+1","MentalFortress+1"],"relics":["PureWater","NeowsBlessing","HornCleat","Odd Mushroom"],"acts_visited":["Exordium"],"potions_floor_usage":[13,16],"damage_taken":[{"damage":0,"enemies":"Small Slimes","floor":1,"turns":2},{"damage":0,"enemies":"Cultist","floor":3,"turns":1},{"damage":0,"enemies":"2 Louse","floor":4,"turns":1},{"damage":26,"enemies":"Lagavulin","floor":7,"turns":8},{"damage":18,"enemies":"Large Slime","floor":11,"turns":8},{"damage":1,"enemies":"The Mushroom Lair","floor":13,"turns":4},{"damage":31,"enemies":"Slime Boss","floor":16,"turns":8}],"seed_played":"3270853616915535601","potions_obtained":[{"floor":1,"key":"SkillPotion"},{"floor":11,"key":"SneckoOil"}],"is_trial":false,"path_per_floor":["M","?","M","M","?","R","E","?","T","R","M","R","?","$","R","B"],"character_chosen":"WATCHER","items_purchased":["MentalFortress"],"campfire_rested":1,"item_purchase_floors":[14],"current_hp_per_floor":[61,61,61,61,61,61,35,21,21,21,3,23,22,22,22,0,0],"gold":102,"neow_bonus":"THREE_ENEMY_KILL","is_daily":false,"chose_seed":false,"campfire_upgraded":3,"win_rate":0.0,"timestamp":1614265312,"path_taken":["M","?","M","?","?","R","E","?","T","R","?","R","?","?","R","BOSS"],"items_purchased_type":["Card"],"build_version":"2020-12-22","purchased_purges":1,"victory":false,"max_hp_per_floor":[68,68,68,68,68,68,68,68,68,68,68,68,68,68,68,68,68],"relic_stats":{"counters":[7,32],"obtain_stats":[{"HornCleat":7,"NeowsBlessing":0,"PureWater":0,"Odd Mushroom":13},{"HornCleat":4,"NeowsBlessing":0,"PureWater":0,"Odd Mushroom":6},{"HornCleat":12,"NeowsBlessing":0,"PureWater":0,"Odd Mushroom":24}]},"card_choices":[{"not_picked":["Fasting2","Sanctity","ClearTheMind"],"picked":"SKIP","floor":1},{"not_picked":["WindmillStrike","DeceiveReality","WheelKick"],"picked":"SKIP","floor":3},{"not_picked":["Protect","FlurryOfBlows"],"picked":"EmptyFist","floor":4},{"not_picked":["Evaluate","EmptyMind"],"picked":"TalkToTheHand","floor":7},{"not_picked":["SpiritShield","WindmillStrike","Consecrate"],"picked":"SKIP","floor":11}],"player_experience":420608,"relics_obtained":[{"floor":7,"key":"HornCleat"},{"floor":13,"key":"Odd Mushroom"}],"event_choices":[{"cards_removed":["Defend_P"],"damage_healed":0,"gold_gain":0,"player_choice":"Offered Basic","damage_taken":0,"max_hp_gain":0,"max_hp_loss":0,"event_name":"Bonfire Elementals","floor":2,"gold_loss":0},{"damage_healed":0,"gold_gain":0,"cards_transformed":["Strike_P"],"player_choice":"Change","damage_taken":0,"max_hp_gain":0,"max_hp_loss":0,"event_name":"Living Wall","floor":5,"gold_loss":0,"cards_obtained":["InnerPeace"]},{"damage_healed":0,"gold_gain":0,"player_choice":"Entered Light","damage_taken":14,"max_hp_gain":0,"max_hp_loss":0,"event_name":"Shining Light","floor":8,"gold_loss":0,"cards_upgraded":["TalkToTheHand","Vigilance"]},{"damage_healed":0,"gold_gain":0,"player_choice":"Fought Mushrooms","damage_taken":0,"max_hp_gain":0,"max_hp_loss":0,"event_name":"Mushrooms","floor":13,"gold_loss":0}],"is_beta":false,"boss_relics":[],"items_purged_floors":[14],"is_endless":false,"potions_floor_spawned":[1,11],"killed_by":"Slime Boss","ascension_level":14}}