{"host":"sim2kxx81cjsn49b","time":1614235273,"event":{"mods":["ATMod(°¢èªMod)","BaseMod","Minty Spire (QoL Compilation)","Reliquary","StSLib","TestMod","Waifu the Spire","¡¾ÒÅÎï¿¨ÅÆ¡¿REMEMod"],"gold_per_floor":[112,122,132,148,162,162,193,193,265,340,93,93,105,120,120,193,193,205,0,11,371,8,68,0,0],"floor_reached":24,"language":"ZHS","playtime":632,"items_purged":["Defend_P"],"score":536,"play_id":"7ff0fe87-f3fb-477a-b924-886135fb7f66","local_time":"20210225144113","is_ascension_mode":true,"campfire_choices":[{"floor":6.0,"key":"REST"},{"floor":8.0,"key":"REST"},{"floor":15.0,"key":"REST"}],"circlet_count":0,"master_deck":["AscendersBane","Strike_P","Strike_P","Strike_P","Strike_P","Defend_P","Defend_P","Eruption+1","Vigilance","Meditate+1","AT_KingSlayer+1","TalkToTheHand+1","BowlingBash","REME_HeartOfCthun+1","AT_RealFormLess","FearNoEvil+1","Tantrum+1","Adaptation"],"relics":["PureWater","testmod-TestBox","AT_ATBox","REME_ComplimentaryCards","testmod-BloodSacrificeSpiritualization","NeowsBlessing","Letter Opener","testmod-Faith","testmod-DeterminationOfClimber","AT_SilvercatRing","reliquary:MudwinsCradle","testmod-Maize"],"acts_visited":["TheCity"],"potions_floor_usage":[23],"damage_taken":[{"damage":6.0,"enemies":"Jaw Worm","floor":1.0,"turns":1.0},{"damage":6.0,"enemies":"Cultist","floor":2.0,"turns":1.0},{"damage":21.0,"enemies":"2 Louse","floor":3.0,"turns":2.0},{"damage":9.0,"enemies":"Lots of Slimes","floor":4.0,"turns":4.0},{"damage":15.0,"enemies":"Exordium Wildlife","floor":5.0,"turns":4.0},{"damage":8.0,"enemies":"3 Sentries","floor":7.0,"turns":3.0},{"damage":6.0,"enemies":"2 Fungi Beasts","floor":13.0,"turns":1.0},{"damage":6.0,"enemies":"Gremlin Gang","floor":14.0,"turns":1.0},{"damage":0.0,"enemies":"Slime Boss","floor":16.0,"turns":4.0},{"damage":6.0,"enemies":"Spheric Guardian","floor":18.0,"turns":2.0},{"damage":0.0,"enemies":"2 Thieves","floor":20.0,"turns":1.0},{"damage":29,"enemies":"Book of Stabbing","floor":23,"turns":3}],"seed_played":"-1214407652015446533","potions_obtained":[{"floor":1.0,"key":"BottledMiracle"},{"floor":5.0,"key":"PowerPotion"},{"floor":13.0,"key":"FairyPotion"},{"floor":16.0,"key":"SpeedPotion"},{"floor":18.0,"key":"REME_GoldPotion"}],"is_trial":false,"path_per_floor":["M","M","M","M","M","R","E","R","T","?","$","?","M","M","R","B",null,"M","$","M","?","$","E","$"],"character_chosen":"WATCHER","items_purchased":["testmod-Faith","REME_HeartOfCthun","AT_SilvercatRing","reliquary:MudwinsCradle","Adaptation"],"campfire_rested":3,"item_purchase_floors":[11,11,19,22,22],"current_hp_per_floor":[55,49,28,19,4,24,16,36,36,25,25,25,19,13,33,33,59,56,42,43,7,7,8,0,0],"gold":0,"neow_bonus":"THREE_ENEMY_KILL","is_daily":false,"chose_seed":false,"campfire_upgraded":0,"win_rate":0.0,"timestamp":1614235273,"path_taken":["M","M","M","M","M","R","E","R","T","?","$","?","M","?","R","BOSS","M","$","M","?","$","E","?"],"items_purchased_type":["Relic","Card","Relic","Relic","Card"],"build_version":"2020-12-22","purchased_purges":1,"victory":false,"max_hp_per_floor":[68,68,68,68,68,68,68,68,68,68,68,68,68,68,68,68,68,68,68,68,68,68,68,68,68],"card_choices":[{"not_picked":["Evaluate","EmptyBody","FlyingSleeves"],"picked":"SKIP","floor":1.0},{"not_picked":["FlurryOfBlows","Weave"],"picked":"TalkToTheHand","floor":2.0},{"not_picked":["REME_Repentance","AT_RealColorLess","Weave"],"picked":"SKIP","floor":3.0},{"not_picked":["Protect","PathToVictory"],"picked":"BowlingBash","floor":4.0},{"not_picked":["ThirdEye","CrushJoints","CutThroughFate"],"picked":"SKIP","floor":5.0},{"not_picked":["SashWhip","Nirvana","ThirdEye"],"picked":"SKIP","floor":7.0},{"not_picked":["Wallop","EmptyBody"],"picked":"FearNoEvil","floor":13.0},{"not_picked":["Conclude","SashWhip","Consecrate"],"picked":"SKIP","floor":14.0},{"not_picked":["BowlingBash","Conclude","ThirdEye"],"picked":"SKIP","floor":18.0},{"not_picked":["REME_Repentance","Consecrate+1"],"picked":"Tantrum","floor":20.0},{"not_picked":["JustLucky+1","EmptyFist","CrushJoints"],"picked":"SKIP","floor":23}],"player_experience":641792,"relics_obtained":[{"floor":7.0,"key":"Letter Opener"},{"floor":23,"key":"testmod-Maize"}],"event_choices":[{"damage_healed":0.0,"max_hp_gain":0.0,"max_hp_loss":0.0,"gold_gain":75.0,"event_name":"World of Goop","player_choice":"Gather Gold","floor":10.0,"gold_loss":0.0,"damage_taken":11.0},{"damage_healed":0.0,"max_hp_gain":0.0,"max_hp_loss":0.0,"gold_gain":0.0,"cards_transformed":["Defend_P"],"event_name":"Transmorgrifier","player_choice":"Transformed","floor":12.0,"gold_loss":0.0,"damage_taken":0.0,"cards_obtained":["AT_RealFormLess"]},{"damage_healed":0,"gold_gain":360,"player_choice":"GOLD GOLD GOLD GOLD ","damage_taken":36,"max_hp_gain":0,"max_hp_loss":0,"event_name":"Knowing Skull","floor":21,"potions_obtained":[],"gold_loss":0,"cards_obtained":[]}],"is_beta":false,"boss_relics":[{"not_picked":["REME_LowDesire","testmod-PortableAltar"],"picked":"testmod-DeterminationOfClimber"}],"items_purged_floors":[11],"is_endless":false,"potions_floor_spawned":[1,5,13,16,18],"ascension_level":20}}