{"host":"7jbuhzz8yy5cuou7","time":1614217877,"event":{"mods":["AchievementEnabler","Act Like it!","BaseMod","Better Third Choice","Bossed Relics","Colored Map","Colored Powertips","Dark Map","DeckTracker","Minty Spire (QoL Compilation)","Permanent Neow","Quick Restart","Ruina","StSLib","The Cursed","The Hierophant","Weighted Paths"],"gold_per_floor":[219,239,239,239,239,270,270,311,311,336,20,20,56,75,75,75,75],"floor_reached":16,"language":"ENG","playtime":2329,"items_purged":["Strike_R"],"score":177,"play_id":"6e381552-1677-4d31-a3ed-525d7ea32051","local_time":"20210224185117","is_ascension_mode":true,"campfire_choices":[{"data":"Whirlwind","floor":7,"key":"SMITH"},{"data":"Feed","floor":15,"key":"SMITH"}],"circlet_count":0,"master_deck":["AscendersBane","Strike_R","Strike_R","Strike_R","Strike_R","Defend_R","Defend_R","Defend_R+1","Defend_R+1","Bash","Whirlwind+1","Thunderclap+1","Fire Breathing","Shockwave","Finesse","Feed+1","Spot Weakness"],"relics":["Burning Blood","Golden Idol","Ornamental Fan","Strawberry","Omamori","PreservedInsect","Akabeko","Pen Nib"],"acts_visited":["Exordium"],"potions_floor_usage":[6,13],"damage_taken":[{"damage":7,"enemies":"2 Louse","floor":1,"turns":5},{"damage":0,"enemies":"Small Slimes","floor":2,"turns":3},{"damage":20,"enemies":"3 Sentries","floor":6,"turns":4},{"damage":50,"enemies":"Lagavulin","floor":8,"turns":8},{"damage":4,"enemies":"Jaw Worm","floor":10,"turns":3},{"damage":8,"enemies":"3 Sentries","floor":13,"turns":2},{"damage":0,"enemies":"2 Fungi Beasts","floor":14,"turns":2},{"damage":25,"enemies":"The Guardian","floor":16,"turns":6}],"seed_played":"2604811124024435133","potions_obtained":[{"floor":1,"key":"FairyPotion"},{"floor":2,"key":"Energy Potion"},{"floor":8,"key":"Explosive Potion"}],"is_trial":false,"path_per_floor":["M","M","?","?","?","E","R","E","T","M","$","T","E","M","R","B"],"character_chosen":"IRONCLAD","items_purchased":["PreservedInsect","Finesse"],"campfire_rested":0,"item_purchase_floors":[11,11],"current_hp_per_floor":[71,77,74,59,59,45,45,35,35,37,37,37,35,41,41,16,16],"gold":75,"neow_bonus":"HUNDRED_GOLD","is_daily":false,"chose_seed":false,"campfire_upgraded":2,"win_rate":0.0,"timestamp":1614217877,"path_taken":["M","M","?","?","?","E","R","E","T","M","$","?","E","M","R","BOSS"],"items_purchased_type":["Relic","Card"],"build_version":"2020-12-22","purchased_purges":1,"victory":false,"max_hp_per_floor":[80,80,74,74,74,74,74,81,81,81,81,81,81,81,81,81,81],"card_choices":[{"not_picked":["Clash","Intimidate"],"picked":"Whirlwind","floor":1},{"not_picked":["Feel No Pain","Flex"],"picked":"Thunderclap","floor":2},{"not_picked":["Body Slam","Power Through"],"picked":"Fire Breathing","floor":6},{"not_picked":["Havoc","Fire Breathing","Flex"],"picked":"SKIP","floor":8},{"not_picked":["Clothesline","Cleave"],"picked":"Shockwave","floor":10},{"not_picked":["Headbutt","Thunderclap"],"picked":"Feed","floor":13},{"not_picked":["Twin Strike","Dropkick"],"picked":"Spot Weakness","floor":14}],"player_experience":441776,"relics_obtained":[{"floor":6,"key":"Ornamental Fan"},{"floor":8,"key":"Strawberry"},{"floor":9,"key":"Omamori"},{"floor":12,"key":"Akabeko"},{"floor":13,"key":"Pen Nib"}],"event_choices":[{"damage_healed":0,"gold_gain":0,"player_choice":"Lose Max HP","damage_taken":0,"relics_obtained":["Golden Idol"],"max_hp_gain":0,"max_hp_loss":6,"event_name":"Golden Idol","floor":3,"gold_loss":0},{"damage_healed":74,"gold_gain":0,"player_choice":"Upgrade","damage_taken":15,"max_hp_gain":0,"max_hp_loss":74,"event_name":"betterThird:BetterShining","floor":4,"gold_loss":0,"cards_upgraded":["Defend_R","Defend_R"]},{"damage_healed":0,"gold_gain":0,"player_choice":"Grow","damage_taken":0,"max_hp_gain":0,"max_hp_loss":0,"event_name":"Living Wall","floor":5,"gold_loss":0,"cards_upgraded":["Thunderclap"]}],"is_beta":false,"boss_relics":[],"items_purged_floors":[11],"is_endless":false,"potions_floor_spawned":[1,2,8],"killed_by":"The Guardian","ascension_level":10}}