{"host":"adi","time":1614255875,"event":{"mods":["AchievementEnabler","BaseMod","Bestiary","Colored Powertips","Minty Spire (QoL Compilation)","StSLib"],"gold_per_floor":[110,110,110,110,110,144,144,161,186,186,107,127,127,137,151,151,256,256,268,268,279,293,218,218,234,234,234,244,244,255,255,255],"floor_reached":31,"language":"ENG","playtime":1166,"items_purged":[],"score":237,"play_id":"952fdb23-c9b9-4376-a318-38a40c39343e","local_time":"20210225132435","is_ascension_mode":false,"campfire_choices":[{"data":"Berserk","floor":7.0,"key":"SMITH"},{"data":"Rupture","floor":16.0,"key":"SMITH"},{"floor":24.0,"key":"REST"},{"floor":29,"key":"REST"}],"circlet_count":0,"master_deck":["Strike_R","Strike_R+1","Strike_R","Defend_R","Defend_R+1","Defend_R","Defend_R","Bash","Berserk+1","Shockwave","Combust","Rupture+1","Inflame","Inflame","Offering","Battle Trance","Twin Strike","Sword Boomerang"],"relics":["Burning Blood","Blue Candle","Smiling Mask","Bottled Lightning","SlaversCollar","Pocketwatch","Darkstone Periapt"],"acts_visited":["Exordium","TheCity"],"potions_floor_usage":[],"damage_taken":[{"damage":10.0,"enemies":"Small Slimes","floor":1.0,"turns":4.0},{"damage":19.0,"enemies":"Lagavulin","floor":6.0,"turns":9.0},{"damage":5.0,"enemies":"2 Louse","floor":8.0,"turns":4.0},{"damage":5.0,"enemies":"Cultist","floor":12.0,"turns":3.0},{"damage":13.0,"enemies":"3 Louse","floor":14.0,"turns":5.0},{"damage":14.0,"enemies":"Blue Slaver","floor":15.0,"turns":5.0},{"damage":21.0,"enemies":"The Guardian","floor":17.0,"turns":7.0},{"damage":42.0,"enemies":"Spheric Guardian","floor":19.0,"turns":6.0},{"damage":20.0,"enemies":"3 Byrds","floor":21.0,"turns":4.0},{"damage":24.0,"enemies":"Shelled Parasite and Fungi","floor":22.0,"turns":5.0},{"damage":25.0,"enemies":"Snake Plant","floor":25.0,"turns":3.0},{"damage":21,"enemies":"Centurion and Healer","floor":28,"turns":5},{"damage":14,"enemies":"3 Cultists","floor":30,"turns":4},{"damage":41,"enemies":"Snecko","floor":31,"turns":6}],"seed_played":"7236303795701884326","potions_obtained":[{"floor":1.0,"key":"SneckoOil"},{"floor":6.0,"key":"BloodPotion"},{"floor":19.0,"key":"DuplicationPotion"},{"floor":30,"key":"GamblersBrew"}],"is_trial":false,"path_per_floor":["M","?","?","?","?","E","R","M","T","T","$","M","?","M","M","R","B",null,"M","?","M","M","?","R","M","T","T","M","R","M","M"],"character_chosen":"IRONCLAD","items_purchased":["Inflame"],"campfire_rested":2,"item_purchase_floors":[11],"current_hp_per_floor":[76,60,53,53,53,40,40,41,41,41,41,42,62,55,47,47,32,80,44,44,30,27,27,50,31,31,31,16,39,31,0,0],"gold":255,"neow_bonus":"ONE_RANDOM_RARE_CARD","is_daily":false,"chose_seed":false,"campfire_upgraded":2,"win_rate":0.0,"timestamp":1614255875,"path_taken":["M","?","?","?","?","E","R","M","T","T","$","M","?","M","M","R","BOSS","M","?","M","?","?","R","M","?","T","M","R","M","M"],"items_purchased_type":["Card"],"build_version":"2020-12-18","purchased_purges":0,"victory":false,"max_hp_per_floor":[80,80,80,80,80,80,80,80,80,80,80,80,80,80,80,80,80,80,80,77,77,77,77,77,77,77,77,77,77,77,77,77],"card_choices":[{"not_picked":["Evolve","Headbutt"],"picked":"Shockwave","floor":1.0},{"not_picked":["Anger","Clash"],"picked":"Combust","floor":6.0},{"not_picked":["Pommel Strike","Heavy Blade"],"picked":"Rupture","floor":8.0},{"not_picked":["Warcry","Iron Wave","Fire Breathing"],"picked":"SKIP","floor":12.0},{"not_picked":["Flex","Heavy Blade"],"picked":"Inflame","floor":14.0},{"not_picked":["Second Wind","Body Slam","Intimidate"],"picked":"SKIP","floor":15.0},{"not_picked":["Reaper","Demon Form"],"picked":"Offering","floor":17.0},{"not_picked":["Rupture","Intimidate"],"picked":"Battle Trance","floor":19.0},{"not_picked":["Armaments+1","Anger+1"],"picked":"Twin Strike","floor":21.0},{"not_picked":["Warcry+1","Iron Wave"],"picked":"Sword Boomerang","floor":22.0},{"not_picked":["Corruption","Battle Trance+1","Iron Wave"],"picked":"SKIP","floor":25.0},{"not_picked":["Reckless Charge+1","Whirlwind","Body Slam"],"picked":"SKIP","floor":28},{"not_picked":["Flex","Wild Strike","Intimidate"],"picked":"SKIP","floor":30}],"player_experience":453954,"relics_obtained":[{"floor":6.0,"key":"Blue Candle"},{"floor":9.0,"key":"Smiling Mask"},{"floor":10.0,"key":"Bottled Lightning"},{"floor":26.0,"key":"Pocketwatch"},{"floor":27,"key":"Darkstone Periapt"}],"event_choices":[{"damage_healed":0.0,"max_hp_gain":0.0,"max_hp_loss":0.0,"gold_gain":0.0,"event_name":"Shining Light","player_choice":"Entered Light","floor":2.0,"gold_loss":0.0,"damage_taken":16.0,"cards_upgraded":["Defend_R","Strike_R"]},{"cards_removed":["Strike_R"],"damage_healed":0.0,"max_hp_gain":0.0,"max_hp_loss":0.0,"gold_gain":0.0,"event_name":"Golden Wing","player_choice":"Card Removal","floor":3.0,"gold_loss":0.0,"damage_taken":7.0},{"damage_healed":0.0,"max_hp_gain":0.0,"max_hp_loss":0.0,"gold_gain":0.0,"event_name":"Golden Idol","player_choice":"Ignored","floor":4.0,"gold_loss":0.0,"damage_taken":0.0},{"damage_healed":0.0,"max_hp_gain":0.0,"max_hp_loss":0.0,"gold_gain":0.0,"event_name":"Liars Game","player_choice":"Ignored","floor":5.0,"gold_loss":0.0,"damage_taken":0.0},{"damage_healed":20.0,"max_hp_gain":0.0,"max_hp_loss":0.0,"gold_gain":0.0,"event_name":"Mushrooms","player_choice":"Healed and dodged fight","floor":13.0,"gold_loss":0.0,"damage_taken":0.0,"cards_obtained":["Parasite"]},{"cards_removed":["Parasite"],"damage_healed":0.0,"max_hp_gain":0.0,"max_hp_loss":0.0,"gold_gain":0.0,"event_name":"Purifier","player_choice":"Purged","floor":20.0,"gold_loss":0.0,"damage_taken":0.0},{"cards_removed":["Strike_R"],"damage_healed":0.0,"max_hp_gain":0.0,"max_hp_loss":0.0,"gold_gain":0.0,"event_name":"Beggar","player_choice":"Gave Gold","floor":23.0,"gold_loss":75.0,"damage_taken":0.0}],"is_beta":true,"boss_relics":[{"not_picked":["Busted Crown","Tiny House"],"picked":"SlaversCollar"}],"items_purged_floors":[],"is_endless":false,"potions_floor_spawned":[1,6,19,30],"killed_by":"Snecko","ascension_level":0}}