{"host":"sav7uxregyirlf69","time":1614235520,"event":{"mods":["AchievementEnabler","BaseMod","Colored Map","DeckTracker","Keyboard Shortcuts","Minty Spire (QoL Compilation)","READ ME - Guardian Mod","StSLib","SuperFastMode"],"gold_per_floor":[116,116,116,116,1,36,36,111,111,111,130,130,154,169,169,169,169],"floor_reached":16,"language":"KOR","playtime":158,"items_purged":["Normality"],"score":196,"play_id":"846a07e8-a25d-46be-ba3b-08b62ef8cf81","local_time":"20210225154520","is_ascension_mode":true,"campfire_choices":[{"floor":7,"key":"REST"},{"floor":10,"key":"REST"},{"data":"Evolve","floor":12,"key":"SMITH"},{"data":"Fire Breathing","floor":15,"key":"SMITH"}],"circlet_count":0,"master_deck":["AscendersBane","Strike_R","Strike_R","Strike_R","Strike_R","Strike_R","Defend_R","Defend_R","Defend_R","Defend_R","Bash","Mayhem","Battle Trance","Fire Breathing+1","Power Through","Evolve+1","Shrug It Off","Pommel Strike"],"relics":["Burning Blood","Golden Idol","Pen Nib","Smiling Mask","InkBottle"],"acts_visited":["Exordium"],"potions_floor_usage":[16],"damage_taken":[{"damage":12,"enemies":"Jaw Worm","floor":1,"turns":3},{"damage":15,"enemies":"3 Sentries","floor":6,"turns":4},{"damage":9,"enemies":"Small Slimes","floor":11,"turns":4},{"damage":4,"enemies":"2 Louse","floor":13,"turns":5},{"damage":16,"enemies":"Blue Slaver","floor":14,"turns":4},{"damage":31,"enemies":"The Guardian","floor":16,"turns":2}],"seed_played":"3211240612218189312","potions_obtained":[{"floor":13,"key":"ColorlessPotion"}],"is_trial":false,"path_per_floor":["M","?","?","?","$","E","R","?","T","R","M","R","M","M","R","B"],"character_chosen":"IRONCLAD","items_purchased":["Fire Breathing"],"campfire_rested":2,"item_purchase_floors":[5],"current_hp_per_floor":[62,36,18,18,18,9,31,20,20,42,39,39,41,31,31,0,0],"gold":169,"neow_bonus":"RANDOM_COLORLESS_2","is_daily":false,"chose_seed":false,"campfire_upgraded":2,"win_rate":0.0,"timestamp":1614235520,"path_taken":["M","?","?","?","$","E","R","?","T","R","M","R","?","?","R","BOSS"],"items_purchased_type":["Card"],"build_version":"2020-12-22","purchased_purges":1,"victory":false,"max_hp_per_floor":[75,75,75,75,75,75,75,75,75,75,75,75,75,75,75,75,75],"card_choices":[{"not_picked":["Magnetism","Sadistic Nature"],"picked":"Mayhem","floor":0},{"not_picked":["Iron Wave","Havoc"],"picked":"Battle Trance","floor":1},{"not_picked":["Battle Trance","Fiend Fire"],"picked":"Power Through","floor":6},{"not_picked":["True Grit","Havoc"],"picked":"Evolve","floor":11},{"not_picked":["Rage","Rupture"],"picked":"Shrug It Off","floor":13},{"not_picked":["Ghostly Armor","Havoc"],"picked":"Pommel Strike","floor":14}],"player_experience":1694778,"relics_obtained":[{"floor":6,"key":"Smiling Mask"},{"floor":9,"key":"InkBottle"}],"event_choices":[{"damage_healed":0,"gold_gain":0,"player_choice":"Take Damage","damage_taken":26,"relics_obtained":["Golden Idol"],"max_hp_gain":0,"max_hp_loss":0,"event_name":"Golden Idol","floor":2,"gold_loss":0},{"damage_healed":0,"gold_gain":0,"player_choice":"Success","damage_taken":18,"relics_obtained":["Pen Nib"],"max_hp_gain":0,"max_hp_loss":0,"event_name":"Scrap Ooze","floor":3,"gold_loss":0},{"damage_healed":0,"gold_gain":0,"player_choice":"Ignored","damage_taken":0,"max_hp_gain":0,"max_hp_loss":0,"event_name":"Shining Light","floor":4,"gold_loss":0},{"damage_healed":0,"gold_gain":75,"player_choice":"Gather Gold","damage_taken":11,"max_hp_gain":0,"max_hp_loss":0,"event_name":"World of Goop","floor":8,"gold_loss":0}],"is_beta":false,"boss_relics":[],"items_purged_floors":[5],"is_endless":false,"potions_floor_spawned":[13],"killed_by":"The Guardian","ascension_level":20}}