{"host":"t6r1isv2bex5ovch","time":1614287097,"event":{"mods":["AchievementEnabler","Act Like it!","Aspiration","BaseMod","Better Altar","Better Match","Better Note","Better Sensory Stone","Better Skull","Better Third Choice","Better Vampires","Bossed Relics","Colored Powertips","Displayed Cursed Tome","Evolution","Fox Events","Gremlin Skip","Halation","Hallownest","Highlight Path","Hubris","Infinite Spire","Minty Spire (QoL Compilation)","Reliquary","Ruina","Spire Arcade","StSLib","The Bug Knight"],"gold_per_floor":[113,113,38,38,54,79,79,108,108,108,108,8,8,26,26,130,130,146,146,162,174,174,174,174],"floor_reached":23,"language":"ENG","playtime":2779,"items_purged":["Strike_B","Strike_B","Defend_B"],"score":250,"play_id":"87821e14-d1ab-4ae6-9b72-d90fbddcc293","local_time":"20210226080457","is_ascension_mode":true,"campfire_choices":[{"data":"Zap","floor":10.0,"key":"SMITH"},{"floor":15.0,"key":"REST"}],"circlet_count":0,"master_deck":["Cold Snap","Defend_B","Defend_B","Defend_B","Zap+1","Dualcast","Sweeping Beam","infinitespire:SevenWalls","Madness+1","Blind+1","Dramatic Entrance+1"],"relics":["Cracked Core","EVO:Axolotl","aspiration:Nostalgia","HollowMod:VesselMask","hubris:Towel","Toy Ornithopter","hubris:Metronome","Happy Flower","aspiration:DSix","Hallownest:SalubrasBlessingRelic","halation:LoveArrow"],"acts_visited":["Hallownest:Greenpath","Hallownest:CityofTears"],"potions_floor_usage":[23],"damage_taken":[{"damage":0.0,"enemies":"Hallownest:2_MossCreeps","floor":1.0,"turns":5.0},{"damage":3.0,"enemies":"Hallownest:2_Baldur","floor":5.0,"turns":5.0},{"damage":4.0,"enemies":"Hallownest:eliteVengeflyKing","floor":6.0,"turns":6.0},{"damage":26.0,"enemies":"Hallownest:eliteCrystalGuardian","floor":8.0,"turns":6.0},{"damage":4.0,"enemies":"2_ Uuma","floor":14.0,"turns":3.0},{"damage":31.0,"enemies":"Hallownest:BossFalseKnight","floor":16.0,"turns":12.0},{"damage":40.0,"enemies":"Hallownest:2_Mistakes","floor":18.0,"turns":11.0},{"damage":0.0,"enemies":"Hallownest:Guard_and_Sentry","floor":20.0,"turns":4.0},{"damage":5.0,"enemies":"Hallownest:2_Husk_Sentries","floor":21.0,"turns":5.0},{"damage":38,"enemies":"Hallownest:eliteWatcherKnight","floor":23,"turns":11}],"seed_played":"-120413369589374319","potions_obtained":[{"floor":1.0,"key":"Strength Potion"},{"floor":6.0,"key":"Ancient Potion"},{"floor":18.0,"key":"SkillPotion"},{"floor":21.0,"key":"GamblersBrew"}],"is_trial":false,"path_per_floor":["M","?","$","?","M","E","T","E","T","R","?","$","?","M","R","B",null,"M","AVR","M","M","?","E"],"character_chosen":"DEFECT","items_purchased":[],"campfire_rested":1,"item_purchase_floors":[],"current_hp_per_floor":[68,68,68,68,65,61,61,40,40,40,40,40,40,50,74,43,69,29,29,29,29,29,0,0],"gold":174,"neow_bonus":"NOSTALGIA","is_daily":false,"chose_seed":false,"campfire_upgraded":1,"win_rate":0.0,"timestamp":1614287097,"path_taken":["M","?","$","?","M","E","?","E","T","R","?","$","?","?","R","BOSS","M","AVR","M","M","?","E"],"items_purchased_type":[],"build_version":"2020-12-22","purchased_purges":3,"victory":false,"max_hp_per_floor":[75,75,75,75,75,75,75,75,75,75,75,75,75,75,77,77,77,77,77,77,77,77,77,77],"card_choices":[{"not_picked":["Turbo","Redo","Lockon"],"picked":"SKIP","floor":1.0},{"not_picked":["Gash","Rebound","Coolheaded"],"picked":"SKIP","floor":5.0},{"not_picked":["hubris:SpecializedCircuitry","Rainbow","Rebound"],"picked":"SKIP","floor":6.0},{"not_picked":["Defragment","Creative AI","Hello World"],"picked":"SKIP","floor":8.0},{"not_picked":["Recycle","Reprogram","Genetic Algorithm"],"picked":"SKIP","floor":14.0},{"not_picked":["Turbo","Hologram","Rebound"],"picked":"SKIP","floor":18.0},{"not_picked":["Double Energy+1","Lockon+1","Compile Driver"],"picked":"SKIP","floor":20.0},{"not_picked":["Genetic Algorithm+1","Beam Cell","White Noise"],"picked":"SKIP","floor":21.0},{"not_picked":["Mind Blast+1","Impatience+1"],"picked":"Madness+1","floor":22.0},{"not_picked":["Good Instincts+1","Mind Blast+1"],"picked":"Blind+1","floor":22.0},{"not_picked":["Impatience+1","Panacea+1"],"picked":"Dramatic Entrance+1","floor":22.0}],"player_experience":580981,"relics_obtained":[{"floor":6.0,"key":"Toy Ornithopter"},{"floor":7.0,"key":"hubris:Metronome"},{"floor":8.0,"key":"Happy Flower"},{"floor":9.0,"key":"aspiration:DSix"}],"event_choices":[{"damage_healed":0.0,"max_hp_gain":0.0,"max_hp_loss":0.0,"gold_gain":0.0,"event_name":"betterMatch:BetterMatch","player_choice":"3","floor":22.0,"gold_loss":0.0,"damage_taken":0.0,"cards_obtained":["betterMatch:ColorlessUncommonCard"]}],"is_beta":false,"boss_relics":[{"not_picked":["Calling Bell","reliquary:Craggleroot"],"picked":"halation:LoveArrow"}],"items_purged_floors":[3,12,19],"is_endless":false,"potions_floor_spawned":[1,6,18,21],"killed_by":"Hallownest:eliteWatcherKnight","ascension_level":6}}