{"host":"18wi9kpcl4eah7pe","time":1614233535,"event":{"mods":["BaseMod","Colored Powertips","Downfall","Minty Spire (QoL Compilation)","StSLib"],"gold_per_floor":[199,214,233,218,233,260,285,270,287,299,99,174,191,214,231,335,335,335,351,351,183,202,219,219,219,219,219,219,219],"floor_reached":27,"language":"ENG","playtime":984,"items_purged":[],"score":247,"play_id":"5867bfea-aad7-4b3d-b10a-fe2dd412ee47","local_time":"20210225001215","is_ascension_mode":true,"campfire_choices":[{"floor":1.0,"key":"RECALL"},{"floor":11.0,"key":"REST"},{"data":"Slimebound:MinionMaster","floor":18.0,"key":"SMITH"},{"floor":26,"key":"REST"}],"circlet_count":0,"master_deck":["Slimebound:Strike_Slimebound","Slimebound:Strike_Slimebound","Slimebound:Strike_Slimebound","Slimebound:Tackle","Slimebound:Defend_Slimebound","Slimebound:Defend_Slimebound","Slimebound:Defend_Slimebound","Slimebound:Defend_Slimebound","Slimebound:Split","Slimebound:CorrosiveSpit","Slimebound:LeechEnergy","Slimebound:Equalize","Slimebound:ComboTackle","Slimebound:LevelUp","Slimebound:DisruptingSlam","Slimebound:ForwardTackle","Slimebound:RollThrough","Slimebound:LeechEnergy","Slimebound:SplitMire","Slimebound:MinionMaster+1","Slimebound:LeadByExample","Slimebound:OneTwoCombo","CurseOfTheBell","Slimebound:HungryTackle","Slimebound:MegaLick","Slimebound:Equalize","Slimebound:SplitAcid+1","Slimebound:SpikyOuterGoop+1","Slimebound:FirmFortitude"],"relics":["Slimebound:AbsorbEndCombat","downfall:HeartBlessingRed","downfall:HeartBlessingBlue","Odd Mushroom","Calling Bell","Blood Vial","InkBottle","Prayer Wheel","downfall:RedIOU","Juzu Bracelet","Darkstone Periapt","hexamod:CandleOfCauterizing"],"acts_visited":["Exordium","TheCity"],"potions_floor_usage":[],"damage_taken":[{"damage":2.0,"enemies":"2 Louse","floor":2.0,"turns":3.0},{"damage":7.0,"enemies":"Jaw Worm","floor":3.0,"turns":3.0},{"damage":13.0,"enemies":"downfall:FleeingMerchant","floor":4.0,"turns":4.0},{"damage":1.0,"enemies":"Cultist","floor":5.0,"turns":3.0},{"damage":40.0,"enemies":"Gremlin Nob","floor":6.0,"turns":4.0},{"damage":11.0,"enemies":"downfall:FleeingMerchant","floor":8.0,"turns":4.0},{"damage":17.0,"enemies":"Blue Slaver","floor":9.0,"turns":5.0},{"damage":1.0,"enemies":"2 Fungi Beasts","floor":10.0,"turns":2.0},{"damage":0.0,"enemies":"Gremlin Gang","floor":13.0,"turns":1.0},{"damage":1.0,"enemies":"The Mushroom Lair","floor":14.0,"turns":2.0},{"damage":6.0,"enemies":"3 Louse","floor":15.0,"turns":3.0},{"damage":60.0,"enemies":"DF_ARCHETYPE_STREAMLINE","floor":16.0,"turns":8.0},{"damage":38.0,"enemies":"3 Byrds","floor":19.0,"turns":5.0},{"damage":13,"enemies":"downfall:FleeingMerchant","floor":21,"turns":4},{"damage":15,"enemies":"Chosen","floor":22,"turns":4},{"damage":42,"enemies":"Snake Plant","floor":23,"turns":4},{"damage":46,"enemies":"3 Cultists","floor":27,"turns":3}],"seed_played":"-202015956233787060","potions_obtained":[{"floor":3.0,"key":"Weak Potion"},{"floor":9.0,"key":"Slimebound:SlimedPotion"},{"floor":10.0,"key":"EssenceOfSteel"},{"floor":13.0,"key":"Explosive Potion"},{"floor":15.0,"key":"LiquidMemories"},{"floor":19.0,"key":"Slimebound:SlimyTonguePotion"}],"is_trial":false,"path_per_floor":["R","M","M","$","M","E","T","$","M","M","R","?","M","?","M","B",null,"R","M","?","$","M","M","T","?","R","M"],"character_chosen":"SLIMEBOUND","items_purchased":["Juzu Bracelet"],"campfire_rested":2,"item_purchase_floors":[21],"current_hp_per_floor":[65,63,60,51,52,26,26,21,20,19,51,51,53,58,54,10,75,75,49,49,44,47,21,21,21,43,0,0,0],"gold":219,"neow_bonus":"HUNDRED_GOLD","is_daily":false,"chose_seed":false,"campfire_upgraded":1,"win_rate":0.0,"timestamp":1614233535,"path_taken":["R","M","M","$","M","E","T","$","M","M","R","?","M","?","M","BOSS","R","M","?","$","M","M","T","?","R","M"],"items_purchased_type":["Relic"],"build_version":"2020-12-22","purchased_purges":0,"victory":false,"max_hp_per_floor":[65,65,65,65,65,65,65,65,65,65,75,75,75,75,75,75,75,75,75,75,75,75,75,75,75,75,75,75,75],"card_choices":[{"not_picked":["Slimebound:DivideAndConquer","Slimebound:Gluttony"],"picked":"Slimebound:LeechEnergy","floor":2.0},{"not_picked":["Slimebound:ProtectTheBoss","Slimebound:LivingWall"],"picked":"Slimebound:Equalize","floor":3.0},{"not_picked":["Slimebound:SamplingLick","Slimebound:RejuvenatingLick"],"picked":"Slimebound:ComboTackle","floor":4.0},{"not_picked":["Slimebound:SplitLeeching","Slimebound:GoopTackle"],"picked":"Slimebound:LevelUp","floor":5.0},{"not_picked":["Slimebound:Chomp","Slimebound:ComboTackle"],"picked":"Slimebound:DisruptingSlam","floor":6.0},{"not_picked":["Slimebound:SlimeBarrage","Slimebound:SplitBruiser"],"picked":"Slimebound:ForwardTackle","floor":8.0},{"not_picked":["Slimebound:SplitAcid","Slimebound:SlimeSlap"],"picked":"Slimebound:RollThrough","floor":9.0},{"not_picked":["Slimebound:Prepare","Slimebound:SamplingLick"],"picked":"Slimebound:LeechEnergy","floor":10.0},{"not_picked":["Slimebound:HauntingLick","Slimebound:Prepare"],"picked":"Slimebound:SplitMire","floor":13.0},{"not_picked":["Slimebound:SplitAcid","Slimebound:Recollect"],"picked":"Slimebound:MinionMaster","floor":14.0},{"not_picked":["Slimebound:ServeAndProtect","Slimebound:RollThrough"],"picked":"Slimebound:LeadByExample","floor":15.0},{"not_picked":["Slimebound:Teamwork","Slimebound:DouseInSlime"],"picked":"Slimebound:OneTwoCombo","floor":16.0},{"not_picked":["Slimebound:ComboTackle","Slimebound:LeechingTouch"],"picked":"Slimebound:HungryTackle","floor":19.0},{"not_picked":["Slimebound:RollThrough","Slimebound:AcidTongue+1","Slimebound:DisruptingSlam"],"picked":"SKIP","floor":19.0},{"not_picked":["Slimebound:LivingWall","Slimebound:Prepare"],"picked":"Slimebound:MegaLick","floor":21},{"not_picked":["Slimebound:RollThrough","Slimebound:ForwardTackle"],"picked":"Slimebound:Equalize","floor":22},{"not_picked":["Slimebound:HungryTackle","Slimebound:RainOfGoop"],"picked":"Slimebound:SplitAcid+1","floor":22},{"not_picked":["Slimebound:LeechEnergy+1","Slimebound:SplitBruiser"],"picked":"Slimebound:SpikyOuterGoop+1","floor":23},{"not_picked":["Slimebound:GoopTackle+1","Slimebound:SplitMire"],"picked":"Slimebound:FirmFortitude","floor":23}],"player_experience":1062057,"relics_obtained":[{"floor":6.0,"key":"PreservedInsect"},{"floor":14.0,"key":"Odd Mushroom"},{"floor":17.0,"key":"Blood Vial"},{"floor":17.0,"key":"InkBottle"},{"floor":17.0,"key":"Prayer Wheel"},{"floor":24,"key":"Darkstone Periapt"}],"event_choices":[{"damage_healed":0.0,"max_hp_gain":0.0,"max_hp_loss":0.0,"gold_gain":0.0,"event_name":"Mushrooms","player_choice":"Fought Mushrooms","floor":14.0,"gold_loss":0.0,"damage_taken":0.0}],"is_beta":false,"boss_relics":[{"not_picked":["bronze:MakeshiftBattery","Runic Pyramid"],"picked":"Calling Bell"}],"items_purged_floors":[],"is_endless":false,"potions_floor_spawned":[3,9,10,13,15,19],"killed_by":"3 Cultists","ascension_level":3}}