{"host":"ibckqdmmf9y74ymf","time":1614286535,"event":{"mods":["2.2 Compatiblity","Ascension Unlocker","BaseMod","Colored Map","Curses Come First","Highlight Path","Minty Spire (QoL Compilation)","Quick Restart","Rare Cards Sparkle","Relic Stats","StSLib"],"gold_per_floor":[117,42,54,11,11,41,51,82,150,150,150,150,182,200,200,271,271,289,300,333,36,86,86,118,128,128,128,128,159,173,199,199,273,273,283,295,315,315,50,50,50,82,82,96,125,136,136,169,169,169,169,169],"floor_reached":51,"language":"ENG","playtime":3201,"items_purged":["Defend_P"],"score":1672,"play_id":"eabac96f-ea5e-4213-a730-2d79fd2de2aa","local_time":"20210225215535","is_ascension_mode":true,"campfire_choices":[{"data":"CrushJoints","floor":10.0,"key":"SMITH"},{"floor":12.0,"key":"DIG"},{"floor":15.0,"key":"DIG"},{"floor":23.0,"key":"REST"},{"floor":27.0,"key":"REST"},{"floor":32.0,"key":"DIG"},{"floor":40.0,"key":"RECALL"},{"floor":47.0,"key":"DIG"},{"floor":49,"key":"REST"}],"circlet_count":0,"master_deck":["AscendersBane","Strike_P","Strike_P+1","Strike_P","Defend_P","Defend_P","Defend_P","Eruption+1","Vigilance","ClearTheMind","EmptyBody","CarveReality","Halt","CutThroughFate","CrushJoints+1","ThirdEye+1","Wallop","Omniscience+1","MentalFortress+1","SandsOfTime","Apotheosis+1","Wallop","EmptyBody+1","LikeWater+1","WheelKick","Meditate+1","Crescendo+1","Vault+1","Wallop+1","Protect+1","EmptyMind+1","Halt+1"],"relics":["PureWater","NeowsBlessing","Shovel","Dream Catcher","Toxic Egg 2","Question Card","Singing Bowl","Unceasing Top","Sozu","Red Mask","Mummified Hand","Gremlin Horn","PreservedInsect","Blue Candle","Bottled Flame","Runic Pyramid","HornCleat","Smiling Mask","Turnip","Torii","Lantern"],"acts_visited":["Exordium","TheCity","TheBeyond"],"potions_floor_usage":[],"damage_taken":[{"damage":0.0,"enemies":"2 Louse","floor":1.0,"turns":1.0},{"damage":0.0,"enemies":"Small Slimes","floor":3.0,"turns":1.0},{"damage":0.0,"enemies":"3 Sentries","floor":6.0,"turns":1.0},{"damage":1.0,"enemies":"Cultist","floor":7.0,"turns":4.0},{"damage":10.0,"enemies":"Lagavulin","floor":8.0,"turns":5.0},{"damage":10.0,"enemies":"Gremlin Nob","floor":13.0,"turns":3.0},{"damage":0.0,"enemies":"Blue Slaver","floor":14.0,"turns":2.0},{"damage":31.0,"enemies":"Slime Boss","floor":16.0,"turns":6.0},{"damage":0.0,"enemies":"Spheric Guardian","floor":18.0,"turns":2.0},{"damage":1.0,"enemies":"Shell Parasite","floor":19.0,"turns":4.0},{"damage":30.0,"enemies":"Masked Bandits","floor":20.0,"turns":4.0},{"damage":6.0,"enemies":"Gremlin Leader","floor":24.0,"turns":6.0},{"damage":0.0,"enemies":"Centurion and Healer","floor":25.0,"turns":3.0},{"damage":3.0,"enemies":"Book of Stabbing","floor":29.0,"turns":4.0},{"damage":4.0,"enemies":"Cultist and Chosen","floor":30.0,"turns":6.0},{"damage":0.0,"enemies":"Gremlin Leader","floor":31.0,"turns":4.0},{"damage":23.0,"enemies":"Collector","floor":33.0,"turns":12.0},{"damage":4.0,"enemies":"3 Shapes","floor":35.0,"turns":4.0},{"damage":8.0,"enemies":"Orb Walker","floor":36.0,"turns":2.0},{"damage":3.0,"enemies":"Sphere and 2 Shapes","floor":37.0,"turns":4.0},{"damage":0.0,"enemies":"Reptomancer","floor":42.0,"turns":3.0},{"damage":6.0,"enemies":"Writhing Mass","floor":44.0,"turns":6.0},{"damage":3.0,"enemies":"Nemesis","floor":45.0,"turns":4.0},{"damage":0.0,"enemies":"Transient","floor":46.0,"turns":7.0},{"damage":1.0,"enemies":"Reptomancer","floor":48.0,"turns":4.0},{"damage":34,"enemies":"Awakened One","floor":50,"turns":27},{"damage":41,"enemies":"Donu and Deca","floor":51,"turns":16}],"seed_played":"2019869090717249375","potions_obtained":[{"floor":6.0,"key":"FearPotion"},{"floor":8.0,"key":"BottledMiracle"},{"floor":13.0,"key":"LiquidMemories"},{"floor":14.0,"key":"Strength Potion"}],"is_trial":false,"path_per_floor":["M","?","M","$","?","E","M","E","T","R","?","R","E","M","R","B",null,"M","M","?","$","?","R","E","M","T","R","?","E","M","E","R","B",null,"M","M","M","?","$","R","?","E","T","M","E","M","R","E","R","B","B"],"character_chosen":"WATCHER","items_purchased":["CarveReality","Apotheosis+1","Wallop","HornCleat"],"campfire_rested":3,"item_purchase_floors":[4,21,21,39],"current_hp_per_floor":[61,61,61,61,41,41,40,30,30,30,52,52,42,42,42,11,54,54,53,25,25,18,39,33,33,33,56,56,53,49,51,51,28,63,61,53,50,50,50,50,52,52,52,48,47,49,49,48,74,40,0,0],"gold":169,"neow_bonus":"THREE_ENEMY_KILL","is_daily":false,"chose_seed":false,"campfire_upgraded":1,"win_rate":0.0,"timestamp":1614286535,"path_taken":["M","?","M","$","?","E","M","E","T","R","?","R","E","M","R","BOSS","M","M","?","$","?","R","E","?","T","R","?","E","?","E","R","BOSS","M","M","M","?","$","R","?","E","T","M","E","M","R","E","R","BOSS","BOSS"],"items_purchased_type":["Card","Card","Card","Relic"],"build_version":"2020-12-22","purchased_purges":1,"victory":false,"max_hp_per_floor":[68,68,68,68,68,68,68,68,68,68,68,68,68,68,68,68,68,68,68,70,70,70,70,70,70,70,72,72,72,72,74,74,74,74,76,76,76,72,72,72,74,74,74,76,78,80,80,80,82,82,82,82],"relic_stats":{"Singing Bowl":18,"Gremlin Horn":[26,26],"Torii":9,"counters":[27,145],"Blue Candle":[0],"PreservedInsect":220,"Question Card":24,"Smiling Mask":0,"Sozu":7,"Dream Catcher":3,"Shovel":4,"Mummified Hand":[33],"Turnip":[0],"obtain_stats":[{"Lantern":48,"NeowsBlessing":0,"Singing Bowl":13,"Gremlin Horn":26,"Torii":47,"Blue Candle":31,"PreservedInsect":29,"Question Card":12,"Smiling Mask":42,"Sozu":17,"Dream Catcher":8,"Bottled Flame":32,"Shovel":6,"HornCleat":39,"Mummified Hand":24,"Turnip":45,"Red Mask":20,"PureWater":0,"Toxic Egg 2":9,"Unceasing Top":15,"Runic Pyramid":34},{"Lantern":25,"NeowsBlessing":0,"Singing Bowl":6,"Gremlin Horn":13,"Torii":24,"Blue Candle":16,"PreservedInsect":14,"Question Card":5,"Smiling Mask":21,"Sozu":8,"Dream Catcher":5,"Bottled Flame":16,"Shovel":3,"HornCleat":20,"Mummified Hand":12,"Turnip":23,"Red Mask":11,"PureWater":0,"Toxic Egg 2":5,"Unceasing Top":7,"Runic Pyramid":17},{"Lantern":102,"NeowsBlessing":0,"Singing Bowl":15,"Gremlin Horn":42,"Torii":98,"Blue Candle":56,"PreservedInsect":46,"Question Card":12,"Smiling Mask":81,"Sozu":23,"Dream Catcher":12,"Bottled Flame":56,"Shovel":3,"HornCleat":78,"Mummified Hand":39,"Turnip":91,"Red Mask":33,"PureWater":0,"Toxic Egg 2":12,"Unceasing Top":17,"Runic Pyramid":68}],"Unceasing Top":[1]},"card_choices":[{"not_picked":["Halt","Pray"],"picked":"ClearTheMind","floor":1.0},{"not_picked":["PathToVictory","Perseverance"],"picked":"EmptyBody","floor":3.0},{"not_picked":["Crescendo","Prostrate"],"picked":"Halt","floor":6.0},{"not_picked":["Perseverance","Prostrate"],"picked":"CutThroughFate","floor":7.0},{"not_picked":["EmptyBody","PathToVictory"],"picked":"CrushJoints","floor":8.0},{"not_picked":["SandsOfTime","SashWhip","Halt+1"],"picked":"ThirdEye+1","floor":13.0},{"not_picked":["Meditate+1","TalkToTheHand","ConjureBlade+1"],"picked":"Wallop","floor":14.0},{"not_picked":["LessonLearned","Alpha+1","Devotion"],"picked":"Omniscience+1","floor":16.0},{"not_picked":["Vengeance+1","Study","WheelKick"],"picked":"MentalFortress+1","floor":18.0},{"not_picked":["ThirdEye+1","FlyingSleeves","FlurryOfBlows"],"picked":"SandsOfTime","floor":19.0},{"not_picked":["CutThroughFate","ClearTheMind+1","BowlingBash","CrushJoints"],"picked":"Singing Bowl","floor":20.0},{"not_picked":["Weave+1","Consecrate+1","Crescendo+1"],"picked":"EmptyBody+1","floor":23.0},{"not_picked":["FlyingSleeves","Wireheading","SashWhip+1"],"picked":"LikeWater","floor":24.0},{"not_picked":["Establishment","ReachHeaven","BowlingBash"],"picked":"WheelKick","floor":25.0},{"not_picked":["CutThroughFate","JustLucky","Evaluate+1","Fasting2"],"picked":"Singing Bowl","floor":27.0},{"not_picked":["CutThroughFate+1","JustLucky","Adaptation"],"picked":"Meditate+1","floor":29.0},{"not_picked":["FlurryOfBlows","Conclude","Prostrate+1"],"picked":"Crescendo+1","floor":30.0},{"not_picked":["ReachHeaven","FlyingSleeves","Halt+1","Consecrate"],"picked":"Singing Bowl","floor":31.0},{"not_picked":["Ragnarok","Scrawl+1","Blasphemy+1"],"picked":"Vault+1","floor":33.0},{"not_picked":["CrushJoints","BowlingBash+1","Nirvana","FlurryOfBlows"],"picked":"Singing Bowl","floor":35.0},{"not_picked":["FollowUp+1","ClearTheMind+1","WindmillStrike"],"picked":"Wallop+1","floor":36.0},{"not_picked":["FlyingSleeves","Brilliance","WreathOfFlame+1"],"picked":"Protect+1","floor":37.0},{"not_picked":["Dramatic Entrance","Panacea+1","Sadistic Nature","Transmutation+1"],"picked":"Singing Bowl","floor":41.0},{"not_picked":["PathToVictory+1","Meditate+1","Evaluate+1"],"picked":"EmptyMind+1","floor":42.0},{"not_picked":["Crescendo+1","Nirvana","FlyingSleeves","BattleHymn+1"],"picked":"Singing Bowl","floor":44.0},{"not_picked":["BowlingBash","WheelKick+1","ClearTheMind+1","CarveReality"],"picked":"Singing Bowl","floor":45.0},{"not_picked":["SashWhip+1","EmptyBody+1","ForeignInfluence+1","ThirdEye+1"],"picked":"Singing Bowl","floor":46.0},{"not_picked":["ThirdEye+1","Prostrate+1","Worship+1"],"picked":"Halt+1","floor":48.0},{"not_picked":["Weave","WheelKick","FlyingSleeves","CutThroughFate"],"picked":"Singing Bowl","floor":49}],"player_experience":565835,"relics_obtained":[{"floor":6.0,"key":"Shovel"},{"floor":8.0,"key":"Dream Catcher"},{"floor":9.0,"key":"Toxic Egg 2"},{"floor":12.0,"key":"Question Card"},{"floor":13.0,"key":"Singing Bowl"},{"floor":15.0,"key":"Unceasing Top"},{"floor":20.0,"key":"Red Mask"},{"floor":24.0,"key":"Mummified Hand"},{"floor":26.0,"key":"Gremlin Horn"},{"floor":29.0,"key":"PreservedInsect"},{"floor":31.0,"key":"Blue Candle"},{"floor":32.0,"key":"Bottled Flame"},{"floor":42.0,"key":"Smiling Mask"},{"floor":45.0,"key":"Turnip"},{"floor":47.0,"key":"Torii"},{"floor":48.0,"key":"Lantern"}],"event_choices":[{"cards_removed":["Strike_P"],"damage_healed":0.0,"max_hp_gain":0.0,"max_hp_loss":0.0,"gold_gain":0.0,"event_name":"The Cleric","player_choice":"Card Removal","floor":2.0,"gold_loss":75.0,"damage_taken":0.0},{"damage_healed":0.0,"max_hp_gain":0.0,"max_hp_loss":0.0,"gold_gain":0.0,"event_name":"Shining Light","player_choice":"Entered Light","floor":5.0,"gold_loss":0.0,"damage_taken":20.0,"cards_upgraded":["Eruption","Strike_P"]},{"damage_healed":22.0,"max_hp_gain":0.0,"max_hp_loss":0.0,"gold_gain":0.0,"event_name":"Big Fish","player_choice":"Banana","floor":11.0,"gold_loss":0.0,"damage_taken":0.0},{"damage_healed":0.0,"max_hp_gain":0.0,"max_hp_loss":0.0,"gold_gain":0.0,"event_name":"Masked Bandits","player_choice":"Fought Bandits","floor":20.0,"gold_loss":0.0,"damage_taken":0.0},{"damage_healed":0.0,"max_hp_gain":0.0,"max_hp_loss":0.0,"gold_gain":50.0,"event_name":"FaceTrader","player_choice":"Touch","floor":22.0,"gold_loss":0.0,"damage_taken":7.0},{"damage_healed":0.0,"max_hp_gain":0.0,"max_hp_loss":0.0,"gold_gain":0.0,"event_name":"Accursed Blacksmith","player_choice":"Forge","floor":28.0,"gold_loss":0.0,"damage_taken":0.0,"cards_upgraded":["LikeWater"]},{"damage_healed":0.0,"max_hp_gain":0.0,"max_hp_loss":4.0,"gold_gain":0.0,"event_name":"Winding Halls","player_choice":"Max HP","floor":38.0,"gold_loss":0.0,"damage_taken":0.0},{"damage_healed":0.0,"max_hp_gain":0.0,"max_hp_loss":0.0,"gold_gain":0.0,"event_name":"SensoryStone","player_choice":"Memory 1","floor":41.0,"gold_loss":0.0,"damage_taken":0.0}],"is_beta":false,"boss_relics":[{"not_picked":["SacredBark","SlaversCollar"],"picked":"Sozu"},{"not_picked":["Philosopher\u0027s Stone","Tiny House"],"picked":"Runic Pyramid"}],"items_purged_floors":[21],"is_endless":false,"potions_floor_spawned":[6,8,13,14,29,30,31,37,44,45,48],"killed_by":"Donu and Deca","ascension_level":20}}