{"host":"wogey4gsknv4ot2d","time":1614294960,"event":{"mods":["2.2 Compatiblity","AchievementEnabler","BaseMod","Bestiary","Better Match","Better Third Choice","Colored Map","Colored Powertips","Key Reminder","Minty Spire (QoL Compilation)","Permanent Neow","Rare Cards Sparkle","Relic Stats","StSLib"],"gold_per_floor":[118,137,137,137,156,156,189,189,212,232,250,250,264,96,96,198,198,198,198,119,119,119,119,119,119,119,49,0,0,0,0,0,0,0,0,0,0,0,0,0,0,0,0,0,0,0,0,0,0,0,0,0,0,0,0],"floor_reached":56,"language":"ENG","playtime":5862,"items_purged":["Biased Cognition"],"score":1173,"play_id":"5ecb01ba-ae6d-4538-9889-dd3458e4ad20","local_time":"20210225171600","is_ascension_mode":false,"campfire_choices":[{"data":"Go for the Eyes","floor":6,"key":"SMITH"},{"data":"Doom and Gloom","floor":8,"key":"SMITH"},{"data":"Go for the Eyes","floor":12,"key":"SMITH"},{"floor":15,"key":"REST"},{"data":"Echo Form","floor":24,"key":"SMITH"},{"data":"Capacitor","floor":30,"key":"SMITH"},{"floor":32,"key":"REST"},{"floor":40,"key":"RECALL"},{"data":"Buffer","floor":42,"key":"SMITH"},{"data":"Loop","floor":47,"key":"SMITH"},{"floor":49,"key":"REST"},{"data":"Coolheaded","floor":52,"key":"SMITH"}],"circlet_count":0,"master_deck":["Zap","Dualcast","White Noise","Leap","Doom and Gloom+1","Echo Form+1","Chill","Rip and Tear","White Noise","Cold Snap","Streamline","Go for the Eyes+1","Go for the Eyes+1","Seek","Force Field","FTL","Cold Snap","Echo Form","Coolheaded+1","Capacitor+1","Leap+1","Genetic Algorithm+1","Consume+1","Loop+1","Skim","Glacier+1","Buffer+1","Defragment+1","Conserve Battery+1","Parasite","Chill"],"relics":["Pandora\u0027s Box","Pen Nib","Happy Flower","Ectoplasm","Ancient Tea Set","Busted Crown","Question Card","InkBottle"],"acts_visited":["Exordium","TheCity","TheBeyond","TheEnding"],"potions_floor_usage":[16,16,23,23,37,50,54,55,55],"damage_taken":[{"damage":0,"enemies":"Small Slimes","floor":1,"turns":3},{"damage":5,"enemies":"Jaw Worm","floor":2,"turns":4},{"damage":0,"enemies":"Cultist","floor":5,"turns":3},{"damage":27,"enemies":"3 Sentries","floor":7,"turns":3},{"damage":11,"enemies":"3 Louse","floor":10,"turns":3},{"damage":0,"enemies":"Lots of Slimes","floor":11,"turns":1},{"damage":7,"enemies":"Looter","floor":13,"turns":2},{"damage":6,"enemies":"The Guardian","floor":16,"turns":5},{"damage":0,"enemies":"Shell Parasite","floor":18,"turns":4},{"damage":6,"enemies":"Spheric Guardian","floor":19,"turns":3},{"damage":6,"enemies":"3 Cultists","floor":21,"turns":5},{"damage":7,"enemies":"Gremlin Leader","floor":23,"turns":5},{"damage":0,"enemies":"Snecko","floor":25,"turns":5},{"damage":10,"enemies":"Cultist and Chosen","floor":31,"turns":5},{"damage":0,"enemies":"Collector","floor":33,"turns":9},{"damage":9,"enemies":"3 Shapes","floor":35,"turns":6},{"damage":5,"enemies":"Orb Walker","floor":36,"turns":7},{"damage":3,"enemies":"Jaw Worm Horde","floor":37,"turns":4},{"damage":11,"enemies":"Writhing Mass","floor":38,"turns":9},{"damage":0,"enemies":"Spire Growth","floor":41,"turns":6},{"damage":0,"enemies":"Transient","floor":44,"turns":5},{"damage":0,"enemies":"Jaw Worm Horde","floor":46,"turns":3},{"damage":0,"enemies":"Sphere and 2 Shapes","floor":48,"turns":3},{"damage":47,"enemies":"Awakened One","floor":50,"turns":14},{"damage":10,"enemies":"Shield and Spear","floor":54,"turns":11},{"damage":3,"enemies":"The Heart","floor":55,"turns":13}],"seed_played":"1939532183369493991","potions_obtained":[{"floor":1,"key":"Ancient Potion"},{"floor":7,"key":"Weak Potion"},{"floor":10,"key":"PowerPotion"},{"floor":11,"key":"DistilledChaos"},{"floor":19,"key":"CultistPotion"},{"floor":21,"key":"SkillPotion"},{"floor":31,"key":"FocusPotion"},{"floor":33,"key":"ColorlessPotion"},{"floor":38,"key":"SteroidPotion"},{"floor":41,"key":"Strength Potion"},{"floor":54,"key":"Weak Potion"}],"is_trial":false,"path_per_floor":["M","M","?","?","M","R","E","R","T","M","M","R","M","$","R","B",null,"M","M","$","M","?","E","R","M","T","$","?","?","R","M","R","B",null,"M","M","M","M","?","R","M","R","T","M","?","M","R","M","R","B",null,"R","$","E","B",null],"character_chosen":"DEFECT","items_purchased":["FTL","Cold Snap","Capacitor","Loop"],"campfire_rested":3,"item_purchase_floors":[14,14,20,27],"current_hp_per_floor":[75,70,70,70,70,70,43,43,43,32,32,32,25,25,47,41,75,75,69,69,63,63,56,56,56,56,56,56,56,56,46,68,68,75,66,61,58,47,47,47,47,47,47,47,47,47,47,47,68,21,71,71,71,61,58],"gold":0,"neow_bonus":"BOSS_RELIC","is_daily":false,"chose_seed":false,"campfire_upgraded":8,"win_rate":0.0,"timestamp":1614294960,"path_taken":["M","M","?","?","M","R","E","R","T","M","M","R","M","$","R","BOSS","M","M","$","M","?","E","R","M","T","$","?","?","R","?","R","BOSS","M","?","M","M","?","R","?","R","T","M","?","M","R","M","R","BOSS","R","$","E","BOSS"],"items_purchased_type":["Card","Card","Card","Card"],"build_version":"2020-12-22","purchased_purges":1,"victory":true,"max_hp_per_floor":[75,75,75,75,75,75,75,75,75,75,75,75,75,75,75,75,75,75,75,75,75,75,75,75,75,75,75,75,75,75,75,75,75,75,75,75,75,75,75,75,75,75,75,75,71,71,71,71,71,71,71,71,71,71,71],"relic_stats":{"Busted Crown":18,"Happy Flower":[42],"counters":[26,141],"Pandora\u0027s Box":["White Noise","Leap","Doom and Gloom","Echo Form","Biased Cognition","Chill","Rip and Tear","White Noise"],"Pen Nib":[29],"Ectoplasm":368,"Question Card":4,"obtain_stats":[{"keyreminder:keyreminder":23,"Busted Crown":34,"Happy Flower":9,"Pandora\u0027s Box":0,"Pen Nib":7,"Ectoplasm":17,"Cracked Core":0,"Ancient Tea Set":23,"Question Card":43,"InkBottle":54},{"keyreminder:keyreminder":12,"Busted Crown":15,"Happy Flower":4,"Pandora\u0027s Box":0,"Pen Nib":4,"Ectoplasm":8,"Cracked Core":0,"Ancient Tea Set":12,"Question Card":20,"InkBottle":25},{"keyreminder:keyreminder":41,"Busted Crown":60,"Happy Flower":13,"Pandora\u0027s Box":0,"Pen Nib":13,"Ectoplasm":24,"Cracked Core":0,"Ancient Tea Set":41,"Question Card":92,"InkBottle":128}],"InkBottle":[7]},"card_choices":[{"not_picked":["Sunder","Leap"],"picked":"Cold Snap","floor":1},{"not_picked":["Steam Power","Coolheaded"],"picked":"Streamline","floor":2},{"not_picked":["Storm","Lockon"],"picked":"Go for the Eyes","floor":5},{"not_picked":["Streamline","Gash","Lockon"],"picked":"SKIP","floor":7},{"not_picked":["Barrage","Steam"],"picked":"Go for the Eyes","floor":10},{"not_picked":["Beam Cell","White Noise"],"picked":"Seek","floor":11},{"not_picked":["Rip and Tear","Beam Cell"],"picked":"Force Field","floor":13},{"not_picked":["Seek","Fission"],"picked":"Echo Form","floor":16},{"not_picked":["Go for the Eyes","Steam","Sweeping Beam"],"picked":"SKIP","floor":18},{"not_picked":["Steam","Turbo"],"picked":"Coolheaded","floor":19},{"not_picked":["Multi-Cast","Streamline+1"],"picked":"Leap+1","floor":21},{"not_picked":["Barrage+1","Conserve Battery"],"picked":"Genetic Algorithm+1","floor":23},{"not_picked":["Tempest","Rebound+1"],"picked":"Consume+1","floor":25},{"not_picked":["Skim","Stack"],"picked":"Glacier+1","floor":31},{"not_picked":["Reboot","Multi-Cast"],"picked":"Buffer","floor":33},{"not_picked":["Redo+1"],"picked":"SKIP","floor":35},{"not_picked":[],"picked":"Defragment+1","floor":36},{"not_picked":[],"picked":"Conserve Battery+1","floor":37},{"not_picked":["Steam+1"],"picked":"SKIP","floor":38},{"not_picked":["Redo"],"picked":"SKIP","floor":41},{"not_picked":["Sweeping Beam","Rebound+1"],"picked":"SKIP","floor":44},{"not_picked":["Double Energy"],"picked":"Chill","floor":46},{"not_picked":["Beam Cell+1","Redo"],"picked":"SKIP","floor":48},{"not_picked":["Stack","Scrape+1"],"picked":"SKIP","floor":54}],"player_experience":95053,"relics_obtained":[{"floor":7,"key":"Pen Nib"},{"floor":9,"key":"Happy Flower"},{"floor":23,"key":"Ancient Tea Set"},{"floor":43,"key":"Question Card"},{"floor":54,"key":"InkBottle"}],"event_choices":[{"damage_healed":0,"gold_gain":0,"player_choice":"Ignored","damage_taken":137,"max_hp_gain":0,"max_hp_loss":0,"event_name":"betterThird:BetterSerpent","floor":3,"gold_loss":0},{"damage_healed":0,"gold_gain":0,"player_choice":"Leave","damage_taken":0,"max_hp_gain":0,"max_hp_loss":0,"event_name":"The Cleric","floor":4,"gold_loss":0},{"damage_healed":0,"gold_gain":0,"player_choice":"Ignored","damage_taken":0,"max_hp_gain":0,"max_hp_loss":0,"event_name":"Ghosts","floor":22,"gold_loss":0},{"damage_healed":0,"gold_gain":0,"player_choice":"Paid Fearfully","damage_taken":0,"max_hp_gain":0,"max_hp_loss":0,"event_name":"Masked Bandits","floor":28,"gold_loss":49},{"damage_healed":0,"gold_gain":0,"player_choice":"Read","damage_taken":0,"max_hp_gain":0,"max_hp_loss":0,"event_name":"The Library","floor":29,"gold_loss":0,"cards_obtained":["Skim"]},{"damage_healed":0,"gold_gain":0,"player_choice":"Ignored","damage_taken":0,"max_hp_gain":0,"max_hp_loss":0,"event_name":"betterThird:BetterPortal","floor":39,"gold_loss":0},{"damage_healed":0,"gold_gain":0,"player_choice":"Max HP","damage_taken":0,"max_hp_gain":0,"max_hp_loss":4,"event_name":"Winding Halls","floor":45,"gold_loss":0}],"is_beta":false,"boss_relics":[{"not_picked":["Philosopher\u0027s Stone","Empty Cage"],"picked":"Ectoplasm"},{"not_picked":["SacredBark","Black Star"],"picked":"Busted Crown"}],"items_purged_floors":[14],"is_endless":false,"potions_floor_spawned":[1,7,10,11,13,19,21,31,33,36,38,41,46,54],"ascension_level":0}}