{"host":"tlbbab9afexrkdtf","time":1614220663,"event":{"mods":["2.2 Compatiblity","AchievementEnabler","BaseMod","Colored Map","Colored Powertips","Minty Spire (QoL Compilation)","Rare Cards Sparkle","StSLib"],"gold_per_floor":[109,124,176,194,204,204,234,309,309,17,35,69,83,99,99,197,197,209,209,209,225,324,349,364,364,444,43,68,83,14,14,14,111,111,131,131,131,131,131],"floor_reached":38,"language":"ENG","playtime":885,"items_purged":[],"score":596,"play_id":"981ad612-4916-4aff-9105-9b480168101a","local_time":"20210224213743","is_ascension_mode":true,"campfire_choices":[{"floor":6,"key":"REST"},{"data":"Storm","floor":15,"key":"SMITH"},{"data":"White Noise","floor":25,"key":"SMITH"},{"data":"Mayhem","floor":32,"key":"SMITH"}],"circlet_count":0,"master_deck":["Zap","Dualcast","White Noise+1","Capacitor","Ball Lightning","Sunder","Steam","Coolheaded","Multi-Cast","Biased Cognition","Cold Snap","Consume","Self Repair","Go for the Eyes","Machine Learning","White Noise","Storm+1","Beam Cell","Coolheaded","Chaos","Coolheaded","Consume","Conserve Battery","Clumsy","Capacitor","Mayhem+1","Pain","Darkness","Capacitor","Amplify","Turbo+1"],"relics":["Pandora\u0027s Box","StrikeDummy","Bird Faced Urn","Strange Spoon","Darkstone Periapt","Cursed Key","Strawberry","White Beast Statue","Kunai","Runic Capacitor","Toy Ornithopter","Juzu Bracelet","Inserter"],"acts_visited":["Exordium","TheCity","TheBeyond"],"potions_floor_usage":[5,12,13,18,23,33,35,38],"damage_taken":[{"damage":9,"enemies":"Jaw Worm","floor":1,"turns":4},{"damage":0,"enemies":"2 Louse","floor":2,"turns":4},{"damage":0,"enemies":"Small Slimes","floor":4,"turns":2},{"damage":7,"enemies":"Blue Slaver","floor":5,"turns":3},{"damage":19,"enemies":"2 Fungi Beasts","floor":11,"turns":5},{"damage":16,"enemies":"Lagavulin","floor":12,"turns":7},{"damage":16,"enemies":"Looter","floor":13,"turns":3},{"damage":7,"enemies":"Blue Slaver","floor":14,"turns":4},{"damage":24,"enemies":"Slime Boss","floor":16,"turns":8},{"damage":12,"enemies":"Shell Parasite","floor":18,"turns":3},{"damage":0,"enemies":"Spheric Guardian","floor":21,"turns":3},{"damage":34,"enemies":"Gremlin Leader","floor":23,"turns":8},{"damage":12,"enemies":"Cultist and Chosen","floor":24,"turns":3},{"damage":6,"enemies":"Sentry and Sphere","floor":29,"turns":3},{"damage":81,"enemies":"Automaton","floor":33,"turns":7},{"damage":34,"enemies":"3 Shapes","floor":35,"turns":4},{"damage":119,"enemies":"Awakened One","floor":38,"turns":4}],"seed_played":"8664019112062748963","potions_obtained":[{"floor":4,"key":"DuplicationPotion"},{"floor":11,"key":"SteroidPotion"},{"floor":12,"key":"SteroidPotion"},{"floor":16,"key":"PotionOfCapacity"},{"floor":21,"key":"LiquidBronze"},{"floor":24,"key":"Dexterity Potion"},{"floor":29,"key":"Weak Potion"},{"floor":33,"key":"BlessingOfTheForge"},{"floor":35,"key":"Regen Potion"}],"is_trial":false,"path_per_floor":["M","M","?","M","M","R","?","?","T","$","M","E","M","M","R","B",null,"M","?","?","M","?","E","M","R","T","$","T","M","$","?","R","B",null,"M","?","?","B"],"character_chosen":"DEFECT","items_purchased":["Machine Learning","Strange Spoon","Capacitor","Mayhem","Runic Capacitor","Capacitor"],"campfire_rested":1,"item_purchase_floors":[10,10,27,27,27,30],"current_hp_per_floor":[59,59,59,59,52,74,74,63,63,63,63,66,69,75,75,64,72,75,75,82,82,82,69,76,76,82,82,88,94,94,94,94,38,80,71,71,71,0,0],"gold":131,"neow_bonus":"BOSS_RELIC","is_daily":false,"chose_seed":false,"campfire_upgraded":3,"win_rate":0.0,"timestamp":1614220663,"path_taken":["M","M","?","M","M","R","?","?","T","?","M","E","M","M","R","BOSS","M","?","?","M","?","E","M","R","T","$","?","?","$","?","R","BOSS","M","?","?","BOSS"],"items_purchased_type":["Card","Relic","Card","Card","Relic","Card"],"build_version":"2020-12-22","purchased_purges":0,"victory":false,"max_hp_per_floor":[75,75,75,75,75,75,75,75,75,75,75,75,75,75,75,75,75,75,75,82,82,82,82,82,82,88,88,94,94,94,94,94,94,94,94,94,94,94,94],"card_choices":[{"not_picked":["Stack","Rebound"],"picked":"Cold Snap","floor":1},{"not_picked":["Steam Power","Compile Driver"],"picked":"Consume","floor":2},{"not_picked":["Go for the Eyes","Compile Driver"],"picked":"Self Repair","floor":4},{"not_picked":["Steam Power","Sweeping Beam"],"picked":"Go for the Eyes","floor":5},{"not_picked":["Ball Lightning","Coolheaded"],"picked":"White Noise","floor":11},{"not_picked":["Ball Lightning","Static Discharge"],"picked":"Storm","floor":12},{"not_picked":["Thunder Strike","Rebound"],"picked":"Beam Cell","floor":13},{"not_picked":["Hologram","Aggregate"],"picked":"Coolheaded","floor":14},{"not_picked":["Multi-Cast","Thunder Strike"],"picked":"Meteor Strike","floor":16},{"not_picked":["Lockon","Coolheaded"],"picked":"Chaos","floor":18},{"not_picked":["Go for the Eyes","Cold Snap"],"picked":"Coolheaded","floor":21},{"not_picked":["Rebound","All For One"],"picked":"Consume","floor":23},{"not_picked":["Streamline","Go for the Eyes"],"picked":"Conserve Battery","floor":24},{"not_picked":["Go for the Eyes+1","Leap+1"],"picked":"Darkness","floor":29},{"not_picked":["Multi-Cast","Machine Learning"],"picked":"Amplify","floor":33},{"not_picked":["Sweeping Beam","Beam Cell"],"picked":"Turbo+1","floor":35}],"player_experience":369878,"relics_obtained":[{"floor":9,"key":"Bird Faced Urn"},{"floor":12,"key":"Darkstone Periapt"},{"floor":23,"key":"White Beast Statue"},{"floor":26,"key":"Kunai"},{"floor":28,"key":"Toy Ornithopter"}],"event_choices":[{"damage_healed":0,"gold_gain":52,"player_choice":"Gained Gold","damage_taken":0,"max_hp_gain":0,"max_hp_loss":0,"event_name":"Golden Wing","floor":3,"gold_loss":0},{"damage_healed":0,"gold_gain":30,"player_choice":"Searched \u00273\u0027 times","damage_taken":0,"relics_obtained":["StrikeDummy"],"max_hp_gain":0,"max_hp_loss":0,"event_name":"Dead Adventurer","floor":7,"gold_loss":0},{"damage_healed":0,"gold_gain":75,"player_choice":"Gather Gold","damage_taken":11,"max_hp_gain":0,"max_hp_loss":0,"event_name":"World of Goop","floor":8,"gold_loss":0},{"damage_healed":0,"gold_gain":0,"player_choice":"Ignored","damage_taken":0,"max_hp_gain":0,"max_hp_loss":0,"event_name":"Ghosts","floor":19,"gold_loss":0},{"damage_healed":0,"gold_gain":0,"player_choice":"Opened","damage_taken":0,"relics_obtained":["Strawberry"],"max_hp_gain":0,"max_hp_loss":0,"event_name":"The Mausoleum","floor":20,"gold_loss":0},{"damage_healed":0,"gold_gain":99,"player_choice":"Stole From Cult","damage_taken":0,"max_hp_gain":0,"max_hp_loss":0,"event_name":"Nest","floor":22,"gold_loss":0},{"damage_healed":0,"gold_gain":0,"player_choice":"Gave Potion","damage_taken":0,"relics_obtained":["Juzu Bracelet"],"max_hp_gain":0,"max_hp_loss":0,"event_name":"WeMeetAgain","floor":31,"gold_loss":0},{"cards_removed":["Meteor Strike"],"damage_healed":0,"gold_gain":0,"player_choice":"Removed Attack","damage_taken":0,"max_hp_gain":0,"max_hp_loss":0,"event_name":"Falling","floor":36,"gold_loss":0},{"damage_healed":0,"gold_gain":0,"player_choice":"Took Portal","damage_taken":0,"max_hp_gain":0,"max_hp_loss":0,"event_name":"SecretPortal","floor":37,"gold_loss":0}],"is_beta":false,"boss_relics":[{"not_picked":["Busted Crown","Snecko Eye"],"picked":"Cursed Key"},{"not_picked":["SacredBark","Tiny House"],"picked":"Inserter"}],"items_purged_floors":[],"is_endless":false,"potions_floor_spawned":[4,11,12,16,21,24,29,33,35],"killed_by":"Awakened One","ascension_level":9}}