{"host":"cjhtzh7tp54jdfyv","time":1614279482,"event":{"mods":["AchievementEnabler","BaseMod","Colored Map","Colored Powertips","Curses Come First","DeckTracker","Filter the Spire","Minty Spire (QoL Compilation)","RNG Fix","Relic Sorter","Relic Stats","StSLib","UnlockEverythingMod","ojb\u0027s Better Paths Mod","ojb\u0027s Info Mod"],"gold_per_floor":[111,122,140,140,158,184,184,211,292,303,303,314,314,348,348,422,422,438,438,448,448,448,477,244,276,276,310,325,339,239,257,257,329,329,344,344,160,185,196,227,227,227,227,227,245,291,323,340,340,340,340,340,340,6,31,31],"floor_reached":57,"language":"JPN","playtime":5035,"items_purged":["Swivel+1","WindmillStrike+1","Bite+1"],"score":3005,"play_id":"76d9ba21-f584-42ff-b8c0-b7865b63c420","local_time":"20210225135802","is_ascension_mode":true,"campfire_choices":[{"data":"Eruption","floor":7,"key":"SMITH"},{"data":"CrushJoints","floor":11,"key":"SMITH"},{"floor":15,"key":"REST"},{"data":"EmptyMind","floor":32,"key":"SMITH"},{"floor":44,"key":"RECALL"},{"data":"Vault","floor":49,"key":"SMITH"},{"data":"Vault","floor":53,"key":"SMITH"}],"circlet_count":0,"master_deck":["AscendersBane","Eruption+1","Vigilance","FlurryOfBlows+1","JustLucky+1","EmptyFist+1","FearNoEvil+1","DeusExMachina","CrushJoints+1","SashWhip+1","BowlingBash+1","EmptyMind+1","Vault+1","Adaptation","CutThroughFate+1","Bite+1","Bite+1","Bite+1","Bite+1","Tantrum+1","EmptyMind+1","Scrawl","CutThroughFate+1","CrushJoints+1","Halt+1","Vault+1","PanicButton","Finesse","WaveOfTheHand","DeceiveReality","Sanctity","EmptyBody+1","Wireheading","MentalFortress"],"relics":["Astrolabe","Bird Faced Urn","Bronze Scales","Molten Egg 2","Art of War","Coffee Dripper","Mango","Pen Nib","Darkstone Periapt","Whetstone","VioletLotus","Incense Burner","PreservedInsect","Orichalcum","GoldenEye","Orrery","Toy Ornithopter"],"acts_visited":["Exordium","TheCity","TheBeyond","TheEnding"],"potions_floor_usage":[8,14,16,16,50,51],"damage_taken":[{"damage":8,"enemies":"Small Slimes","floor":1,"turns":2},{"damage":1,"enemies":"Jaw Worm","floor":2,"turns":2},{"damage":0,"enemies":"Cultist","floor":3,"turns":3},{"damage":0,"enemies":"Exordium Wildlife","floor":5,"turns":2},{"damage":17,"enemies":"3 Sentries","floor":6,"turns":5},{"damage":0,"enemies":"Gremlin Nob","floor":8,"turns":2},{"damage":0,"enemies":"Looter","floor":10,"turns":1},{"damage":0,"enemies":"Gremlin Gang","floor":12,"turns":3},{"damage":0,"enemies":"3 Sentries","floor":14,"turns":2},{"damage":21,"enemies":"The Guardian","floor":16,"turns":9},{"damage":11,"enemies":"Spheric Guardian","floor":18,"turns":3},{"damage":4,"enemies":"2 Thieves","floor":20,"turns":4},{"damage":11,"enemies":"Slavers","floor":23,"turns":4},{"damage":0,"enemies":"Gremlin Leader","floor":25,"turns":4},{"damage":14,"enemies":"Book of Stabbing","floor":27,"turns":2},{"damage":0,"enemies":"3 Cultists","floor":28,"turns":3},{"damage":4,"enemies":"Shelled Parasite and Fungi","floor":29,"turns":4},{"damage":14,"enemies":"Centurion and Healer","floor":31,"turns":5},{"damage":24,"enemies":"Champ","floor":33,"turns":5},{"damage":19,"enemies":"3 Shapes","floor":35,"turns":3},{"damage":28,"enemies":"Mind Bloom Boss Battle","floor":38,"turns":6},{"damage":0,"enemies":"3 Darklings","floor":39,"turns":3},{"damage":6,"enemies":"Nemesis","floor":40,"turns":4},{"damage":17,"enemies":"Maw","floor":45,"turns":5},{"damage":0,"enemies":"Giant Head","floor":47,"turns":5},{"damage":16,"enemies":"Jaw Worm Horde","floor":48,"turns":7},{"damage":14,"enemies":"Time Eater","floor":50,"turns":7},{"damage":73,"enemies":"Awakened One","floor":51,"turns":10},{"damage":0,"enemies":"Shield and Spear","floor":55,"turns":6},{"damage":70,"enemies":"The Heart","floor":56,"turns":10}],"seed_played":"5433364463121761230","potions_obtained":[{"floor":3,"key":"SteroidPotion"},{"floor":8,"key":"SpeedPotion"},{"floor":12,"key":"SkillPotion"},{"floor":14,"key":"Explosive Potion"},{"floor":16,"key":"Explosive Potion"},{"floor":18,"key":"SteroidPotion"},{"floor":23,"key":"Fire Potion"},{"floor":47,"key":"BottledMiracle"}],"is_trial":false,"path_per_floor":["M","M","M","?","M","E","R","E","T","M","R","M","?","E","R","B",null,"M","?","M","?","?","E","$","E","T","E","M","M","$","M","R","B",null,"M","?","$","?","M","E","?","?","T","R","M","T","E","M","R","B","B",null,"R","$","E","B",null],"character_chosen":"WATCHER","items_purchased":["Pen Nib","CrushJoints+1","Orrery","GamblersBrew","LiquidMemories"],"campfire_rested":1,"item_purchase_floors":[24,37,54,54,54],"current_hp_per_floor":[53,52,52,32,32,15,15,15,15,15,15,15,4,4,24,3,52,41,41,39,39,39,51,51,61,61,50,58,61,61,61,61,48,58,46,46,46,38,49,54,44,44,44,44,41,41,52,48,48,51,4,47,47,47,57,17],"gold":31,"neow_bonus":"BOSS_RELIC","is_daily":false,"chose_seed":false,"campfire_upgraded":5,"win_rate":0.0,"timestamp":1614279482,"path_taken":["M","M","M","?","M","E","R","E","T","?","R","M","?","E","R","BOSS","M","?","M","?","?","E","$","E","T","E","M","M","$","M","R","BOSS","M","?","$","?","M","E","?","?","T","R","M","?","E","M","R","BOSS","BOSS","R","$","E","BOSS"],"items_purchased_type":["Relic","Card","Relic","Potion","Potion"],"build_version":"2020-12-22","purchased_purges":3,"victory":true,"max_hp_per_floor":[68,68,68,68,68,68,68,68,68,68,68,68,68,68,68,68,68,68,68,68,47,47,61,61,61,61,61,61,61,61,61,61,61,61,61,61,61,61,61,61,61,61,61,61,61,61,61,61,61,61,61,61,61,61,61,61],"relic_stats":{"Darkstone Periapt":0,"counters":[30,131],"Astrolabe":["Swivel","WindmillStrike","FlurryOfBlows"],"Pen Nib":[32],"PreservedInsect":207,"Whetstone":["FearNoEvil","JustLucky"],"Orichalcum":[72],"GoldenEye":[56],"Bird Faced Urn":[38],"Bronze Scales":[268],"VioletLotus":[30],"Art of War":[11],"obtain_stats":[{"Darkstone Periapt":25,"Astrolabe":0,"Mango":23,"Pen Nib":24,"PreservedInsect":43,"Incense Burner":40,"Whetstone":27,"Orichalcum":46,"GoldenEye":47,"Bird Faced Urn":6,"Bronze Scales":8,"Orrery":54,"Molten Egg 2":9,"VioletLotus":34,"Art of War":14,"Coffee Dripper":17,"PureWater":0,"Toy Ornithopter":55},{"Darkstone Periapt":14,"Astrolabe":0,"Mango":13,"Pen Nib":13,"PreservedInsect":23,"Incense Burner":23,"Whetstone":15,"Orichalcum":24,"GoldenEye":25,"Bird Faced Urn":5,"Bronze Scales":6,"Orrery":28,"Molten Egg 2":6,"VioletLotus":19,"Art of War":9,"Coffee Dripper":10,"PureWater":0,"Toy Ornithopter":29},{"Darkstone Periapt":46,"Astrolabe":0,"Mango":42,"Pen Nib":42,"PreservedInsect":81,"Incense Burner":81,"Whetstone":48,"Orichalcum":86,"GoldenEye":91,"Bird Faced Urn":14,"Bronze Scales":16,"Orrery":115,"Molten Egg 2":16,"VioletLotus":65,"Art of War":22,"Coffee Dripper":31,"PureWater":0,"Toy Ornithopter":121}],"Toy Ornithopter":0},"card_choices":[{"not_picked":["Perseverance","Protect","FlyingSleeves"],"picked":"SKIP","floor":1},{"not_picked":["CutThroughFate","Protect"],"picked":"JustLucky","floor":2},{"not_picked":["JustLucky","WaveOfTheHand"],"picked":"EmptyFist","floor":3},{"not_picked":["Indignation","Crescendo"],"picked":"FearNoEvil","floor":5},{"not_picked":["ClearTheMind","Consecrate"],"picked":"DeusExMachina","floor":6},{"not_picked":["WheelKick","SandsOfTime"],"picked":"CrushJoints","floor":8},{"not_picked":["Wireheading","JustLucky+1"],"picked":"SashWhip+1","floor":10},{"not_picked":["JustLucky+1","ThirdEye"],"picked":"BowlingBash+1","floor":12},{"not_picked":["DeusExMachina","ThirdEye"],"picked":"EmptyMind","floor":14},{"not_picked":["Brilliance+1","Wish"],"picked":"Vault","floor":16},{"not_picked":["PathToVictory","FollowUp+1"],"picked":"Adaptation","floor":18},{"not_picked":["WindmillStrike+1","LikeWater"],"picked":"CutThroughFate+1","floor":20},{"not_picked":["Alpha","Evaluate+1"],"picked":"Tantrum+1","floor":23},{"not_picked":["ThirdEye","FollowUp+1"],"picked":"Weave+1","floor":25},{"not_picked":["Wireheading","BattleHymn"],"picked":"EmptyMind","floor":27},{"not_picked":["WindmillStrike+1","EmptyBody","Fasting2"],"picked":"SKIP","floor":28},{"not_picked":["FollowUp+1","SashWhip+1","BowlingBash+1"],"picked":"SKIP","floor":29},{"not_picked":["Worship","PathToVictory","FollowUp+1"],"picked":"SKIP","floor":31},{"not_picked":["Establishment","DeusExMachina"],"picked":"Scrawl","floor":33},{"not_picked":["Consecrate+1","SashWhip+1"],"picked":"CutThroughFate+1","floor":35},{"not_picked":["BattleHymn","JustLucky+1"],"picked":"Halt+1","floor":39},{"not_picked":["WindmillStrike+1","ThirdEye"],"picked":"Vault","floor":40},{"not_picked":["Metamorphosis","Bandage Up"],"picked":"PanicButton","floor":41},{"not_picked":["Apotheosis","Panacea"],"picked":"Finesse","floor":41},{"not_picked":["CutThroughFate+1","ThirdEye+1"],"picked":"WaveOfTheHand","floor":45},{"not_picked":["SashWhip+1","Indignation"],"picked":"DeceiveReality","floor":47},{"not_picked":["WheelKick+1","Crescendo","FlyingSleeves+1"],"picked":"SKIP","floor":48},{"not_picked":["SashWhip+1","CrushJoints+1"],"picked":"Sanctity","floor":54},{"not_picked":["Swivel","Evaluate"],"picked":"EmptyBody+1","floor":54},{"not_picked":["ClearTheMind","Sanctity"],"picked":"Wireheading","floor":54},{"not_picked":["Protect","ThirdEye"],"picked":"MentalFortress","floor":55}],"player_experience":5168008,"relics_obtained":[{"floor":6,"key":"Bird Faced Urn"},{"floor":8,"key":"Bronze Scales"},{"floor":9,"key":"Molten Egg 2"},{"floor":14,"key":"Art of War"},{"floor":23,"key":"Mango"},{"floor":25,"key":"Darkstone Periapt"},{"floor":27,"key":"Whetstone"},{"floor":40,"key":"Incense Burner"},{"floor":43,"key":"PreservedInsect"},{"floor":46,"key":"Orichalcum"},{"floor":47,"key":"GoldenEye"},{"floor":55,"key":"Toy Ornithopter"}],"event_choices":[{"damage_healed":0,"gold_gain":0,"player_choice":"Entered Light","damage_taken":20,"max_hp_gain":0,"max_hp_loss":0,"event_name":"Shining Light","floor":4,"gold_loss":0,"cards_upgraded":["Strike_P","EmptyFist"]},{"damage_healed":0,"gold_gain":0,"player_choice":"Fled","damage_taken":11,"max_hp_gain":0,"max_hp_loss":0,"event_name":"Scrap Ooze","floor":13,"gold_loss":0},{"damage_healed":0,"gold_gain":0,"player_choice":"Upgraded","damage_taken":0,"max_hp_gain":0,"max_hp_loss":0,"event_name":"Upgrade Shrine","floor":19,"gold_loss":0,"cards_upgraded":["EmptyMind"]},{"damage_healed":0,"gold_gain":0,"player_choice":"Became a vampire","damage_taken":0,"max_hp_gain":0,"max_hp_loss":21,"event_name":"Vampires","floor":21,"gold_loss":0,"cards_obtained":["Bite","Bite","Bite","Bite","Bite"]},{"cards_removed":["Defend_P"],"damage_healed":0,"gold_gain":0,"player_choice":"Elegance","damage_taken":0,"max_hp_gain":0,"max_hp_loss":0,"event_name":"Back to Basics","floor":22,"gold_loss":0},{"cards_removed":["Weave"],"damage_healed":0,"gold_gain":0,"player_choice":"Removed Attack","damage_taken":0,"max_hp_gain":0,"max_hp_loss":0,"event_name":"Falling","floor":36,"gold_loss":0},{"damage_healed":0,"gold_gain":0,"player_choice":"Fight","damage_taken":0,"max_hp_gain":0,"max_hp_loss":0,"event_name":"MindBloom","floor":38,"gold_loss":0},{"damage_healed":0,"gold_gain":0,"player_choice":"Memory 3","damage_taken":10,"max_hp_gain":0,"max_hp_loss":0,"event_name":"SensoryStone","floor":41,"gold_loss":0},{"damage_healed":0,"gold_gain":0,"player_choice":"Ignored","damage_taken":0,"max_hp_gain":0,"max_hp_loss":0,"event_name":"Tomb of Lord Red Mask","floor":42,"gold_loss":0}],"is_beta":false,"boss_relics":[{"not_picked":["Ectoplasm","SlaversCollar"],"picked":"Coffee Dripper"},{"not_picked":["Velvet Choker","Cursed Key"],"picked":"VioletLotus"}],"items_purged_floors":[24,30,37],"is_endless":false,"potions_floor_spawned":[3,8,12,14,16,18,23,29,38,47,48],"ascension_level":20}}