{"host":"0ghi9uxs64f8c30g","time":1614284946,"event":{"mods":["BaseMod","Minty Spire (QoL Compilation)","StSLib"],"gold_per_floor":[114,114,114,114,114,142,142,154,177,177,189,114,114,14,14,110,110,122,132,7,23,23,49,49,69,69,95,95,22,34,59,59,161,161,174,103,119,119,119,146,146,193,193,193,212,238,238,252,252,252],"floor_reached":51,"language":"ENG","playtime":2113,"items_purged":["Strike_G","Defend_G","Strike_G"],"score":997,"play_id":"f9369638-db83-4d4d-8e14-36840ab0a4cb","local_time":"20210225212906","is_ascension_mode":true,"campfire_choices":[{"floor":7,"key":"REST"},{"floor":13,"key":"REST"},{"data":"Finisher","floor":15,"key":"SMITH"},{"data":"Accuracy","floor":24,"key":"SMITH"},{"floor":32,"key":"REST"},{"data":"Infinite Blades","floor":41,"key":"SMITH"},{"data":"Acrobatics","floor":47,"key":"SMITH"},{"floor":49,"key":"REST"}],"circlet_count":0,"master_deck":["Strike_G+1","Strike_G","Defend_G","Defend_G","Survivor+1","Neutralize","Dagger Spray","Blade Dance","Finisher+1","After Image","Backstab","Blade Dance+1","Accuracy+1","Blur","Accuracy","All Out Attack","Outmaneuver+1","Adrenaline","Accuracy+1","Infinite Blades+1","Enlightenment","Acrobatics+1","Cloak And Dagger+1"],"relics":["Ring of the Serpent","Gremlin Horn","HornCleat","Ancient Tea Set","NlothsMask","Cursed Key","Bottled Tornado","Ninja Scroll","Red Mask","Toy Ornithopter","CaptainsWheel","Boot"],"acts_visited":["Exordium","TheCity","TheBeyond"],"potions_floor_usage":[6,16,23,33,33,50,50,50],"damage_taken":[{"damage":4,"enemies":"Small Slimes","floor":1,"turns":6},{"damage":42,"enemies":"3 Sentries","floor":6,"turns":16},{"damage":0,"enemies":"2 Louse","floor":8,"turns":2},{"damage":0,"enemies":"Cultist","floor":11,"turns":3},{"damage":13,"enemies":"Hexaghost","floor":16,"turns":9},{"damage":0,"enemies":"3 Byrds","floor":18,"turns":2},{"damage":7,"enemies":"2 Thieves","floor":19,"turns":3},{"damage":0,"enemies":"Shelled Parasite and Fungi","floor":21,"turns":4},{"damage":12,"enemies":"Book of Stabbing","floor":23,"turns":5},{"damage":0,"enemies":"Snecko","floor":25,"turns":4},{"damage":0,"enemies":"Gremlin Leader","floor":27,"turns":3},{"damage":10,"enemies":"Snake Plant","floor":30,"turns":3},{"damage":0,"enemies":"Masked Bandits","floor":31,"turns":2},{"damage":0,"enemies":"Collector","floor":33,"turns":5},{"damage":0,"enemies":"Orb Walker","floor":35,"turns":2},{"damage":0,"enemies":"3 Shapes","floor":37,"turns":2},{"damage":0,"enemies":"Giant Head","floor":40,"turns":5},{"damage":0,"enemies":"2 Orb Walkers","floor":42,"turns":2},{"damage":0,"enemies":"Jaw Worm Horde","floor":45,"turns":3},{"damage":7,"enemies":"Reptomancer","floor":46,"turns":3},{"damage":19,"enemies":"4 Shapes","floor":48,"turns":2},{"damage":27,"enemies":"Awakened One","floor":50,"turns":6}],"seed_played":"8156241502689359056","potions_obtained":[{"floor":1,"key":"GhostInAJar"},{"floor":8,"key":"EssenceOfSteel"},{"floor":16,"key":"Weak Potion"},{"floor":18,"key":"AttackPotion"},{"floor":19,"key":"CultistPotion"},{"floor":23,"key":"Strength Potion"},{"floor":37,"key":"Dexterity Potion"},{"floor":40,"key":"CunningPotion"}],"is_trial":false,"path_per_floor":["M","?","?","?","?","E","R","M","T","?","M","$","R","$","R","B",null,"M","M","$","M","$","E","R","M","T","E","?","$","M","?","R","B",null,"M","$","M","?","?","E","R","?","T","T","M","E","R","M","R","B",null],"character_chosen":"THE_SILENT","items_purchased":["Accuracy","Infinite Blades"],"campfire_rested":4,"item_purchase_floors":[29,36],"current_hp_per_floor":[66,52,40,63,56,14,35,35,35,35,35,35,56,56,56,43,70,70,63,63,63,63,51,51,51,51,51,38,38,28,28,50,50,75,75,75,75,75,75,75,75,75,75,75,75,68,68,49,71,48],"gold":252,"neow_bonus":"REMOVE_CARD","is_daily":false,"chose_seed":false,"campfire_upgraded":4,"win_rate":0.0,"timestamp":1614284946,"path_taken":["M","?","?","?","?","E","R","M","T","?","M","$","R","$","R","BOSS","M","M","$","M","?","E","R","M","T","E","?","$","M","?","R","BOSS","M","$","M","?","?","E","R","?","T","?","M","E","R","M","R","BOSS"],"items_purchased_type":["Card","Card"],"build_version":"2020-12-22","purchased_purges":3,"victory":true,"max_hp_per_floor":[70,70,70,70,70,70,70,70,70,70,70,70,70,70,70,70,70,70,70,70,70,70,70,70,70,70,70,75,75,75,75,75,75,75,75,75,75,75,75,75,75,75,75,75,75,75,75,75,75,75],"card_choices":[{"not_picked":["Tactician","Underhanded Strike","Reflex"],"picked":"SKIP","floor":1},{"not_picked":["Blade Dance","Slice"],"picked":"Dagger Spray","floor":6},{"not_picked":["Underhanded Strike","Noxious Fumes"],"picked":"Blade Dance","floor":8},{"not_picked":["Dagger Throw","Underhanded Strike"],"picked":"Finisher","floor":11},{"not_picked":["Grand Finale","Doppelganger"],"picked":"After Image","floor":16},{"not_picked":["Bane","Skewer+1","Choke"],"picked":"SKIP","floor":18},{"not_picked":["Sucker Punch","Noxious Fumes"],"picked":"Backstab","floor":19},{"not_picked":["Predator+1","Concentrate"],"picked":"Blade Dance+1","floor":21},{"not_picked":["Deflect","Acrobatics"],"picked":"Accuracy","floor":23},{"not_picked":["Endless Agony+1","Bane"],"picked":"Blur","floor":25},{"not_picked":["Predator","Prepared","Storm of Steel"],"picked":"SKIP","floor":27},{"not_picked":["Tactician+1","Dodge and Roll"],"picked":"All Out Attack","floor":30},{"not_picked":["Expertise","Cloak And Dagger"],"picked":"Outmaneuver+1","floor":31},{"not_picked":["Envenom","Glass Knife"],"picked":"Adrenaline","floor":33},{"not_picked":["Crippling Poison+1","Tactician"],"picked":"Accuracy+1","floor":35},{"not_picked":["Dagger Spray+1","Poisoned Stab+1","Dodge and Roll"],"picked":"SKIP","floor":37},{"not_picked":["Purity","Magnetism"],"picked":"Enlightenment","floor":38},{"not_picked":["Dagger Spray+1","Predator"],"picked":"Acrobatics","floor":40},{"not_picked":["Reflex+1","Acrobatics","Cloak And Dagger"],"picked":"SKIP","floor":45},{"not_picked":["Bane+1","Tactician+1","Prepared"],"picked":"SKIP","floor":46},{"not_picked":["Dagger Throw+1","Underhanded Strike"],"picked":"Cloak And Dagger+1","floor":48}],"player_experience":220364,"relics_obtained":[{"floor":6,"key":"HornCleat"},{"floor":9,"key":"Ancient Tea Set"},{"floor":23,"key":"Bottled Tornado"},{"floor":27,"key":"Ninja Scroll"},{"floor":31,"key":"Red Mask"},{"floor":40,"key":"Toy Ornithopter"},{"floor":42,"key":"CaptainsWheel"},{"floor":46,"key":"Boot"}],"event_choices":[{"damage_healed":0,"gold_gain":0,"player_choice":"Entered Light","damage_taken":14,"max_hp_gain":0,"max_hp_loss":0,"event_name":"Shining Light","floor":2,"gold_loss":0,"cards_upgraded":["Survivor","Strike_G"]},{"damage_healed":0,"gold_gain":0,"player_choice":"Success","damage_taken":12,"relics_obtained":["Gremlin Horn"],"max_hp_gain":0,"max_hp_loss":0,"event_name":"Scrap Ooze","floor":3,"gold_loss":0},{"damage_healed":23,"gold_gain":0,"player_choice":"Banana","damage_taken":0,"max_hp_gain":0,"max_hp_loss":0,"event_name":"Big Fish","floor":4,"gold_loss":0},{"cards_removed":["Defend_G"],"damage_healed":0,"gold_gain":0,"player_choice":"Card Removal","damage_taken":7,"max_hp_gain":0,"max_hp_loss":0,"event_name":"Golden Wing","floor":5,"gold_loss":0},{"damage_healed":0,"gold_gain":0,"player_choice":"Trade","damage_taken":0,"relics_obtained":["NlothsMask"],"max_hp_gain":0,"max_hp_loss":0,"event_name":"FaceTrader","floor":10,"gold_loss":0},{"damage_healed":0,"gold_gain":0,"player_choice":"Shed Blood","damage_taken":18,"max_hp_gain":5,"max_hp_loss":0,"event_name":"Forgotten Altar","floor":28,"gold_loss":0},{"damage_healed":0,"gold_gain":0,"player_choice":"Fought Bandits","damage_taken":0,"max_hp_gain":0,"max_hp_loss":0,"event_name":"Masked Bandits","floor":31,"gold_loss":0},{"damage_healed":0,"gold_gain":0,"player_choice":"Memory 1","damage_taken":0,"max_hp_gain":0,"max_hp_loss":0,"event_name":"SensoryStone","floor":38,"gold_loss":0},{"cards_removed":["Defend_G"],"damage_healed":0,"gold_gain":0,"player_choice":"Removed Skill","damage_taken":0,"max_hp_gain":0,"max_hp_loss":0,"event_name":"Falling","floor":39,"gold_loss":0},{"damage_healed":0,"gold_gain":0,"player_choice":"Fight","damage_taken":0,"max_hp_gain":0,"max_hp_loss":0,"event_name":"Mysterious Sphere","floor":42,"gold_loss":0}],"is_beta":false,"boss_relics":[{"not_picked":["Fusion Hammer","Snecko Eye"],"picked":"Cursed Key"},{"not_picked":["SacredBark","Empty Cage"],"picked":"Ring of the Serpent"}],"items_purged_floors":[12,14,20],"is_endless":false,"potions_floor_spawned":[1,8,16,18,19,23,31,37,40,42,46],"ascension_level":4}}