{"host":"IMPacifista","time":1614237792,"event":{"mods":["BaseMod","Minty Spire (QoL Compilation)"],"gold_per_floor":[115,115,115,135,153,178,178,51,77,106,125,147,147,166,166,263,263,273,298,308,308,324,324,349,365,391,416,416,433,450,181,181,278,278,291,513,530,540,321,321,321,10,10,38,38,57,57,57],"floor_reached":47,"language":"ENG","playtime":5032,"items_purged":[],"score":606,"play_id":"31919525-dbe4-4cc2-8632-40cac98d7d18","local_time":"20210224232312","is_ascension_mode":true,"campfire_choices":[{"data":"Chill","floor":7.0,"key":"SMITH"},{"data":"Loop","floor":15.0,"key":"SMITH"},{"floor":23.0,"key":"REST"},{"floor":28.0,"key":"REST"},{"data":"Streamline","floor":32.0,"key":"SMITH"},{"data":"Blizzard","floor":40.0,"key":"SMITH"}],"circlet_count":0,"master_deck":["Strike_B","Strike_B","Strike_B","Strike_B","Defend_B","Defend_B","Defend_B","Zap","Dualcast","Loop+1","Glacier","Chill+1","Defragment+1","Self Repair","Streamline","Gash","Coolheaded","Seek","Redo","Biased Cognition","Compile Driver","Leap","Cold Snap+1","Rebound","Streamline+1","FTL","Gash","Seek","Cold Snap","Self Repair","All For One","Conserve Battery","Force Field+1","Gash+1","Coolheaded","Blizzard+1","Gash","BootSequence","Beam Cell+1"],"relics":["Cracked Core","NeowsBlessing","Bag of Preparation","Boot","Pocketwatch","Odd Mushroom","Black Star","Red Mask","TungstenRod","Sundial","Pen Nib","Oddly Smooth Stone","Orichalcum","Regal Pillow","Inserter","Calipers","Bottled Lightning","Vajra","Toxic Egg 2"],"acts_visited":["Exordium","TheCity","TheBeyond"],"potions_floor_usage":[],"damage_taken":[{"damage":0.0,"enemies":"Small Slimes","floor":1.0,"turns":1.0},{"damage":0.0,"enemies":"2 Louse","floor":4.0,"turns":1.0},{"damage":0.0,"enemies":"Cultist","floor":5.0,"turns":1.0},{"damage":29.0,"enemies":"Lagavulin","floor":6.0,"turns":13.0},{"damage":3.0,"enemies":"3 Sentries","floor":10.0,"turns":13.0},{"damage":6.0,"enemies":"2 Fungi Beasts","floor":11.0,"turns":4.0},{"damage":7.0,"enemies":"The Mushroom Lair","floor":12.0,"turns":6.0},{"damage":0.0,"enemies":"Looter","floor":14.0,"turns":4.0},{"damage":19.0,"enemies":"Hexaghost","floor":16.0,"turns":15.0},{"damage":0.0,"enemies":"Chosen","floor":18.0,"turns":4.0},{"damage":68.0,"enemies":"Masked Bandits","floor":19.0,"turns":10.0},{"damage":0.0,"enemies":"Spheric Guardian","floor":20.0,"turns":6.0},{"damage":9.0,"enemies":"Centurion and Healer","floor":22.0,"turns":12.0},{"damage":24.0,"enemies":"Slavers","floor":24.0,"turns":9.0},{"damage":0.0,"enemies":"Cultist and Chosen","floor":25.0,"turns":9.0},{"damage":8.0,"enemies":"Book of Stabbing","floor":27.0,"turns":9.0},{"damage":3.0,"enemies":"Sentry and Sphere","floor":29.0,"turns":8.0},{"damage":0.0,"enemies":"Centurion and Healer","floor":30.0,"turns":9.0},{"damage":25.0,"enemies":"Automaton","floor":33.0,"turns":15.0},{"damage":0.0,"enemies":"3 Shapes","floor":35.0,"turns":7.0},{"damage":0.0,"enemies":"3 Darklings","floor":37.0,"turns":8.0},{"damage":13.0,"enemies":"Maw","floor":38.0,"turns":9.0},{"damage":43.0,"enemies":"Reptomancer","floor":44.0,"turns":9.0},{"damage":3.0,"enemies":"Spire Growth","floor":46.0,"turns":6.0},{"damage":64,"enemies":"Transient","floor":47,"turns":3}],"seed_played":"274811864773147998","potions_obtained":[{"floor":1.0,"key":"Regen Potion"},{"floor":5.0,"key":"BlessingOfTheForge"},{"floor":11.0,"key":"BlessingOfTheForge"},{"floor":14.0,"key":"EssenceOfDarkness"},{"floor":18.0,"key":"Regen Potion"},{"floor":19.0,"key":"Explosive Potion"},{"floor":25.0,"key":"Fire Potion"},{"floor":27.0,"key":"FocusPotion"},{"floor":33.0,"key":"CultistPotion"},{"floor":35.0,"key":"SkillPotion"},{"floor":46.0,"key":"SneckoOil"}],"is_trial":false,"path_per_floor":["M","?","?","M","M","E","R","$","T","E","M","?","?","M","R","B",null,"M","?","M","?","M","R","E","M","T","E","R","M","M","$","R","B",null,"M","?","M","M","$","R","?","$","T","E","?","M","M"],"character_chosen":"DEFECT","items_purchased":["Self Repair","Streamline","Regal Pillow","Cold Snap","Self Repair","Coolheaded","Blizzard","Gash","BootSequence","Calipers"],"campfire_rested":2,"item_purchase_floors":[8,8,31,31,31,39,39,39,39,42],"current_hp_per_floor":[75,75,75,75,75,46,46,46,46,65,66,66,66,73,73,61,75,75,29,36,36,34,56,39,46,46,45,67,71,75,75,75,67,75,75,75,75,75,75,75,71,71,71,35,35,46,0,0],"gold":57,"neow_bonus":"THREE_ENEMY_KILL","is_daily":false,"chose_seed":false,"campfire_upgraded":4,"win_rate":0.0,"timestamp":1614237792,"path_taken":["M","?","?","?","M","E","R","$","T","E","M","?","?","M","R","BOSS","M","?","M","?","M","R","E","M","T","E","R","M","?","$","R","BOSS","M","?","M","M","$","R","?","$","T","E","?","?","M"],"items_purchased_type":["Card","Card","Relic","Card","Card","Card","Card","Card","Card","Relic"],"build_version":"2020-12-18","purchased_purges":0,"victory":false,"max_hp_per_floor":[75,75,75,75,75,75,75,75,75,75,75,75,75,75,75,75,75,75,75,75,75,75,75,75,75,75,75,75,75,75,75,75,75,75,75,75,75,75,75,75,71,71,71,71,71,71,71,71],"card_choices":[{"not_picked":["Leap","Heatsinks"],"picked":"Loop","floor":1.0},{"not_picked":["Sunder","Redo"],"picked":"Glacier","floor":4.0},{"not_picked":["Go for the Eyes","Reprogram"],"picked":"Chill","floor":5.0},{"not_picked":["Melter","Beam Cell"],"picked":"Defragment","floor":6.0},{"not_picked":["Darkness","Steam"],"picked":"Gash","floor":10.0},{"not_picked":["Turbo","Auto Shields"],"picked":"Coolheaded","floor":11.0},{"not_picked":["Double Energy","Reinforced Body"],"picked":"Seek","floor":12.0},{"not_picked":["Genetic Algorithm","Chaos"],"picked":"Redo","floor":14.0},{"not_picked":["Fission","Electrodynamics"],"picked":"Biased Cognition","floor":16.0},{"not_picked":["Go for the Eyes","Skim+1"],"picked":"Compile Driver","floor":18.0},{"not_picked":["Doom and Gloom+1","Sweeping Beam"],"picked":"Leap","floor":19.0},{"not_picked":["Coolheaded+1","Go for the Eyes"],"picked":"Cold Snap","floor":20.0},{"not_picked":["Go for the Eyes","Aggregate"],"picked":"Rebound","floor":22.0},{"not_picked":["Heatsinks+1","Ball Lightning","Chaos"],"picked":"SKIP","floor":24.0},{"not_picked":["Rip and Tear","Hologram"],"picked":"Streamline","floor":25.0},{"not_picked":["Turbo+1","Reinforced Body"],"picked":"FTL","floor":27.0},{"not_picked":["Steam+1","Recycle"],"picked":"Gash","floor":29.0},{"not_picked":["Lockon","Barrage"],"picked":"Seek","floor":30.0},{"not_picked":["Amplify","Multi-Cast"],"picked":"All For One","floor":33.0},{"not_picked":["Steam","Skim"],"picked":"Conserve Battery","floor":35.0},{"not_picked":["Redo","Turbo"],"picked":"Force Field+1","floor":37.0},{"not_picked":["Go for the Eyes","Ball Lightning"],"picked":"Gash+1","floor":38.0},{"not_picked":["Biased Cognition","Ball Lightning","Reinforced Body+1"],"picked":"SKIP","floor":44.0},{"not_picked":["Steam+1","Compile Driver+1"],"picked":"Beam Cell+1","floor":46.0}],"player_experience":343375,"relics_obtained":[{"floor":6.0,"key":"Bag of Preparation"},{"floor":9.0,"key":"Boot"},{"floor":10.0,"key":"Pocketwatch"},{"floor":12.0,"key":"Odd Mushroom"},{"floor":19.0,"key":"Red Mask"},{"floor":24.0,"key":"TungstenRod"},{"floor":24.0,"key":"Sundial"},{"floor":26.0,"key":"Pen Nib"},{"floor":27.0,"key":"Oddly Smooth Stone"},{"floor":27.0,"key":"Orichalcum"},{"floor":43.0,"key":"Bottled Lightning"},{"floor":44.0,"key":"Vajra"},{"floor":44.0,"key":"Toxic Egg 2"}],"event_choices":[{"damage_healed":0.0,"max_hp_gain":0.0,"max_hp_loss":0.0,"gold_gain":0.0,"event_name":"The Cleric","player_choice":"Leave","floor":2.0,"gold_loss":0.0,"damage_taken":0.0},{"damage_healed":0.0,"max_hp_gain":0.0,"max_hp_loss":0.0,"gold_gain":0.0,"event_name":"Wheel of Change","player_choice":"Full Heal","floor":3.0,"gold_loss":0.0,"damage_taken":0.0},{"damage_healed":0.0,"max_hp_gain":0.0,"max_hp_loss":0.0,"gold_gain":0.0,"event_name":"Mushrooms","player_choice":"Fought Mushrooms","floor":12.0,"gold_loss":0.0,"damage_taken":0.0},{"damage_healed":0.0,"max_hp_gain":0.0,"max_hp_loss":0.0,"gold_gain":0.0,"event_name":"Living Wall","player_choice":"Grow","floor":13.0,"gold_loss":0.0,"damage_taken":0.0,"cards_upgraded":["Defragment"]},{"damage_healed":0.0,"max_hp_gain":0.0,"max_hp_loss":0.0,"gold_gain":0.0,"event_name":"Masked Bandits","player_choice":"Fought Bandits","floor":19.0,"gold_loss":0.0,"damage_taken":0.0},{"damage_healed":0.0,"max_hp_gain":0.0,"max_hp_loss":0.0,"gold_gain":0.0,"event_name":"Accursed Blacksmith","player_choice":"Forge","floor":21.0,"gold_loss":0.0,"damage_taken":0.0,"cards_upgraded":["Cold Snap"]},{"damage_healed":0.0,"max_hp_gain":0.0,"max_hp_loss":0.0,"gold_gain":222.0,"event_name":"Tomb of Lord Red Mask","player_choice":"Wore Mask","floor":36.0,"gold_loss":0.0,"damage_taken":0.0},{"damage_healed":0.0,"max_hp_gain":0.0,"max_hp_loss":4.0,"gold_gain":0.0,"event_name":"Winding Halls","player_choice":"Max HP","floor":41.0,"gold_loss":0.0,"damage_taken":0.0},{"cards_removed":["Defend_B"],"damage_healed":0.0,"max_hp_gain":0.0,"max_hp_loss":0.0,"gold_gain":0.0,"event_name":"Falling","player_choice":"Removed Skill","floor":45.0,"gold_loss":0.0,"damage_taken":0.0}],"is_beta":true,"boss_relics":[{"not_picked":["Snecko Eye","Sozu"],"picked":"Black Star"},{"not_picked":["Nuclear Battery","Coffee Dripper"],"picked":"Inserter"}],"items_purged_floors":[],"is_endless":false,"potions_floor_spawned":[1,5,11,14,18,19,25,27,33,35,46],"killed_by":"Transient","ascension_level":2}}