{"host":"gm50ke85n5jz306u","time":1614252997,"event":{"mods":["AchievementEnabler","AlwaysNeverKeys","Aspiration","BaseMod","Beaked The Cultist","Bestiary","Better Altar","Better Match","Better Note","Better Sensory Stone","Better Skull","Better Third Choice","Better Vampires","Better-Laid Plans","BetterRewards","Colored Powertips","Curses Come First","DNKmod","Defuse TimeMaze Blight","Disable Question Mark Monsters","Displayed Cursed Tome","Downfall","Emptier Cage","Extra Virgin Snecko Oil","Filter the Spire","Friendly Minions","Gremlin Skip","Hermit","Hubris","Hyrulean Relics","Ironclad Rager","Koishi","Lobotomy","Marisa????????","Marked Mod","Minty Spire (QoL Compilation)","Permanent Neow","Poor People Problems","Quick Restart","Reimu??????","Relic Filter Mod","Relic Sorter","Remove Card Discount Mod","Reorder Act Four","Replay The Spire","Shop Mod","StSLib","Synergy Search","Td1madao Mod","The Administrix","The Animator","The Blue Laboratory","The Bug Knight","The Construct","The Cursed","The Disciple","The Hierophant","The Necromancer","The Runesmith","The Senshi","The Servant 0.9.4","Thieving Mod","Transform Curses","WarShipGirlsR/????R mod"],"gold_per_floor":[10012,10028,8952,8971,8896,8896,8907,8907,8932,8950,8961,8975,9005,9055,9055,9134,9134,9144,9069,8406,8421,8421,8421],"floor_reached":22,"language":"ENG","playtime":1396,"items_purged":["Bash","Strike_R","Strike_R","Strike_R","Strike_R","Strike_R"],"score":310,"play_id":"9e9c4ea3-36e1-455e-b61f-7649b395591a","local_time":"20210225123637","is_ascension_mode":true,"campfire_choices":[{"data":"Entrench","floor":6,"key":"SMITH"},{"data":"Sword Boomerang","floor":8,"key":"SMITH"},{"data":"Shrug It Off","floor":15,"key":"SMITH"}],"circlet_count":0,"master_deck":["AscendersBane","Defend_R","Defend_R","Defend_R","Defend_R","Headbutt","Sword Boomerang+1","Entrench+1","Rage+1","Flex","Cleave","Cleave","Headbutt","Shrug It Off+1","Iron Wave","Berserk","Demon Form"],"relics":["Burning Blood","Ornamental Fan","Replay:Rubber Ducky","SlaversCollar","MerchantsRug","Replay:Mystery Machine","theSenshi:FeatherClipsRelic","hubris:EmptyBottle","HollowMod:StagPassRelic","Meat on the Bone","Bottled Tornado","Cauldron"],"acts_visited":["Exordium","TheCity"],"potions_floor_usage":[18,21,22,22],"damage_taken":[{"damage":9,"enemies":"2 Louse","floor":1,"turns":3},{"damage":1,"enemies":"Cultist","floor":2,"turns":3},{"damage":0,"enemies":"Small Slimes","floor":4,"turns":5},{"damage":10,"enemies":"3 Louse","floor":7,"turns":4},{"damage":3,"enemies":"Blue Slaver","floor":10,"turns":3},{"damage":13,"enemies":"Red Slaver","floor":11,"turns":4},{"damage":7,"enemies":"2 Fungi Beasts","floor":12,"turns":3},{"damage":15,"enemies":"3 Sentries","floor":13,"turns":4},{"damage":53,"enemies":"The Guardian","floor":16,"turns":13},{"damage":7,"enemies":"Chosen","floor":18,"turns":7},{"damage":57,"enemies":"3 Byrds","floor":21,"turns":8},{"damage":87,"enemies":"Snake Plant","floor":22,"turns":7}],"seed_played":"-56490578663932933","potions_obtained":[{"floor":10,"key":"BloodPotion"},{"floor":20,"key":"BloodPotion"}],"is_trial":false,"path_per_floor":["M","M","$","M","?","R","M","R","T","M","M","M","E","?","R","B",null,"M","?","$","M","M"],"character_chosen":"IRONCLAD","items_purchased":["HollowMod:StagPassRelic","hubris:EmptyBottle","theSenshi:FeatherClipsRelic","MerchantsRug","Entrench","Ancient Potion","Ancient Potion","Rage+1","Bottled Tornado","Ornamental Fan","Cauldron"],"campfire_rested":0,"item_purchase_floors":[3,3,3,3,3,3,3,3,20,20,20],"current_hp_per_floor":[69,74,74,80,80,80,80,80,80,80,79,80,77,57,57,28,67,72,72,72,55,0,0],"gold":8421,"neow_bonus":"THREE_CARDS","is_daily":false,"chose_seed":false,"campfire_upgraded":3,"win_rate":0.0,"timestamp":1614252997,"path_taken":["M","M","$","M","?","R","M","R","T","M","M","?","E","?","R","BOSS","M","?","$","M","M"],"items_purchased_type":["Relic","Relic","Relic","Relic","Card","Potion","Potion","Card","Relic","Relic","Relic"],"build_version":"2020-12-22","purchased_purges":6,"victory":false,"max_hp_per_floor":[80,80,80,80,80,80,80,80,80,80,80,80,80,80,80,80,80,80,80,80,80,80,80],"card_choices":[{"not_picked":["Flex","Shockwave"],"picked":"Headbutt","floor":0},{"not_picked":["Clash","hubris:CleavingFinish"],"picked":"Sword Boomerang","floor":1},{"not_picked":["Pommel Strike","Defy Death","hubris:SharpeningStone"],"picked":"SKIP","floor":2},{"not_picked":["Ghostly Armor","Perfected Strike"],"picked":"Flex","floor":4},{"not_picked":["Pommel Strike","Clothesline"],"picked":"Cleave","floor":5},{"not_picked":["Combust","Evolve"],"picked":"Cleave","floor":7},{"not_picked":["ReplayTheSpireMod:Muscle Training","Perfected Strike"],"picked":"Headbutt","floor":10},{"not_picked":["Dark Embrace","Thunderclap"],"picked":"Shrug It Off","floor":11},{"not_picked":["True Grit","Evolve"],"picked":"Iron Wave","floor":12},{"not_picked":["Disarm","Flame Barrier","Cleave"],"picked":"SKIP","floor":13},{"not_picked":["Demonic Infusion","Impervious"],"picked":"Berserk","floor":16},{"not_picked":["Warcry","Wild Strike","Abandon"],"picked":"SKIP","floor":18},{"not_picked":["Eclipse","Corruption"],"picked":"Demon Form","floor":19},{"not_picked":["Thunderclap+1","Sever Soul","Clothesline+1"],"picked":"SKIP","floor":21}],"player_experience":473515,"relics_obtained":[{"floor":9,"key":"Replay:Mystery Machine"},{"floor":13,"key":"Meat on the Bone"},{"floor":14,"key":"Replay:Rubber Ducky"}],"event_choices":[{"damage_healed":0,"gold_gain":0,"player_choice":"1","damage_taken":0,"max_hp_gain":0,"max_hp_loss":0,"event_name":"betterMatch:BetterMatch","floor":5,"gold_loss":0,"cards_obtained":["betterMatch:CommonCard","betterMatch:RareCard"]},{"damage_healed":0,"gold_gain":0,"player_choice":"1","damage_taken":0,"max_hp_gain":0,"max_hp_loss":0,"event_name":"betterMatch:BetterMatch","floor":19,"gold_loss":0,"cards_obtained":["betterMatch:UncommonCard","betterMatch:RareCard"]}],"is_beta":false,"boss_relics":[{"not_picked":["Runic Dome","beaked:MawFillet"],"picked":"SlaversCollar"}],"items_purged_floors":[3,3,20,20,20,20],"is_endless":false,"potions_floor_spawned":[2,7,10,13,16],"killed_by":"Snake Plant","ascension_level":13}}