{"host":"fnlf8nl5agtxb8g8","time":1614219845,"event":{"mods":["Act Like it!","BaseMod","Better Altar","Better Match","Better Note","Better Sensory Stone","Better Skull","Better Third Choice","Better Vampires","Downfall","Minty Spire (QoL Compilation)","Quick Restart","Rare Cards Sparkle","StSLib"],"gold_per_floor":[99,118,218,218,235,410,410,440,472,484,99,131,147,164,180,276,276,276,296,296,310,310,330,330,361,361,390,401,421,421,158,177,274,274,274,287,287,287,334,347,371,398,409,424,328,328,359,373,389,389],"floor_reached":51,"language":"ENG","playtime":5914,"items_purged":["Doubt","Guardian:Defend_Guardian","Guardian:Defend_Guardian"],"score":849,"play_id":"596f9907-6832-4364-8634-8d2dfbb70e92","local_time":"20210224202405","is_ascension_mode":true,"campfire_choices":[{"data":"Guardian:TwinSlam","floor":1,"key":"SMITH"},{"data":"Guardian:Suspension","floor":10,"key":"SMITH"},{"data":"Guardian:RefractedBeam","floor":18,"key":"SMITH"},{"data":"Guardian:CompilePackage","floor":30,"key":"SMITH"},{"data":"Guardian:StasisEngine","floor":35,"key":"SMITH"},{"floor":46,"key":"RECALL"}],"circlet_count":0,"master_deck":["Guardian:Strike_Guardian","Guardian:Strike_Guardian","Guardian:Strike_Guardian","Guardian:Strike_Guardian","Guardian:Defend_Guardian","Guardian:TwinSlam+1","Guardian:Suspension+1","Guardian:ShieldCharger","Guardian:StasisField","Guardian:CompilePackage+1","Guardian:Suspension","Guardian:ExploitGems","Slimebound:TagTeam+1","Guardian:StasisEngine+1","Guardian:Harden+1","Guardian:CompilePackage+1"],"relics":["Guardian:ModeShifterPlus","Blood Vial","MawBank","Medical Kit","Shuriken","hexamod:Sixitude","Sundial","FaceOfCleric","Oddly Smooth Stone","Guardian:BottledStasis","Busted Crown","Du-Vu Doll","Juzu Bracelet","DollysMirror","Lantern","Girya"],"acts_visited":["Exordium","TheCity","TheBeyond"],"potions_floor_usage":[8,16,27],"damage_taken":[{"damage":2,"enemies":"2 Louse","floor":2,"turns":3},{"damage":3,"enemies":"Small Slimes","floor":5,"turns":4},{"damage":38,"enemies":"Lagavulin","floor":8,"turns":12},{"damage":1,"enemies":"Jaw Worm","floor":9,"turns":6},{"damage":10,"enemies":"downfall:FleeingMerchant","floor":11,"turns":4},{"damage":10,"enemies":"3 Sentries","floor":12,"turns":9},{"damage":9,"enemies":"Blue Slaver","floor":13,"turns":2},{"damage":0,"enemies":"2 Fungi Beasts","floor":14,"turns":3},{"damage":15,"enemies":"Large Slime","floor":15,"turns":5},{"damage":42,"enemies":"WA_ARCHETYPE_RETAIN","floor":16,"turns":9},{"damage":0,"enemies":"Chosen","floor":19,"turns":4},{"damage":0,"enemies":"Shell Parasite","floor":21,"turns":4},{"damage":0,"enemies":"Chosen and Byrds","floor":23,"turns":5},{"damage":26,"enemies":"Slavers","floor":25,"turns":5},{"damage":0,"enemies":"Gremlin Leader","floor":27,"turns":4},{"damage":0,"enemies":"Snake Plant","floor":28,"turns":3},{"damage":0,"enemies":"Snecko","floor":29,"turns":4},{"damage":0,"enemies":"downfall:FleeingMerchant","floor":31,"turns":4},{"damage":0,"enemies":"Cultist and Chosen","floor":32,"turns":3},{"damage":27,"enemies":"SI_MIRROR_ARCHETYPE","floor":33,"turns":9},{"damage":0,"enemies":"3 Shapes","floor":36,"turns":3},{"damage":0,"enemies":"2 Orb Walkers","floor":39,"turns":4},{"damage":0,"enemies":"Orb Walker","floor":40,"turns":4},{"damage":10,"enemies":"Giant Head","floor":42,"turns":6},{"damage":0,"enemies":"4 Shapes","floor":43,"turns":5},{"damage":0,"enemies":"Writhing Mass","floor":44,"turns":4},{"damage":0,"enemies":"downfall:FleeingMerchant","floor":45,"turns":4},{"damage":0,"enemies":"Nemesis","floor":47,"turns":5},{"damage":0,"enemies":"Maw","floor":48,"turns":5},{"damage":0,"enemies":"Transient","floor":49,"turns":5},{"damage":27,"enemies":"IC_BLOCK_ARCHETYPE","floor":50,"turns":9}],"seed_played":"5077666581069685845","potions_obtained":[{"floor":2,"key":"Weak Potion"},{"floor":9,"key":"Swift Potion"},{"floor":12,"key":"Swift Potion"},{"floor":13,"key":"champ:CounterPotion"},{"floor":15,"key":"FairyPotion"},{"floor":25,"key":"DistilledChaos"},{"floor":27,"key":"BlessingOfTheForge"},{"floor":28,"key":"EssenceOfSteel"},{"floor":43,"key":"Strength Potion"}],"is_trial":false,"path_per_floor":["R","M","?","?","M","?","T","E","M","R","$","E","M","M","M","B",null,"R","M","?","M","?","M","T","E","?","E","M","M","R","$","M","B",null,"R","M","?","?","?","M","T","E","M","M","$","R","E","M","M","B",null],"character_chosen":"GUARDIAN","items_purchased":["Guardian:RefractedBeam","Guardian:StasisField","Medical Kit","Guardian:BottledStasis","DollysMirror","Lantern"],"campfire_rested":0,"item_purchase_floors":[11,11,11,31,45,45],"current_hp_per_floor":[88,86,86,86,83,83,83,47,48,48,40,32,25,27,14,26,88,88,88,88,88,88,88,88,62,62,65,68,71,71,74,77,53,94,94,95,95,95,96,97,97,88,91,94,97,97,100,103,104,78],"gold":389,"neow_bonus":"TEN_PERCENT_HP_BONUS","is_daily":false,"chose_seed":false,"campfire_upgraded":5,"win_rate":0.0,"timestamp":1614219845,"path_taken":["R","M","?","?","M","?","T","E","?","R","$","E","M","M","M","BOSS","R","M","?","M","?","?","T","E","?","E","M","M","R","$","M","BOSS","R","M","?","?","?","M","T","E","M","M","?","R","E","M","M","BOSS"],"items_purchased_type":["Card","Card","Relic","Relic","Relic","Relic"],"build_version":"2020-12-22","purchased_purges":3,"victory":true,"max_hp_per_floor":[88,88,88,88,88,88,88,88,88,88,88,88,88,88,88,88,88,88,88,88,88,88,88,88,88,88,89,90,91,91,92,93,94,94,94,95,95,95,96,97,97,98,99,100,101,101,102,103,104,105],"card_choices":[{"not_picked":["Guardian:PolyBeam","Guardian:MultiBeam","Guardian:Gem_Red"],"picked":"SKIP","floor":2},{"not_picked":["Guardian:CrystalBeam","Guardian:TemporalStrike"],"picked":"Guardian:Suspension","floor":5},{"not_picked":["Guardian:Emergency","Guardian:VentSteam","Guardian:BodySlam"],"picked":"SKIP","floor":8},{"not_picked":["Guardian:ShieldSpikes","Guardian:FloatingOrbs"],"picked":"Guardian:Gem_Orange","floor":9},{"not_picked":["Guardian:Gem_Purple","Guardian:MultiBeam"],"picked":"Guardian:ShieldCharger","floor":11},{"not_picked":["Guardian:Gem_Lightblue","Guardian:HyperBeam_Guardian"],"picked":"Guardian:CompilePackage","floor":12},{"not_picked":["Guardian:TemporalStrike","Guardian:TimeCapacitor","Guardian:Reroute"],"picked":"SKIP","floor":13},{"not_picked":["Guardian:ShieldCharger","Guardian:DecasProtection"],"picked":"Guardian:Suspension","floor":14},{"not_picked":["Guardian:FuturePlans","Guardian:CrystalBeam"],"picked":"Guardian:Gem_Yellow","floor":15},{"not_picked":["Guardian:SphericShield","Guardian:FastForward"],"picked":"Guardian:ExploitGems","floor":16},{"not_picked":["Guardian:EvasiveProtocol+1","Guardian:TemporalShield","Guardian:TemporalStrike"],"picked":"SKIP","floor":19},{"not_picked":["Guardian:PrimingBeam+1","Guardian:ChargeCore","Guardian:Reroute+1"],"picked":"SKIP","floor":21},{"not_picked":["Guardian:Repulse+1","Guardian:Suspension"],"picked":"Guardian:Gem_Orange","floor":23},{"not_picked":["Guardian:Planning","Guardian:Gem_Lightblue","Guardian:Gem_Green"],"picked":"SKIP","floor":25},{"not_picked":["Guardian:Recover+1","Guardian:Planning","Guardian:Suspension"],"picked":"SKIP","floor":27},{"not_picked":["Guardian:BodySlam","Guardian:TemporalShield","Guardian:Gem_Cyan"],"picked":"SKIP","floor":28},{"not_picked":["Guardian:ShieldSpikes","Guardian:SentryBeam","Guardian:TemporalStrike+1"],"picked":"SKIP","floor":29},{"not_picked":["Guardian:Gem_Green","Guardian:PrimingBeam"],"picked":"Guardian:Gem_Blue","floor":31},{"not_picked":["Guardian:GemFire","Guardian:Reroute+1","Guardian:PiercingHide"],"picked":"SKIP","floor":32},{"not_picked":["Guardian:FierceBash","Guardian:TimeSifter"],"picked":"Guardian:StasisEngine","floor":33},{"not_picked":["Guardian:MultiBeam"],"picked":"SKIP","floor":36},{"not_picked":[],"picked":"Guardian:Harden+1","floor":40},{"not_picked":["Guardian:Gem_Green"],"picked":"SKIP","floor":42},{"not_picked":["Guardian:Gem_Purple"],"picked":"SKIP","floor":43},{"not_picked":["Guardian:Incinerate+1"],"picked":"SKIP","floor":44},{"not_picked":["Guardian:Incinerate"],"picked":"SKIP","floor":45},{"not_picked":["Guardian:TemporalStrike"],"picked":"SKIP","floor":47},{"not_picked":["Guardian:BronzeArmor+1"],"picked":"SKIP","floor":48},{"not_picked":["Guardian:Gem_Green"],"picked":"SKIP","floor":49}],"player_experience":909250,"relics_obtained":[{"floor":7,"key":"Blood Vial"},{"floor":8,"key":"MawBank"},{"floor":12,"key":"Shuriken"},{"floor":24,"key":"hexamod:Sixitude"},{"floor":25,"key":"Sundial"},{"floor":27,"key":"Oddly Smooth Stone"},{"floor":39,"key":"Du-Vu Doll"},{"floor":42,"key":"Juzu Bracelet"},{"floor":47,"key":"Girya"}],"event_choices":[{"cards_removed":["Guardian:CurlUp"],"damage_healed":0,"gold_gain":0,"player_choice":"Offered Basic","damage_taken":0,"max_hp_gain":0,"max_hp_loss":0,"event_name":"Bonfire Elementals","floor":20,"gold_loss":0},{"cards_removed":["Guardian:RefractedBeam"],"damage_healed":0,"gold_gain":0,"player_choice":"Take \u0026 Give","damage_taken":0,"max_hp_gain":0,"max_hp_loss":0,"event_name":"betterNote:BetterNote","floor":22,"gold_loss":0,"cards_obtained":["Slimebound:TagTeam"]},{"damage_healed":0,"gold_gain":0,"player_choice":"Trade","damage_taken":0,"relics_obtained":["FaceOfCleric"],"max_hp_gain":0,"max_hp_loss":0,"event_name":"FaceTrader","floor":26,"gold_loss":0},{"cards_removed":["Guardian:RefractedBeam"],"damage_healed":0,"gold_gain":0,"player_choice":"Removed Attack","damage_taken":0,"max_hp_gain":0,"max_hp_loss":0,"event_name":"Falling","floor":37,"gold_loss":0},{"damage_healed":0,"gold_gain":0,"player_choice":"Fight","damage_taken":0,"max_hp_gain":0,"max_hp_loss":0,"event_name":"Mysterious Sphere","floor":39,"gold_loss":0}],"is_beta":false,"boss_relics":[{"not_picked":["Empty Cage","Tiny House"],"picked":"Guardian:ModeShifterPlus"},{"not_picked":["Guardian:StasisSlotReductionRelic","Black Star"],"picked":"Busted Crown"}],"items_purged_floors":[11,31,45],"is_endless":false,"potions_floor_spawned":[2,9,12,13,15,25,27,28,32,39,43,47,48],"ascension_level":1}}