{"host":"mq7pyadb5kndcn8l","time":1614223411,"event":{"mods":["AchievementEnabler","Act Like it!","Arknights","Aspiration","BaseMod","Better Altar","Better Match","Better Note","Better Sensory Stone","Better Skull","Better Third Choice","BetterRewards","Block Reminder","CCEM2","Challenge The Spire","ChefMod","Colored Map","Colored Powertips","Conspire","Displayed Cursed Tome","Dota2Spire","Energized Spire","GifTheSpireLib","Highlight Path","Hubris","Infinite Spire","Mad Scientist","Marked Mod","Mimic Mod","Minty Spire (QoL Compilation)","Permanent Neow","QueenMod","Quick Restart","Random Character Button","Rare Cards Sparkle","Relic Filter","Relic Sorter","Reliquary","Replay The Spire","Reworked Bosses","Shade Mod","Shop Mod","Spicy Shops","Spikes Relics","Spire Arcade","StSLib","Stuff the Spire","SuperFastMode","The Blue Laboratory","Trackpad","Transform Curses","Wandering Minibosses"],"gold_per_floor":[112,112,132,8,19,19,96,196,196,231,249,330,348,85,85,158,158,172,172,190,206,226,226,246,246,325,325,345,345,345,363,363,487,487,506,506,571,571,571,649,649,677,711,39,56,84,99,110,110,160,160,160,13,39,39],"floor_reached":56,"language":"ENG","playtime":3796,"items_purged":["Strike_G","Defend_G","Defend_G","Strike_G","Defend_G","Defend_G","Defend_G","Survivor","StuffTheSpire:Injection+1"],"score":2922,"play_id":"2c73da8f-506e-4d8f-9f54-74172e00d58e","local_time":"20210224222331","is_ascension_mode":true,"campfire_choices":[{"data":"StuffTheSpire:Incantation","floor":6.0,"key":"SMITH"},{"data":"Prepared","floor":15.0,"key":"SMITH"},{"data":"Adrenaline","floor":23,"key":"SMITH"},{"data":"Body Slam","floor":27,"key":"SMITH"},{"data":"Acrobatics","floor":30,"key":"SMITH"},{"data":"Acrobatics","floor":32,"key":"SMITH"},{"floor":41,"key":"RECALL"},{"floor":49,"key":"DIG"},{"data":"Prepared","floor":52,"key":"SMITH"}],"circlet_count":0,"master_deck":["AscendersBane","Neutralize","Acrobatics+1","Footwork+1","Reforge","Acrobatics+1","Backflip","Finesse","ReplayTheSpireMod:Scrap Shanks+1","StuffTheSpire:Incantation+1","Escape Plan","Body Slam+1","Prepared+1","Adrenaline+1","Prepared+1","Escape Plan+1"],"relics":["Ring of the Snake","Dota2Spire:MagicBottle","Dota2Spire:Satanic","hubris:DisguiseKit","hubris:MobiusCoin","Durian","Gremlin Food","MerchantsRug","trackpad:WritersBlock","Frozen Egg 2","reliquary:WeakTea","SnailShell","aspiration:FetidBarrel","Dota2Spire:HeartOfTarrasque","Coffee Dripper","Dota2Spire:OrchidMalevolence","infinitespire:Cupcake","Molten Egg 2","wanderingMiniBosses:CarrionFlame","Dota2Spire:EyeOfSkadi","CCEMRelics:HeirloomTomato","reliquary:FingerTrap","Centennial Puzzle"],"acts_visited":["Exordium","TheCity","TheBeyond","TheEnding"],"potions_floor_usage":[],"damage_taken":[{"damage":0.0,"enemies":"Jaw Worm","floor":1.0,"turns":3.0},{"damage":0.0,"enemies":"Cultist","floor":3.0,"turns":3.0},{"damage":4.0,"enemies":"ats:Genji","floor":5.0,"turns":3.0},{"damage":0.0,"enemies":"Lagavulin","floor":7.0,"turns":4.0},{"damage":0.0,"enemies":"Replay:BlueRogue","floor":10.0,"turns":5.0},{"damage":0.0,"enemies":"Lots of Slimes","floor":11.0,"turns":4.0},{"damage":9.0,"enemies":"Gremlin Nob","floor":12.0,"turns":4.0},{"damage":0.0,"enemies":"2 Fungi Beasts","floor":13.0,"turns":5.0},{"damage":13.0,"enemies":"The Guardian","floor":16.0,"turns":4.0},{"damage":0,"enemies":"Shell Parasite","floor":18,"turns":2},{"damage":0,"enemies":"Spheric Guardian","floor":20,"turns":2},{"damage":0,"enemies":"Centurion and Healer","floor":21,"turns":2},{"damage":0,"enemies":"Snecko","floor":22,"turns":2},{"damage":0,"enemies":"Snake Plant","floor":24,"turns":1},{"damage":0,"enemies":"Shelled Parasite and Fungi","floor":28,"turns":2},{"damage":0,"enemies":"3 Cultists","floor":31,"turns":2},{"damage":0,"enemies":"bossMod:newChamp","floor":33,"turns":2},{"damage":10,"enemies":"3 Shapes","floor":35,"turns":2},{"damage":0,"enemies":"3 Darklings","floor":37,"turns":1},{"damage":0,"enemies":"Nemesis","floor":40,"turns":1},{"damage":0,"enemies":"Giant Head","floor":42,"turns":1},{"damage":0,"enemies":"Sphere and 2 Shapes","floor":43,"turns":2},{"damage":0,"enemies":"Sphere and 2 Shapes","floor":45,"turns":1},{"damage":0,"enemies":"Reptomancer","floor":46,"turns":1},{"damage":0,"enemies":"Transient","floor":47,"turns":1},{"damage":0,"enemies":"Writhing Mass","floor":48,"turns":1},{"damage":4,"enemies":"Time Eater","floor":50,"turns":4},{"damage":0,"enemies":"Shield and Spear","floor":54,"turns":1},{"damage":0,"enemies":"The Heart","floor":55,"turns":3}],"seed_played":"-6282478191453573997","potions_obtained":[{"floor":10.0,"key":"Weak Potion"},{"floor":12.0,"key":"Dexterity Potion"}],"is_trial":false,"path_per_floor":["M","?","M","$","M","R","E","?","T","E","M","E","M","$","R","B",null,"M","AVR","M","M","M","R","M","?","T","R","M","?","R","M","R_BF","B",null,"M","AVR","M","?","?","E","R","E","MIM","$","M","E","M","M","R_BF","B",null,"R","$","E","B",null],"character_chosen":"THE_SILENT","items_purchased":["Acrobatics","hubris:MobiusCoin","Durian","Gremlin Food","MerchantsRug","Astrolabe","Reforge","DollysMirror","Lee\u0027s Waffle","Backflip","BargainBundle","trackpad:WritersBlock","Frozen Egg 2","Finesse","reliquary:WeakTea","ReplayTheSpireMod:Scrap Shanks+1","StuffTheSpire:Experiment12","StuffTheSpire:Incantation","Escape Plan","Dota2Spire:Satanic","Dota2Spire:EyeOfSkadi","reliquary:FingerTrap"],"campfire_rested":0,"item_purchase_floors":[0,0,0,0,0,0,0,0,0,0,0,0,0,0,0,0,0,0,4,14,44,53],"current_hp_per_floor":[78,78,78,78,74,74,74,74,74,74,74,73,81,81,81,68,82,82,82,82,82,82,82,82,77,77,77,82,73,73,73,73,73,83,73,73,86,86,86,86,86,95,95,100,100,105,105,105,105,105,105,105,105,105,105],"gold":39,"neow_bonus":"","is_daily":false,"chose_seed":false,"campfire_upgraded":7,"win_rate":0.0,"timestamp":1614223411,"path_taken":["M","?","?","$","?","R","E","?","T","E","M","E","M","$","R","BOSS","M","AVR","M","M","?","R","M","?","T","R","?","?","R","M","R_BF","BOSS","M","AVR","M","?","?","E","R","E","MIM","$","M","E","M","?","R_BF","BOSS","R","$","E","BOSS"],"items_purchased_type":["Card","Relic","Relic","Relic","Relic","Relic","Card","Relic","Relic","Card","Relic","Relic","Relic","Card","Relic","Card","Relic","Card","Card","Relic","Relic","Relic"],"build_version":"2020-12-22","purchased_purges":9,"victory":true,"max_hp_per_floor":[78,78,78,78,78,78,78,78,78,78,78,86,86,86,86,86,86,86,86,86,86,86,86,86,86,86,86,86,86,86,86,86,86,86,86,86,86,86,86,86,86,95,95,100,100,105,105,105,105,105,105,105,105,105,105],"card_choices":[{"not_picked":["Slice","Acrobatics","Dagger Spray"],"picked":"SKIP","floor":1.0},{"not_picked":["Deflect","StuffTheSpire:ReptileScales","hubris:SlightOfHand"],"picked":"SKIP","floor":3.0},{"not_picked":["Infinite Blades+1","Caltrops+1","Cloak And Dagger"],"picked":"SKIP","floor":5.0},{"not_picked":["Poisoned Stab","Replay:Poison Smokescreen","hubris:Counter"],"picked":"SKIP","floor":7.0},{"not_picked":["Glass Knife","Leg Sweep","ReplayTheSpireMod:Speed Training"],"picked":"SKIP","floor":10.0},{"not_picked":["Bane","Underhanded Strike","ReplayTheSpireMod:Shiv Toss"],"picked":"Body Slam","floor":11.0},{"not_picked":["StuffTheSpire:ClusterCrunch","PiercingWail","Catalyst","Clothesline"],"picked":"SKIP","floor":12.0},{"not_picked":["Blade Dance","ReplayTheSpireMod:Exploit Weakness","Clothesline"],"picked":"Prepared","floor":13.0},{"not_picked":["infinitespire:Neurotoxin","ReplayTheSpireMod:Necrosis","Corruption"],"picked":"Adrenaline","floor":16.0},{"not_picked":["hubris:Sniper","StuffTheSpire:Injection","Sucker Punch","Warcry"],"picked":"SKIP","floor":18},{"not_picked":["Catalyst","Dagger Spray","Blade Dance","conspire:Charge"],"picked":"SKIP","floor":20},{"not_picked":["Poisoned Stab","Dagger Throw","Dodge and Roll","conspire:ExplosiveBarrier"],"picked":"SKIP","floor":21},{"not_picked":["hubris:TrickCloak","Leg Sweep","Crippling Poison","Run Through"],"picked":"SKIP","floor":22},{"not_picked":["Bane+1","StuffTheSpire:Injection+1","Poisoned Stab","ReplayTheSpireMod:Stacked"],"picked":"SKIP","floor":24},{"not_picked":["Expertise","Well Laid Plans+1","hubris:SlightOfHand","StuffTheSpire:Resist"],"picked":"SKIP","floor":28},{"not_picked":["hubris:SlightOfHand","Poison Darts","conspire:DoublingDagger","StuffTheSpire:Pyroclast"],"picked":"SKIP","floor":31},{"not_picked":["Cloak And Dagger+1","ReplayTheSpireMod:Speed Training","StuffTheSpire:MirrorStance","Shrug It Off"],"picked":"SKIP","floor":35},{"not_picked":["Sucker Punch","Hidden Blade","Dual Wield"],"picked":"Prepared","floor":37},{"not_picked":["StuffTheSpire:Python","Sucker Punch+1","Glass Knife+1","Twin Strike+1"],"picked":"SKIP","floor":40},{"not_picked":["Prepared","Slice+1","Bouncing Flask+1","StuffTheSpire:Slingshot"],"picked":"SKIP","floor":42},{"not_picked":["Flying Knee+1","Backflip","PiercingWail","Dark Embrace"],"picked":"SKIP","floor":45},{"not_picked":["Dagger Throw+1","Bullet Time","StuffTheSpire:BumpUp+1","Sword Boomerang"],"picked":"SKIP","floor":46},{"not_picked":["StuffTheSpire:Fury","PiercingWail","Infinite Blades+1","Perfected Strike"],"picked":"SKIP","floor":47},{"not_picked":["Setup","Backflip","Outmaneuver","Iron Wave"],"picked":"SKIP","floor":48},{"not_picked":["InfectiousVector","Blade Dance","BarbarianYell"],"picked":"Escape Plan+1","floor":54}],"player_experience":776080,"relics_obtained":[{"floor":7.0,"key":"SnailShell"},{"floor":9.0,"key":"aspiration:FetidBarrel"},{"floor":10.0,"key":"hubris:DisguiseKit"},{"floor":12.0,"key":"Dota2Spire:HeartOfTarrasque"},{"floor":26,"key":"Dota2Spire:OrchidMalevolence"},{"floor":40,"key":"Molten Egg 2"},{"floor":42,"key":"CCEMRelics:CanOfSoda"},{"floor":43,"key":"wanderingMiniBosses:CarrionFlame"},{"floor":46,"key":"CCEMRelics:HeirloomTomato"},{"floor":49,"key":"Dota2Spire:MagicBottle"},{"floor":54,"key":"Centennial Puzzle"}],"event_choices":[{"cards_removed":["Infinite Blades"],"damage_healed":0.0,"max_hp_gain":0.0,"max_hp_loss":0.0,"gold_gain":0.0,"event_name":"Bonfire Elementals","player_choice":"Offered Uncommon","floor":2.0,"gold_loss":0.0,"damage_taken":0.0},{"damage_healed":0.0,"max_hp_gain":0.0,"max_hp_loss":0.0,"gold_gain":100.0,"event_name":"Wheel of Change","player_choice":"Gold","floor":8.0,"gold_loss":0.0,"damage_taken":0.0},{"damage_healed":0,"gold_gain":0,"player_choice":"Bought 0 Potions","damage_taken":0,"max_hp_gain":0,"max_hp_loss":0,"event_name":"The Woman in Blue","floor":25,"gold_loss":0},{"damage_healed":0,"gold_gain":0,"player_choice":"Stopped","damage_taken":9,"max_hp_gain":0,"max_hp_loss":0,"event_name":"Cursed Tome","floor":29,"gold_loss":0},{"damage_healed":0,"gold_gain":0,"player_choice":"Ignored","damage_taken":0,"max_hp_gain":0,"max_hp_loss":0,"event_name":"Tomb of Lord Red Mask","floor":38,"gold_loss":0},{"damage_healed":0,"gold_gain":3,"player_choice":"1","damage_taken":0,"max_hp_gain":0,"max_hp_loss":0,"event_name":"betterStone:BetterStone","floor":39,"gold_loss":0}],"is_beta":false,"boss_relics":[{"not_picked":["reliquary:WritOfMandamus","Sandwich"],"picked":"Coffee Dripper"},{"not_picked":["energizedSpire:RedRose","SacredBark"],"picked":"infinitespire:Cupcake"}],"items_purged_floors":[0,0,0,4,14,19,36,44,44],"is_endless":false,"potions_floor_spawned":[10,12,13,20,21,33,37,45,48,54],"ascension_level":15}}