{"host":"egwexuw5uvnxf11j","time":1614228319,"event":{"mods":["2.2 Compatiblity","Aspiration","BaseMod","Better Note","Better Sensory Stone","Better Third Choice","Displayed Cursed Tome","Downfall","Hermit","Key Reminder","Koishi","Marisa????????","Minty Spire (QoL Compilation)","Quick Restart","Shade Mod","Spicy Shops","StSLib","The Construct","The Cursed","The Runesmith","The Senshi","The Servant 0.9.4","Transform Curses"],"gold_per_floor":[211,211,230,246,47,47,72,72,72,91,91,104,131,145,145,248,248,261,25,44,57,76,109,129,129,152,152,162,162,83,98,98,203,203,217,236,18,70,70,70,85,85,85,131,131,149,162,197,197,197],"floor_reached":51,"language":"ENG","playtime":2734,"items_purged":["Defend_G"],"score":799,"play_id":"e2019555-c738-4662-8de1-4c43759bb751","local_time":"20210224234519","is_ascension_mode":true,"campfire_choices":[{"data":"Deadly Poison","floor":6,"key":"SMITH"},{"floor":8,"key":"REST"},{"floor":11,"key":"REST"},{"floor":15,"key":"REST"},{"floor":29,"key":"REST"},{"floor":32,"key":"REST"},{"floor":40,"key":"REST"},{"floor":42,"key":"REST"},{"data":"After Image","floor":45,"key":"SMITH"},{"floor":49,"key":"REST"}],"circlet_count":0,"master_deck":["Strike_G","Strike_G","Strike_G","Strike_G","Defend_G","Defend_G","Defend_G","Survivor","Neutralize","Deadly Poison+1","Deadly Poison+1","Finisher","Bane","Corpse Explosion+1","Cloak And Dagger+1","Quick Slash","Flying Knee","Bouncing Flask+1","Corpse Explosion+1","Bouncing Flask+1","Tools of the Trade+1","Wraith Form v2+1","Well Laid Plans+1","Poisoned Stab","Concentrate+1","Deflect+1","Underhanded Strike","Acrobatics+1","Deflect+1","Dark Shackles+1","Dramatic Entrance","Bane+1","Crippling Poison+1","After Image+1","Die Die Die","Dash+1","Deflect+1","Cloak And Dagger+1","Well Laid Plans+1","Deadly Poison+1"],"relics":["Ring of the Snake","Toxic Egg 2","aspiration:ChemicalBlood","Odd Mushroom","Mercury Hourglass","PreservedInsect","Astrolabe","Toy Ornithopter","Bird Faced Urn","Bag of Marbles","SacredBark","Orichalcum","CatCart","Slimebound:PreparedRelic","Ancient Tea Set","theSenshi:SailorFukuRelic"],"acts_visited":["Exordium","TheCity","TheBeyond"],"potions_floor_usage":[13,16,18,20,23,23,23,24,24,28,28,31,33,33,33,33,33,38,38,38,41,48,48,50,50,50,50,50,50,50],"damage_taken":[{"damage":3,"enemies":"Small Slimes","floor":1,"turns":5},{"damage":5,"enemies":"2 Louse","floor":3,"turns":3},{"damage":1,"enemies":"Jaw Worm","floor":4,"turns":4},{"damage":30,"enemies":"The Mushroom Lair","floor":7,"turns":6},{"damage":0,"enemies":"Lots of Slimes","floor":10,"turns":1},{"damage":4,"enemies":"Red Slaver","floor":12,"turns":3},{"damage":10,"enemies":"Gremlin Nob","floor":13,"turns":3},{"damage":8,"enemies":"Blue Slaver","floor":14,"turns":3},{"damage":12,"enemies":"Slime Boss","floor":16,"turns":6},{"damage":0,"enemies":"Spheric Guardian","floor":18,"turns":2},{"damage":27,"enemies":"2 Thieves","floor":20,"turns":3},{"damage":13,"enemies":"Chosen and Byrds","floor":21,"turns":4},{"damage":0,"enemies":"3 Cultists","floor":22,"turns":2},{"damage":29,"enemies":"Slavers","floor":23,"turns":4},{"damage":14,"enemies":"Centurion and Healer","floor":24,"turns":2},{"damage":17,"enemies":"Snake Plant","floor":28,"turns":2},{"damage":18,"enemies":"Snecko","floor":31,"turns":3},{"damage":40,"enemies":"Collector","floor":33,"turns":7},{"damage":7,"enemies":"3 Shapes","floor":35,"turns":2},{"damage":0,"enemies":"Orb Walker","floor":36,"turns":2},{"damage":62,"enemies":"Orin","floor":38,"turns":11},{"damage":0,"enemies":"Transient","floor":41,"turns":5},{"damage":0,"enemies":"3 Darklings","floor":46,"turns":2},{"damage":33,"enemies":"Sphere and 2 Shapes","floor":47,"turns":4},{"damage":62,"enemies":"Giant Head","floor":48,"turns":8},{"damage":60,"enemies":"Time Eater","floor":50,"turns":11}],"seed_played":"-8926068932798259096","potions_obtained":[{"floor":3,"key":"GamblersBrew"},{"floor":7,"key":"DuplicationPotion"},{"floor":13,"key":"BlessingOfTheForge"},{"floor":23,"key":"Fire Potion"},{"floor":24,"key":"AttackPotion"},{"floor":28,"key":"SkillPotion"},{"floor":31,"key":"sneckomod:MuddlingPotion"},{"floor":33,"key":"Strength Potion"},{"floor":38,"key":"EntropicBrew"},{"floor":39,"key":"GhostInAJar"},{"floor":41,"key":"Guardian:BlockOnCardUsePotion"},{"floor":47,"key":"Ancient Potion"}],"is_trial":false,"path_per_floor":["M","?","M","M","$","R","?","R","T","M","R","M","E","M","R","B",null,"M","$","M","M","M","E","M","?","T","?","M","R","$","M","R","B",null,"M","M","$","?","?","R","M","R","T","T","R","M","M","E","R","B",null],"character_chosen":"THE_SILENT","items_purchased":["Bane","aspiration:ChemicalBlood","Poisoned Stab","Toy Ornithopter","Crippling Poison+1","Orichalcum"],"campfire_rested":8,"item_purchase_floors":[5,5,19,19,30,37],"current_hp_per_floor":[67,67,62,61,61,61,31,52,52,52,70,66,56,48,69,57,70,70,70,48,35,35,21,21,21,21,21,18,39,39,28,49,38,70,63,63,63,26,26,47,58,70,70,70,70,70,37,45,66,31],"gold":197,"neow_bonus":"HUNDRED_GOLD","is_daily":false,"chose_seed":false,"campfire_upgraded":2,"win_rate":0.0,"timestamp":1614228319,"path_taken":["M","?","M","M","$","R","?","R","T","M","R","?","E","M","R","BOSS","M","?","?","M","M","E","M","?","T","?","M","R","$","M","R","BOSS","M","M","$","?","?","R","?","R","T","?","R","M","M","E","R","BOSS"],"items_purchased_type":["Card","Relic","Card","Relic","Card","Relic"],"build_version":"2020-12-22","purchased_purges":1,"victory":true,"max_hp_per_floor":[70,70,70,70,70,70,70,70,70,70,70,70,70,70,70,70,70,70,70,70,70,70,70,70,70,70,70,70,70,70,70,70,70,70,70,70,70,70,70,70,70,70,70,70,70,70,70,70,70,70],"card_choices":[{"not_picked":["Underhanded Strike","Dagger Spray"],"picked":"Deadly Poison","floor":1},{"not_picked":["Outmaneuver+1","Dagger Spray"],"picked":"Deadly Poison+1","floor":3},{"not_picked":["PiercingWail+1","Skewer"],"picked":"Finisher","floor":4},{"not_picked":["Poisoned Stab","Crippling Poison+1"],"picked":"Corpse Explosion+1","floor":7},{"not_picked":["Sucker Punch","Prepared+1"],"picked":"Cloak And Dagger+1","floor":10},{"not_picked":["Setup+1","Leg Sweep+1"],"picked":"Quick Slash","floor":12},{"not_picked":["Backstab","Endless Agony"],"picked":"Flying Knee","floor":13},{"not_picked":["Deadly Poison+1","Distraction+1"],"picked":"Bouncing Flask+1","floor":14},{"not_picked":["After Image","aspiration:Lunge"],"picked":"Corpse Explosion+1","floor":16},{"not_picked":["Blur+1","Bane"],"picked":"Well Laid Plans+1","floor":18},{"not_picked":["Blade Dance+1","Deflect+1"],"picked":"Concentrate+1","floor":20},{"not_picked":["Finisher","Masterful Stab"],"picked":"Deflect+1","floor":21},{"not_picked":["Prepared+1","Cloak And Dagger+1"],"picked":"Underhanded Strike","floor":22},{"not_picked":["Unload","Sucker Punch"],"picked":"Acrobatics+1","floor":23},{"not_picked":["Deadly Poison+1","Distraction+1"],"picked":"Deflect+1","floor":24},{"not_picked":["Deep Breath+1","Magnetism"],"picked":"Dark Shackles+1","floor":27},{"not_picked":["Madness+1","Purity+1"],"picked":"Dramatic Entrance","floor":27},{"not_picked":["Acrobatics+1","Deadly Poison+1"],"picked":"Bane+1","floor":28},{"not_picked":["Reflex+1","Underhanded Strike"],"picked":"After Image","floor":31},{"not_picked":["Unload","Phantasmal Killer+1"],"picked":"Die Die Die","floor":33},{"not_picked":["Sucker Punch","PiercingWail+1"],"picked":"Dash+1","floor":35},{"not_picked":["Quick Slash+1","Dagger Throw"],"picked":"Deflect+1","floor":36},{"not_picked":["Caltrops","Poisoned Stab","Acrobatics+1"],"picked":"SKIP","floor":41},{"not_picked":["Blade Dance+1","Acrobatics+1"],"picked":"Cloak And Dagger+1","floor":46},{"not_picked":["Footwork+1","Venomology+1"],"picked":"Well Laid Plans+1","floor":47},{"not_picked":["Escape Plan+1","Finisher+1"],"picked":"Deadly Poison+1","floor":48}],"player_experience":2139562,"relics_obtained":[{"floor":7,"key":"Odd Mushroom"},{"floor":9,"key":"Mercury Hourglass"},{"floor":13,"key":"PreservedInsect"},{"floor":23,"key":"Bird Faced Urn"},{"floor":26,"key":"Bag of Marbles"},{"floor":38,"key":"CatCart"},{"floor":43,"key":"Slimebound:PreparedRelic"},{"floor":44,"key":"Ancient Tea Set"},{"floor":48,"key":"theSenshi:SailorFukuRelic"}],"event_choices":[{"damage_healed":0,"gold_gain":0,"player_choice":"Fought Mushrooms","damage_taken":0,"max_hp_gain":0,"max_hp_loss":0,"event_name":"Mushrooms","floor":7,"gold_loss":0},{"damage_healed":0,"gold_gain":2,"player_choice":"1","damage_taken":0,"max_hp_gain":0,"max_hp_loss":0,"event_name":"betterStone:BetterStone","floor":27,"gold_loss":0},{"damage_healed":0,"gold_gain":0,"player_choice":"Fight","damage_taken":0,"max_hp_gain":0,"max_hp_loss":0,"event_name":"OrinTheCat","floor":38,"gold_loss":0},{"damage_healed":0,"gold_gain":0,"player_choice":"Got Potions","damage_taken":0,"max_hp_gain":0,"max_hp_loss":0,"event_name":"Lab","floor":39,"gold_loss":0}],"is_beta":false,"boss_relics":[{"not_picked":["Busted Crown","Runic Dome"],"picked":"Astrolabe"},{"not_picked":["aspiration:RitualDagger","aspiration:FutureDiary"],"picked":"SacredBark"}],"items_purged_floors":[37],"is_endless":false,"potions_floor_spawned":[3,7,13,20,21,23,24,31,33,38,41,47],"ascension_level":3}}