{"host":"mu5qkq7030l6349q","time":1614285542,"event":{"mods":["AchievementEnabler","BaseMod","Colored Powertips","Downfall","Highlight Path","Minty Spire (QoL Compilation)","Permanent Neow","Rare Cards Sparkle","Relic Sorter","Relic Stats","StSLib","Wide Potions"],"gold_per_floor":[99,99,99,99,99,126,149,164,177,206,221,221,240,255,266,366,366,366,383,333,433,452,471,495,495,513,513,513,513],"floor_reached":27,"language":"ENG","playtime":2262,"items_purged":[],"score":264,"play_id":"23d76108-7858-4242-a738-40b5b9493c6e","local_time":"20210225213902","is_ascension_mode":false,"campfire_choices":[{"data":"sneckomod:TailWhip","floor":1.0,"key":"SMITH"},{"data":"sneckomod:UnknownRarePower","floor":18,"key":"SMITH"}],"circlet_count":0,"master_deck":["sneckomod:Strike","sneckomod:Defend","sneckomod:Defend","sneckomod:Defend","sneckomod:TailWhip+1","sneckomod:SnekBite","sneckomod:Unknown","sneckomod:Unknown","sneckomod:UnknownBlock","sneckomod:QuickBite","downfall:Haunted","sneckomod:DiceBlock+1","sneckomod:UnknownClassRED+1","sneckomod:UnknownUncommonPower","sneckomod:UnknownUncommonSkill+1","sneckomod:UnknownClassTHE_CHAMP_GRAY+1","sneckomod:MorePower","sneckomod:UnknownDraw+1","sneckomod:UnknownExhaust+1","sneckomod:UnknownStrike+1","sneckomod:UnknownClassRED+1","sneckomod:UnknownClassTHE_CHAMP_GRAY+1","sneckomod:UnknownRarePower+1","sneckomod:UnknownClassTHE_BRONZE_AUTOMATON+1","sneckomod:UnknownCommonSkill+1","sneckomod:UnknownRareSkill+1","sneckomod:UnknownBlock+1","sneckomod:MasterEye","sneckomod:UnknownExhaust+1","sneckomod:UnknownCommonAttack+1","Injury","sneckomod:Mudshield","sneckomod:UnknownUncommonSkill+1","sneckomod:UnknownWeak+1"],"relics":["sneckomod:SneckoSoul","downfall:HeartsMalice","Darkstone Periapt","Strawberry","Toxic Egg 2","Oddly Smooth Stone","Odd Mushroom","Spirit Poop","Cursed Key","Ginger","Matryoshka","Bronze Scales","Nunchaku"],"acts_visited":["Exordium","TheCity"],"potions_floor_usage":[21,27],"damage_taken":[{"damage":0.0,"enemies":"Jaw Worm","floor":2.0,"turns":1.0},{"damage":0.0,"enemies":"Cultist","floor":3.0,"turns":1.0},{"damage":0,"enemies":"Gremlin Nob","floor":6,"turns":1},{"damage":7,"enemies":"2 Louse","floor":8,"turns":2},{"damage":6,"enemies":"2 Fungi Beasts","floor":9,"turns":4},{"damage":12,"enemies":"The Mushroom Lair","floor":10,"turns":5},{"damage":30,"enemies":"Gremlin Gang","floor":11,"turns":9},{"damage":18,"enemies":"Large Slime","floor":13,"turns":5},{"damage":21,"enemies":"2 Fungi Beasts","floor":14,"turns":4},{"damage":0,"enemies":"Exordium Wildlife","floor":15,"turns":4},{"damage":20,"enemies":"SI_SHIV_ARCHETYPE","floor":16,"turns":11},{"damage":12,"enemies":"Chosen","floor":19,"turns":5},{"damage":46,"enemies":"Colosseum Nobs","floor":21,"turns":6},{"damage":10,"enemies":"Spheric Guardian","floor":22,"turns":3},{"damage":16,"enemies":"Snecko","floor":23,"turns":4},{"damage":15,"enemies":"Snake Plant","floor":26,"turns":4},{"damage":35,"enemies":"Gremlin Leader","floor":27,"turns":4}],"seed_played":"-2098887729002100913","potions_obtained":[{"floor":6,"key":"AttackPotion"},{"floor":9,"key":"EssenceOfSteel"},{"floor":23,"key":"FearPotion"}],"is_trial":false,"path_per_floor":["R","M","M","?","T","E","T","M","M","?","M","?","M","M","M","B",null,"R","M","?","?","M","M","T","?","M","E"],"character_chosen":"THE_SNECKO","items_purchased":[],"campfire_rested":0,"item_purchase_floors":[],"current_hp_per_floor":[90,90,90,102,109,109,109,102,96,84,54,54,46,40,40,20,109,109,97,109,63,53,37,43,43,28,0,0,0],"gold":513,"neow_bonus":"THREE_ENEMY_KILL","is_daily":false,"chose_seed":false,"campfire_upgraded":2,"win_rate":0.0,"timestamp":1614285542,"path_taken":["R","M","M","?","?","E","T","M","?","?","M","?","?","M","M","BOSS","R","M","?","?","M","M","T","?","?","E"],"items_purchased_type":[],"build_version":"2020-12-22","purchased_purges":0,"victory":false,"max_hp_per_floor":[90,90,90,102,109,109,109,109,109,109,109,109,109,109,109,109,109,109,109,109,109,109,109,115,115,115,115,115,115],"relic_stats":{"Darkstone Periapt":18,"Nunchaku":[1],"counters":[17,70],"Bronze Scales":[36],"Ginger":[2],"Cursed Key":1,"obtain_stats":[{"Darkstone Periapt":4,"Oddly Smooth Stone":7,"Spirit Poop":12,"downfall:HeartsMalice":0,"Ginger":21,"Odd Mushroom":10,"sneckomod:SneckoSoul":0,"Cursed Key":17,"Nunchaku":24,"Matryoshka":21,"Strawberry":5,"Bronze Scales":24,"Toxic Egg 2":6},{"Darkstone Periapt":2,"Oddly Smooth Stone":3,"Spirit Poop":7,"downfall:HeartsMalice":0,"Ginger":13,"Odd Mushroom":6,"sneckomod:SneckoSoul":0,"Cursed Key":11,"Nunchaku":15,"Matryoshka":13,"Strawberry":2,"Bronze Scales":15,"Toxic Egg 2":3},{"Darkstone Periapt":0,"Oddly Smooth Stone":0,"Spirit Poop":20,"downfall:HeartsMalice":0,"Ginger":55,"Odd Mushroom":11,"sneckomod:SneckoSoul":0,"Cursed Key":44,"Nunchaku":62,"Matryoshka":55,"Strawberry":0,"Bronze Scales":62,"Toxic Egg 2":0}]},"card_choices":[{"not_picked":["sneckomod:UnknownCommonAttack","sneckomod:DiceBlock"],"picked":"sneckomod:UnknownBlock","floor":2.0},{"not_picked":["sneckomod:IronFang","sneckomod:Unknown1Cost"],"picked":"sneckomod:QuickBite","floor":3.0},{"not_picked":["sneckomod:UnknownUncommonAttack","sneckomod:SoulDraw+1"],"picked":"sneckomod:DiceBlock+1","floor":6},{"not_picked":["sneckomod:DiceBoulder","sneckomod:DiceCrush"],"picked":"sneckomod:UnknownClassRED+1","floor":8},{"not_picked":["sneckomod:IronFang","sneckomod:Nope+1"],"picked":"sneckomod:UnknownUncommonPower","floor":9},{"not_picked":["sneckomod:SoulDraw+1","sneckomod:UnknownClassRED+1"],"picked":"sneckomod:UnknownUncommonSkill+1","floor":10},{"not_picked":["sneckomod:PureSnecko+1","sneckomod:DiceCrush"],"picked":"sneckomod:UnknownClassTHE_CHAMP_GRAY+1","floor":11},{"not_picked":["sneckomod:PureSnecko+1","sneckomod:Rotation+1"],"picked":"sneckomod:MorePower","floor":13},{"not_picked":["sneckomod:UnknownX+1","sneckomod:UnknownCommonSkill+1"],"picked":"sneckomod:UnknownDraw+1","floor":14},{"not_picked":["sneckomod:WideSting","sneckomod:UnknownCommonAttack"],"picked":"sneckomod:UnknownExhaust+1","floor":14},{"not_picked":["sneckomod:UnknownUncommonPower+1","sneckomod:UnknownBlock+1"],"picked":"sneckomod:UnknownStrike+1","floor":15},{"not_picked":["sneckomod:UnknownCommonAttack","sneckomod:Unknown2Cost+1"],"picked":"sneckomod:UnknownClassRED+1","floor":15},{"not_picked":["sneckomod:UnknownX+1","sneckomod:UnknownUncommonSkill+1"],"picked":"sneckomod:UnknownClassTHE_CHAMP_GRAY+1","floor":16},{"not_picked":["sneckomod:Cheat+1","sneckomod:Restock+1"],"picked":"sneckomod:UnknownRarePower","floor":16},{"not_picked":["sneckomod:UnknownCommonAttack+1","sneckomod:UnknownDraw+1"],"picked":"sneckomod:UnknownClassTHE_BRONZE_AUTOMATON+1","floor":19},{"not_picked":["sneckomod:UnendingSupply","sneckomod:SoulDraw+1"],"picked":"sneckomod:UnknownCommonSkill+1","floor":19},{"not_picked":["sneckomod:Unknown0Cost+1","sneckomod:UnknownWeak+1"],"picked":"sneckomod:UnknownRareSkill+1","floor":21},{"not_picked":["sneckomod:UnknownCommonSkill+1","sneckomod:UnknownClassRED+1"],"picked":"sneckomod:UnknownBlock+1","floor":21},{"not_picked":["sneckomod:SoulDraw+1","sneckomod:UnknownBlock+1"],"picked":"sneckomod:MasterEye","floor":22},{"not_picked":["sneckomod:UnknownUncommonSkill+1","sneckomod:UnknownClassTHE_BRONZE_AUTOMATON+1"],"picked":"sneckomod:UnknownExhaust+1","floor":23},{"not_picked":["sneckomod:Memorize+1","sneckomod:SoulDraw+1"],"picked":"sneckomod:UnknownCommonAttack+1","floor":23},{"not_picked":["sneckomod:ImprovisedGuard+1","sneckomod:QuickBite"],"picked":"sneckomod:UnknownWeak+1","floor":26}],"player_experience":102650,"relics_obtained":[{"floor":5,"key":"Strawberry"},{"floor":6,"key":"Toxic Egg 2"},{"floor":7,"key":"Oddly Smooth Stone"},{"floor":10,"key":"Odd Mushroom"},{"floor":21,"key":"Ginger"},{"floor":21,"key":"Matryoshka"},{"floor":24,"key":"Bronze Scales"},{"floor":24,"key":"Nunchaku"}],"event_choices":[{"damage_healed":0,"gold_gain":0,"player_choice":"Fought Mushrooms","damage_taken":0,"max_hp_gain":0,"max_hp_loss":0,"event_name":"Mushrooms","floor":10,"gold_loss":0},{"cards_removed":["downfall:Haunted"],"damage_healed":0,"gold_gain":0,"player_choice":"Offered Curse","damage_taken":0,"relics_obtained":["Spirit Poop"],"max_hp_gain":0,"max_hp_loss":0,"event_name":"Bonfire Elementals","floor":12,"gold_loss":0},{"damage_healed":0,"gold_gain":0,"cards_transformed":["sneckomod:Strike","sneckomod:Strike"],"player_choice":"Became Test Subject","damage_taken":0,"max_hp_gain":0,"max_hp_loss":0,"event_name":"Drug Dealer","floor":25,"gold_loss":0,"cards_obtained":["sneckomod:Mudshield","sneckomod:UnknownUncommonSkill"]}],"is_beta":false,"boss_relics":[{"not_picked":["Runic Pyramid","Runic Dome"],"picked":"Cursed Key"}],"items_purged_floors":[],"is_endless":false,"potions_floor_spawned":[6,9,10,11,16,19,23],"killed_by":"Gremlin Leader","ascension_level":0}}