{"host":"bsvw3vj5tq13pxxj","time":1614258062,"event":{"mods":["AchievementEnabler","BaseMod","Colored Map","DeckTracker","KOR Keyword Fix","Minty Spire (QoL Compilation)","Permanent Neow","SuperFastMode","everything is the same but u backflip on backflip"],"gold_per_floor":[110,90,107,125,125,125,125],"floor_reached":6,"language":"KOR","playtime":199,"items_purged":[],"score":36,"play_id":"e4fc6874-c597-43db-84b9-f9008e9536ad","local_time":"20210225220102","is_ascension_mode":false,"campfire_choices":[],"circlet_count":0,"master_deck":["Strike_P","Strike_P","Strike_P","Strike_P","Defend_P","Defend_P","Defend_P","Defend_P","Eruption","Vigilance","Establishment","ReachHeaven","Meditate","FlyingSleeves"],"relics":["PureWater","Letter Opener"],"acts_visited":["Exordium"],"potions_floor_usage":[2],"damage_taken":[{"damage":3,"enemies":"2 Louse","floor":1,"turns":3},{"damage":0,"enemies":"Cultist","floor":3,"turns":2},{"damage":0,"enemies":"Small Slimes","floor":4,"turns":2},{"damage":32,"enemies":"3 Sentries","floor":6,"turns":4}],"seed_played":"-6023862621195543994","potions_obtained":[{"floor":1,"key":"Fruit Juice"},{"floor":2,"key":"Ambrosia"}],"is_trial":false,"path_per_floor":["M","?","M","M","?","E"],"character_chosen":"WATCHER","items_purchased":[],"campfire_rested":0,"item_purchase_floors":[],"current_hp_per_floor":[48,53,53,53,20,0,0],"gold":125,"neow_bonus":"THREE_RARE_CARDS","is_daily":false,"chose_seed":false,"campfire_upgraded":0,"win_rate":0.0,"timestamp":1614258062,"path_taken":["M","?","?","M","?","E"],"items_purchased_type":[],"build_version":"2020-12-22","purchased_purges":0,"victory":false,"max_hp_per_floor":[72,77,77,77,77,77,77],"card_choices":[{"not_picked":["ConjureBlade","Blasphemy"],"picked":"Establishment","floor":0},{"not_picked":["Indignation","WreathOfFlame"],"picked":"ReachHeaven","floor":1},{"not_picked":["Crescendo","FlyingSleeves"],"picked":"Meditate","floor":3},{"not_picked":["SignatureMove","Pray"],"picked":"FlyingSleeves","floor":4}],"player_experience":40167,"relics_obtained":[],"event_choices":[{"damage_healed":0,"gold_gain":0,"player_choice":"Bought 1 Potion","damage_taken":0,"max_hp_gain":0,"max_hp_loss":0,"event_name":"The Woman in Blue","floor":2,"gold_loss":0},{"damage_healed":0,"gold_gain":0,"player_choice":"Success","damage_taken":33,"relics_obtained":["Letter Opener"],"max_hp_gain":0,"max_hp_loss":0,"event_name":"Scrap Ooze","floor":5,"gold_loss":0}],"is_beta":false,"boss_relics":[],"items_purged_floors":[],"is_endless":false,"potions_floor_spawned":[1],"killed_by":"3 Sentries","ascension_level":0}}