{"host":"bzq0skgbben6khkk","time":1614251873,"event":{"mods":["Act Like it!","BaseMod","Minty Spire (QoL Compilation)","MostiFishMod","StSLib"],"gold_per_floor":[14,30,45,45,120,155,155,184,208,208,227,247,275,301,301,374,374,388,388,412,283,283,312,330,330,380,380,406,436,448,137,137,209,209,220,1219,996,996,1006,1031,1031,1056,1109,1126,1143,1168,1186,1214,1214,1214,1214,1214,570,604,604],"floor_reached":56,"language":"ZHS","playtime":1492,"items_purged":["Strike_G","Strike_G","Defend_G","Defend_G"],"score":3050,"play_id":"fbca6305-eb3b-4bf8-ad69-09d602d3cc92","local_time":"20210225191753","is_ascension_mode":true,"campfire_choices":[{"data":"MostiFishMod:GrandStart","floor":7.0,"key":"SMITH"},{"data":"Calculated Gamble","floor":10.0,"key":"SMITH"},{"data":"MostiFishMod:Opportunism","floor":15.0,"key":"SMITH"},{"data":"Tactician","floor":25.0,"key":"SMITH"},{"data":"Prepared","floor":32.0,"key":"SMITH"},{"floor":41,"key":"RECALL"},{"floor":49,"key":"REST"},{"data":"Neutralize","floor":52,"key":"SMITH"}],"circlet_count":0,"master_deck":["AscendersBane","Strike_G+1","Defend_G","Defend_G","Defend_G","Survivor+1","Neutralize+1","Calculated Gamble+1","MostiFishMod:SpreadingSpore","Reflex+1","MostiFishMod:GrandStart+1","Dash+1","Accuracy","MostiFishMod:Opportunism+1","Tactician+1","Prepared+1","Normality","Normality"],"relics":["Ring of the Snake","DaveBox","ExusiaiGun","SynthV:TestCard","Tiny Chest","PreservedInsect","Pocketwatch","Whetstone","Regal Pillow","Philosopher\u0027s Stone","Boot","Mummified Hand","Smiling Mask","MawBank","Pantograph","Blue Candle","JellyFishMachine","Pen Nib","Toy Ornithopter","War Paint","Bag of Preparation","Shuriken","Strawberry","ClockworkSouvenir","Nunchaku","HornCleat","Oddly Smooth Stone"],"acts_visited":["Exordium","TheCity","TheBeyond","TheEnding"],"potions_floor_usage":[55],"damage_taken":[{"damage":0.0,"enemies":"Small Slimes","floor":1.0,"turns":2.0},{"damage":0.0,"enemies":"2 Louse","floor":2.0,"turns":1.0},{"damage":0.0,"enemies":"Jaw Worm","floor":3.0,"turns":1.0},{"damage":2.0,"enemies":"Lagavulin","floor":6.0,"turns":3.0},{"damage":0.0,"enemies":"3 Sentries","floor":8.0,"turns":1.0},{"damage":0.0,"enemies":"2 Fungi Beasts","floor":11.0,"turns":1.0},{"damage":0.0,"enemies":"Blue Slaver","floor":12.0,"turns":1.0},{"damage":0.0,"enemies":"Gremlin Nob","floor":13.0,"turns":1.0},{"damage":0.0,"enemies":"Hexaghost","floor":16.0,"turns":1.0},{"damage":0.0,"enemies":"Chosen","floor":18.0,"turns":1.0},{"damage":0.0,"enemies":"Gremlin Leader","floor":23.0,"turns":1.0},{"damage":0.0,"enemies":"Spheric Guardian","floor":24.0,"turns":1.0},{"damage":0.0,"enemies":"Book of Stabbing","floor":28.0,"turns":1.0},{"damage":0.0,"enemies":"Shelled Parasite and Fungi","floor":29.0,"turns":1.0},{"damage":0.0,"enemies":"Collector","floor":33.0,"turns":1.0},{"damage":2.0,"enemies":"3 Shapes","floor":35.0,"turns":4.0},{"damage":0,"enemies":"Orb Walker","floor":39,"turns":1},{"damage":0,"enemies":"Reptomancer","floor":40,"turns":1},{"damage":1,"enemies":"Nemesis","floor":42,"turns":1},{"damage":1,"enemies":"3 Darklings","floor":44,"turns":1},{"damage":3,"enemies":"Transient","floor":45,"turns":5},{"damage":0,"enemies":"Reptomancer","floor":46,"turns":1},{"damage":2,"enemies":"Sphere and 2 Shapes","floor":47,"turns":3},{"damage":2,"enemies":"Giant Head","floor":48,"turns":2},{"damage":2,"enemies":"Time Eater","floor":50,"turns":3},{"damage":0,"enemies":"Shield and Spear","floor":54,"turns":1},{"damage":73,"enemies":"The Heart","floor":55,"turns":7}],"seed_played":"-8000102482524808607","potions_obtained":[{"floor":6.0,"key":"ColorlessPotion"},{"floor":8.0,"key":"CultistPotion"},{"floor":12.0,"key":"Block Potion"},{"floor":13.0,"key":"FairyPotion"},{"floor":28.0,"key":"GhostInAJar"}],"is_trial":false,"path_per_floor":["M","M","M","?","?","E","R","E","T","R","M","M","E","T","R","B",null,"M","?","T","$","?","E","M","R","T","?","E","M","T","$","R","B",null,"M","?","$","?","M","E","R","E","T","M","M","E","M","E","R","B",null,"R","$","E","B",null],"character_chosen":"THE_SILENT","items_purchased":["Prepared","Blue Candle","Pen Nib","ClockworkSouvenir","Nunchaku","HornCleat"],"campfire_rested":1,"item_purchase_floors":[21,31,37,53,53,53],"current_hp_per_floor":[59,59,59,54,43,41,41,41,41,41,41,41,41,41,41,41,60,60,60,60,60,60,60,60,60,60,66,66,66,66,66,66,66,66,64,64,64,66,66,66,66,65,65,64,64,64,62,67,73,71,73,73,73,73,4],"gold":604,"neow_bonus":"TRANSFORM_TWO_CARDS","is_daily":false,"chose_seed":false,"campfire_upgraded":6,"win_rate":0.0,"timestamp":1614251873,"path_taken":["M","M","M","?","?","E","R","E","T","R","M","M","E","?","R","BOSS","M","?","?","$","?","E","M","R","T","?","E","?","?","$","R","BOSS","M","?","$","?","?","E","R","E","T","M","M","E","M","E","R","BOSS","R","$","E","BOSS"],"items_purchased_type":["Card","Relic","Relic","Relic","Relic","Relic"],"build_version":"2020-12-22","purchased_purges":4,"victory":true,"max_hp_per_floor":[66,66,66,66,66,66,66,66,66,66,66,66,66,66,66,66,66,66,66,66,66,66,66,66,66,66,66,66,66,66,66,66,66,66,66,66,66,66,66,66,66,66,66,66,66,66,66,73,73,73,73,73,73,73,73],"card_choices":[{"not_picked":["Slice","Bane"],"picked":"Reflex","floor":1.0},{"not_picked":["PiercingWail","MostiFishMod:FrostNova","Slice","All Out Attack","Poisoned Stab"],"picked":"SKIP","floor":2.0},{"not_picked":["Deadly Poison","Quick Slash","Backflip","Blur"],"picked":"MostiFishMod:GrandStart","floor":3.0},{"not_picked":["Bane","Calculated Gamble","Backflip","Dagger Spray"],"picked":"Dash","floor":6.0},{"not_picked":["Footwork","Poisoned Stab","Infinite Blades","Finisher"],"picked":"Accuracy","floor":8.0},{"not_picked":["Setup","Catalyst","PiercingWail","Poisoned Stab","Deflect"],"picked":"SKIP","floor":11.0},{"not_picked":["Underhanded Strike","Caltrops","Quick Slash","Deadly Poison","MostiFishMod:PoisonShield"],"picked":"SKIP","floor":12.0},{"not_picked":["Dash","Dagger Throw","Poisoned Stab","Tactician"],"picked":"MostiFishMod:Opportunism","floor":13.0},{"not_picked":["Caltrops","Blade Dance","Prepared","Skewer+1"],"picked":"Tactician","floor":18.0},{"not_picked":["Leg Sweep","Accuracy","Backflip","Dagger Throw","Infinite Blades"],"picked":"SKIP","floor":23.0},{"not_picked":["MostiFishMod:PoisonShield","Backstab","Backflip","Reflex","Poisoned Stab"],"picked":"SKIP","floor":24.0},{"not_picked":["MostiFishMod:PoisonShield","Backstab","Backflip","Reflex","Poisoned Stab"],"picked":"SKIP","floor":24.0},{"not_picked":["MostiFishMod:InvigoratingSolution","Blade Dance","Doppelganger","All Out Attack","Masterful Stab"],"picked":"SKIP","floor":28.0},{"not_picked":["Backflip+1","Endless Agony","MostiFishMod:ThornCasing","Deadly Poison","Tactician"],"picked":"SKIP","floor":29.0},{"not_picked":["Dagger Spray","Outmaneuver","Bane","Deflect+1","MostiFishMod:PreservedThorns+1"],"picked":"SKIP","floor":35.0},{"not_picked":["Endless Agony+1","MostiFishMod:PerfectParry+1","Dodge and Roll","Deadly Poison+1","Dagger Spray+1"],"picked":"SKIP","floor":39},{"not_picked":["Backflip","Deflect","Dash","Masterful Stab","Envenom"],"picked":"SKIP","floor":40},{"not_picked":["MostiFishMod:VineMother+1","Backflip+1","MostiFishMod:ThornCasing","Dagger Throw","Cloak And Dagger"],"picked":"SKIP","floor":42},{"not_picked":["Quick Slash+1","PiercingWail","Deadly Poison","Reflex","MostiFishMod:InvigoratingSolution"],"picked":"SKIP","floor":44},{"not_picked":["Deadly Poison+1","Quick Slash","Blade Dance","Dagger Throw+1","Endless Agony"],"picked":"SKIP","floor":45},{"not_picked":["Backstab","Backflip+1","Poisoned Stab","Heel Hook","Blur+1"],"picked":"SKIP","floor":46},{"not_picked":["Prepared","Flechettes+1","Poisoned Stab+1","MostiFishMod:Dislodge","All Out Attack+1"],"picked":"SKIP","floor":47},{"not_picked":["Masterful Stab+1","Dodge and Roll","Deflect","Acrobatics","Eviscerate"],"picked":"SKIP","floor":48},{"not_picked":["Bouncing Flask","Well Laid Plans","Calculated Gamble","MostiFishMod:PerfectParry+1","Dagger Spray"],"picked":"SKIP","floor":54}],"player_experience":479843,"relics_obtained":[{"floor":1.0,"key":"SynthV:TestCard"},{"floor":6.0,"key":"PreservedInsect"},{"floor":8.0,"key":"Pocketwatch"},{"floor":13.0,"key":"Whetstone"},{"floor":14.0,"key":"Regal Pillow"},{"floor":20.0,"key":"Boot"},{"floor":23.0,"key":"Mummified Hand"},{"floor":26.0,"key":"Smiling Mask"},{"floor":28.0,"key":"MawBank"},{"floor":30.0,"key":"Pantograph"},{"floor":40,"key":"Toy Ornithopter"},{"floor":42,"key":"War Paint"},{"floor":43,"key":"Bag of Preparation"},{"floor":46,"key":"Shuriken"},{"floor":48,"key":"Strawberry"},{"floor":54,"key":"Oddly Smooth Stone"}],"event_choices":[{"damage_healed":0.0,"max_hp_gain":0.0,"max_hp_loss":0.0,"gold_gain":0.0,"event_name":"Scrap Ooze","player_choice":"Success","floor":4.0,"gold_loss":0.0,"damage_taken":5.0,"relics_obtained":["Tiny Chest"]},{"damage_healed":0.0,"max_hp_gain":0.0,"max_hp_loss":0.0,"gold_gain":75.0,"event_name":"World of Goop","player_choice":"Gather Gold","floor":5.0,"gold_loss":0.0,"damage_taken":11.0},{"damage_healed":0.0,"max_hp_gain":0.0,"max_hp_loss":0.0,"gold_gain":0.0,"event_name":"Ghosts","player_choice":"Ignored","floor":19.0,"gold_loss":0.0,"damage_taken":0.0},{"damage_healed":0.0,"max_hp_gain":0.0,"max_hp_loss":0.0,"gold_gain":0.0,"event_name":"Vampires","player_choice":"Ignored","floor":22.0,"gold_loss":0.0,"damage_taken":0.0},{"damage_healed":13.0,"max_hp_gain":0.0,"max_hp_loss":0.0,"gold_gain":0.0,"event_name":"The Library","player_choice":"Heal","floor":27.0,"gold_loss":0.0,"damage_taken":0.0},{"damage_healed":0,"gold_gain":999,"player_choice":"Gold","damage_taken":0,"max_hp_gain":0,"max_hp_loss":0,"event_name":"MindBloom","floor":36,"gold_loss":0,"cards_obtained":["Normality","Normality"]},{"damage_healed":2,"gold_gain":0,"player_choice":"Full Heal","damage_taken":0,"max_hp_gain":0,"max_hp_loss":0,"event_name":"Wheel of Change","floor":38,"gold_loss":0}],"is_beta":false,"boss_relics":[{"not_picked":["Busted Crown","Tiny House"],"picked":"Philosopher\u0027s Stone"},{"not_picked":["PatriotShield","Runic Dome"],"picked":"JellyFishMachine"}],"items_purged_floors":[21,31,37,53],"is_endless":false,"potions_floor_spawned":[6,8,12,13,24,28,29,42,45,47,48],"ascension_level":17}}