{"host":"c95txy58ipbu969e","time":1614297472,"event":{"mods":["Act Like it!","BaseMod","Library of Ruina","Library of Ruina Extra","Minty Spire (QoL Compilation)","Permanent Neow","Quick Restart","StSLib"],"gold_per_floor":[112,187,203,222,222,256,256,285,285,345,358,358,377,397,397,501,501,546,566,566,312,355,355,280,345,370,396,416,416,444,457,457,555,555,569,619,619,619,445,445,465,500,550,550,576,608,608,622,622,622,622,622,326,354,354],"floor_reached":56,"language":"ZHS","playtime":1863,"items_purged":["DegradedFairy","DegradedFairy"],"score":1634,"play_id":"845232e9-cb2b-446b-93e5-58e57be0bcab","local_time":"20210226075752","is_ascension_mode":true,"campfire_choices":[{"data":"VenomousFangs","floor":7.0,"key":"SMITH"},{"data":"DegradedPillar","floor":12.0,"key":"SMITH"},{"data":"ForTheFamily","floor":15.0,"key":"SMITH"},{"data":"GutHarvesting","floor":23.0,"key":"SMITH"},{"data":"SnakeSlit","floor":29.0,"key":"SMITH"},{"data":"TieShanKao","floor":32.0,"key":"SMITH"},{"floor":40.0,"key":"RECALL"},{"data":"TendonChords","floor":47.0,"key":"SMITH"},{"data":"DegradedShockwave","floor":49.0,"key":"SMITH"},{"data":"DegradedPillar","floor":52,"key":"SMITH"}],"circlet_count":0,"master_deck":["DegradedChain","DegradedChain","DegradedLock","DegradedPillar+1","DegradedPillar+1","DegradedShockwave+1","IronWall","AlloutWar","VenomousFangs+1","EnergyBeam","ForTheFamily+1","GutHarvesting+1","Wallop_lor","DarkCloud","SnakeSlit+1","TendonChords+1","TendonChords+1","TieShanKao+1","CoordinatedAssault+1","BlazingStrike","BiAn+1","ForTheFamily","SearingSword+1","SharpenedBlade","FieryDragonSlash","SharpenedBlade","SearingSword"],"relics":["PageOfLibrarian","Potion Belt","PageOfSingingMachine","PageOfBigBadWolf","Bag of Preparation","PageOfAlriune","Snecko Eye","PageOfNothingThere","PageOfPorccubus","Happy Flower","Orichalcum","Anchor","PageOfBlackSwan","PageOfMountain","PageOfMercenary","Bag of Marbles","Ornamental Fan","PageOfSnowWhitesApple","Incense Burner"],"acts_visited":["Exordium","TheCity","TheBeyond","TheEnding"],"potions_floor_usage":[55,55,55,55],"damage_taken":[{"damage":0.0,"enemies":"Small Slimes","floor":1.0,"turns":1.0},{"damage":0.0,"enemies":"2 Louse","floor":3.0,"turns":1.0},{"damage":0.0,"enemies":"Cultist","floor":4.0,"turns":1.0},{"damage":3.0,"enemies":"3 Sentries","floor":6.0,"turns":2.0},{"damage":0.0,"enemies":"Gremlin Nob","floor":8.0,"turns":2.0},{"damage":0.0,"enemies":"Gremlin Nob","floor":10.0,"turns":1.0},{"damage":0.0,"enemies":"Large Slime","floor":11.0,"turns":1.0},{"damage":0.0,"enemies":"2 Fungi Beasts","floor":13.0,"turns":1.0},{"damage":0.0,"enemies":"Exordium Thugs","floor":14.0,"turns":2.0},{"damage":7.0,"enemies":"The Guardian","floor":16.0,"turns":6.0},{"damage":0.0,"enemies":"Chosen","floor":18.0,"turns":1.0},{"damage":0.0,"enemies":"Shell Parasite","floor":19.0,"turns":1.0},{"damage":0.0,"enemies":"Snake Plant","floor":22.0,"turns":1.0},{"damage":0.0,"enemies":"Book of Stabbing","floor":25.0,"turns":2.0},{"damage":0.0,"enemies":"Gremlin Leader","floor":27.0,"turns":2.0},{"damage":0.0,"enemies":"Snecko","floor":28.0,"turns":1.0},{"damage":0.0,"enemies":"Book of Stabbing","floor":30.0,"turns":3.0},{"damage":0.0,"enemies":"Cultist and Chosen","floor":31.0,"turns":2.0},{"damage":0.0,"enemies":"KingOfGreed","floor":33.0,"turns":6.0},{"damage":0.0,"enemies":"Orb Walker","floor":35.0,"turns":1.0},{"damage":0.0,"enemies":"Mind Bloom Boss Battle","floor":36.0,"turns":2.0},{"damage":0.0,"enemies":"3 Darklings","floor":41.0,"turns":2.0},{"damage":0.0,"enemies":"Reptomancer","floor":42.0,"turns":2.0},{"damage":0.0,"enemies":"Nemesis","floor":46.0,"turns":2.0},{"damage":0.0,"enemies":"4 Shapes","floor":48.0,"turns":1.0},{"damage":0.0,"enemies":"Time Eater","floor":50.0,"turns":2.0},{"damage":0,"enemies":"Shield and Spear","floor":54,"turns":1},{"damage":5,"enemies":"The Heart","floor":55,"turns":4}],"seed_played":"2887912006735800330","potions_obtained":[{"floor":3.0,"key":"ColorlessPotion"},{"floor":4.0,"key":"ColorlessPotion"},{"floor":10.0,"key":"ColorlessPotion"},{"floor":13.0,"key":"Swift Potion"},{"floor":18.0,"key":"SpeedPotion"}],"is_trial":false,"path_per_floor":["M","?","M","M","$","E","R","E","T","?","M","R","M","M","R","B",null,"M","M","?","$","M","R","$","E","T","E","M","R","E","M","R","B",null,"M","?","?","?","$","R","M","E","T","?","T","E","R","M","R","B",null,"R","$","E","B",null],"character_chosen":"Librarian","items_purchased":["PageOfNothingThere","ForTheFamily","PageOfSnowWhitesApple","FieryDragonSlash","SharpenedBlade"],"campfire_rested":0,"item_purchase_floors":[21,39,53,53,53],"current_hp_per_floor":[60,49,49,49,49,46,46,46,46,50,54,54,62,70,70,67,90,90,90,90,90,90,90,90,90,90,90,90,90,90,90,90,90,90,90,90,85,85,85,85,85,85,85,85,85,85,85,85,85,85,85,85,85,85,85],"gold":354,"neow_bonus":"RANDOM_COMMON_RELIC","is_daily":false,"chose_seed":false,"campfire_upgraded":9,"win_rate":0.0,"timestamp":1614297472,"path_taken":["M","?","M","M","$","E","R","E","T","?","M","R","M","M","R","BOSS","M","M","?","?","M","R","$","E","T","E","M","R","E","M","R","BOSS","M","?","?","?","$","R","?","E","T","?","?","E","R","M","R","BOSS","R","$","E","BOSS"],"items_purchased_type":["Relic","Card","Relic","Card","Card"],"build_version":"2020-12-22","purchased_purges":2,"victory":true,"max_hp_per_floor":[90,90,90,90,90,90,90,90,90,90,90,90,90,90,90,90,90,90,90,90,90,90,90,90,90,90,90,90,90,90,90,90,90,90,90,90,85,85,85,85,85,85,85,85,85,85,85,85,85,85,85,85,85,85,85],"card_choices":[{"not_picked":["DesperateStruggle","FleetEdge","Thrust","RushDown"],"picked":"SKIP","floor":1.0},{"not_picked":["HandleRequest","ReadyUp","FleetEdge"],"picked":"IronWall","floor":3.0},{"not_picked":["StrikeDown","DesperateStruggle","Duel_lor"],"picked":"AlloutWar","floor":4.0},{"not_picked":["RatsGuideToSurvival","AbsorbImpact","Eject"],"picked":"VenomousFangs","floor":6.0},{"not_picked":["HighKick","FierceCharge","EnergyConversion"],"picked":"EnergyBeam","floor":8.0},{"not_picked":["SerpentineBarrier","Thrust","HandleRequest","DarkCloud"],"picked":"SKIP","floor":11.0},{"not_picked":["DarkCloud","BurningFlash","Thrust","FleetEdge"],"picked":"SKIP","floor":13.0},{"not_picked":["FrontalAssault","DesperateStruggle","Guardian_lor"],"picked":"ForTheFamily","floor":14.0},{"not_picked":["MirageStorm","FormingStorm"],"picked":"GutHarvesting","floor":16.0},{"not_picked":["FierceCharge","StrikeDown","BackstreetsDash","AlloutWar+1"],"picked":"SKIP","floor":18.0},{"not_picked":["UpbeatPerformance","DesperateStruggle","RushDown","PreemptiveStrike"],"picked":"SKIP","floor":19.0},{"not_picked":["Quickness","UncannyStrike","CombatPreparation"],"picked":"DarkCloud","floor":22.0},{"not_picked":["FierceCharge","GaleKick","SerpentineBarrier"],"picked":"SnakeSlit","floor":25.0},{"not_picked":["DesperateStruggle+1","FierceCharge+1","ExtremeEdge"],"picked":"TendonChords","floor":27.0},{"not_picked":["FlowOfTheSword","TheRedNotes","CoordinatedAssault"],"picked":"TendonChords","floor":28.0},{"not_picked":["GaleKick+1","TendonChords","ToOvercomeCrisis"],"picked":"TieShanKao","floor":30.0},{"not_picked":["TendonChords","DarkCloud","PreemptiveStrike"],"picked":"CoordinatedAssault+1","floor":31.0},{"not_picked":["UnforgettableMelody","TieShanKao"],"picked":"BlazingStrike","floor":33.0},{"not_picked":["ShrineToMusic","FleetEdge+1","DesperateStruggle","DarkCloud+1"],"picked":"SKIP","floor":35.0},{"not_picked":["AGoldenOpportunity+1","StrikeDown+1","Wallop_lor"],"picked":"BiAn+1","floor":36.0},{"not_picked":["DirtyBlow","AGoldenOpportunity","DevastatingThrash+1"],"picked":"SnakesPrey+1","floor":41.0},{"not_picked":["TendonChords","ViolentFlame+1","IronWall"],"picked":"SearingSword+1","floor":42.0},{"not_picked":["PreemptiveStrike+1","FlashOfSunup+1","TheRedNotes","GaleKick+1"],"picked":"SKIP","floor":46.0},{"not_picked":["Quickness","BiXi","DarkCloud"],"picked":"SharpenedBlade","floor":48.0},{"not_picked":["SunsetBlade+1","HardRehearsal+1","PreemptiveStrike"],"picked":"SearingSword","floor":54}],"player_experience":291017,"relics_obtained":[{"floor":6.0,"key":"PageOfSingingMachine"},{"floor":8.0,"key":"PageOfBigBadWolf"},{"floor":9.0,"key":"Bag of Preparation"},{"floor":10.0,"key":"PageOfAlriune"},{"floor":25.0,"key":"PageOfPorccubus"},{"floor":26.0,"key":"Happy Flower"},{"floor":27.0,"key":"Orichalcum"},{"floor":30.0,"key":"Anchor"},{"floor":36.0,"key":"PageOfMountain"},{"floor":42.0,"key":"PageOfMercenary"},{"floor":45.0,"key":"Bag of Marbles"},{"floor":46.0,"key":"Ornamental Fan"},{"floor":54,"key":"Incense Burner"}],"event_choices":[{"damage_healed":0.0,"max_hp_gain":0.0,"max_hp_loss":0.0,"gold_gain":75.0,"event_name":"World of Goop","player_choice":"Gather Gold","floor":2.0,"gold_loss":0.0,"damage_taken":11.0},{"damage_healed":0.0,"max_hp_gain":0.0,"max_hp_loss":0.0,"gold_gain":0.0,"event_name":"Dead Adventurer","player_choice":"Searched \u00272\u0027 times","floor":10.0,"gold_loss":0.0,"damage_taken":0.0},{"damage_healed":0.0,"max_hp_gain":0.0,"max_hp_loss":0.0,"gold_gain":0.0,"cards_transformed":["DegradedFairy"],"event_name":"Transmorgrifier","player_choice":"Transformed","floor":20.0,"gold_loss":0.0,"damage_taken":0.0,"cards_obtained":["Wallop_lor"]},{"damage_healed":0.0,"max_hp_gain":0.0,"max_hp_loss":0.0,"gold_gain":0.0,"event_name":"MindBloom","player_choice":"Fight","floor":36.0,"gold_loss":0.0,"damage_taken":0.0},{"damage_healed":0.0,"max_hp_gain":0.0,"max_hp_loss":5.0,"gold_gain":0.0,"event_name":"Winding Halls","player_choice":"Max HP","floor":37.0,"gold_loss":0.0,"damage_taken":0.0},{"damage_healed":0.0,"max_hp_gain":0.0,"max_hp_loss":0.0,"gold_gain":0.0,"event_name":"Accursed Blacksmith","player_choice":"Forge","floor":38.0,"gold_loss":0.0,"damage_taken":0.0,"cards_upgraded":["TendonChords"]},{"cards_removed":["SnakesPrey"],"damage_healed":0.0,"max_hp_gain":0.0,"max_hp_loss":0.0,"gold_gain":0.0,"event_name":"Falling","player_choice":"Removed Power","floor":44.0,"gold_loss":0.0,"damage_taken":0.0}],"is_beta":false,"boss_relics":[{"not_picked":["SacredBark","Pandora\u0027s Box"],"picked":"Snecko Eye"},{"not_picked":["Black Star","Empty Cage"],"picked":"PageOfBlackSwan"}],"items_purged_floors":[24,39],"is_endless":false,"potions_floor_spawned":[3,4,10,13,18,27,30,33,35,42,48],"ascension_level":1}}