{"host":"pmmuxs046gii331m","time":1614261574,"event":{"mods":["AchievementEnabler","BaseMod","Colored Powertips","Custom Start","Downfall","Gold Saver","Infinite Spire","Minty Spire (QoL Compilation)","Permanent Neow","Quick Restart","StSLib"],"gold_per_floor":[692,642,653,653,196,211,240,240,264,264,234,247,247,261,261,364,364,374,374,397,409,435,477,489,517,529,541,541],"floor_reached":27,"language":"ENG","playtime":3227,"items_purged":["Strike_R","Strike_R"],"score":338,"play_id":"261e5f9b-11a8-4aa9-b190-ce28b5ceb37d","local_time":"20210225085934","is_ascension_mode":true,"campfire_choices":[{"data":"Armaments","floor":8.0,"key":"SMITH"},{"data":"Rupture","floor":10.0,"key":"SMITH"},{"floor":13.0,"key":"REST"},{"data":"Evolve","floor":15.0,"key":"SMITH"},{"data":"Limit Break","floor":24,"key":"SMITH"}],"circlet_count":0,"master_deck":["Defend_R","Defend_R","Defend_R","Defend_R","Bash","Disarm","Evolve+1","Bloodletting","Armaments+1","Rupture+1","Reckless Charge","Pommel Strike","Feed","Wild Strike","Limit Break+1","Blood for Blood","infinitespire:Starlight","Iron Wave","Writhe","Combust"],"relics":["Burning Blood","GremlinMask","Shuriken","Oddly Smooth Stone","hexamod:BolsterEngine","Sozu","MawBank","Regal Pillow","Mercury Hourglass","Nunchaku"],"acts_visited":["Exordium","TheCity"],"potions_floor_usage":[16,16],"damage_taken":[{"damage":12.0,"enemies":"Cultist","floor":1.0,"turns":5.0},{"damage":2.0,"enemies":"2 Louse","floor":3.0,"turns":4.0},{"damage":7.0,"enemies":"Small Slimes","floor":6.0,"turns":5.0},{"damage":29.0,"enemies":"Lagavulin","floor":7.0,"turns":7.0},{"damage":13.0,"enemies":"Exordium Thugs","floor":12.0,"turns":5.0},{"damage":7.0,"enemies":"Large Slime","floor":14.0,"turns":6.0},{"damage":23,"enemies":"Slime Boss","floor":16,"turns":7},{"damage":14,"enemies":"3 Byrds","floor":18,"turns":6},{"damage":7,"enemies":"Shell Parasite","floor":20,"turns":4},{"damage":14,"enemies":"Centurion and Healer","floor":22,"turns":5},{"damage":43,"enemies":"Book of Stabbing","floor":23,"turns":6},{"damage":20,"enemies":"Snecko","floor":25,"turns":4},{"damage":54,"enemies":"Slavers","floor":27,"turns":3}],"seed_played":"-4958743269295630587","potions_obtained":[{"floor":6.0,"key":"LiquidBronze"},{"floor":11.0,"key":"bronze:BurnAndBuffPotion"},{"floor":11.0,"key":"Swift Potion"},{"floor":12.0,"key":"SteroidPotion"},{"floor":16,"key":"ElixirPotion"}],"is_trial":false,"path_per_floor":["M","?","M","?","$","M","E","R","T","R","?","M","R","M","R","B",null,"M","AVR","M","?","M","E","R","M","T","E"],"character_chosen":"IRONCLAD","items_purchased":["Rupture","Shuriken","Reckless Charge"],"campfire_rested":1,"item_purchase_floors":[5,5,5],"current_hp_per_floor":[45,45,49,49,49,48,25,25,25,25,25,21,45,44,44,27,69,64,64,63,63,65,38,38,38,38,0,0],"gold":541,"neow_bonus":"TRANSFORM_TWO_CARDS","is_daily":false,"chose_seed":false,"campfire_upgraded":4,"win_rate":0.0,"timestamp":1614261574,"path_taken":["M","?","M","?","$","?","E","R","T","R","?","?","R","M","R","BOSS","M","AVR","M","?","M","E","R","M","T","E"],"items_purchased_type":["Card","Relic","Card"],"build_version":"2020-12-22","purchased_purges":2,"victory":false,"max_hp_per_floor":[80,80,80,80,80,80,80,80,80,80,80,83,83,83,83,83,83,86,86,86,86,86,86,86,90,90,90,90],"card_choices":[{"not_picked":["Intimidate","Headbutt"],"picked":"Bloodletting","floor":1.0},{"not_picked":["Carnage","Thunderclap"],"picked":"Armaments","floor":3.0},{"not_picked":["Headbutt","Dual Wield"],"picked":"Pommel Strike","floor":6.0},{"not_picked":["Perfected Strike","Cleave"],"picked":"Feed","floor":7.0},{"not_picked":["Rampage","Havoc"],"picked":"Wild Strike","floor":12.0},{"not_picked":["Perfected Strike","Flex","Headbutt"],"picked":"SKIP","floor":14.0},{"not_picked":["Offering","Barricade"],"picked":"Limit Break","floor":16},{"not_picked":["Sword Boomerang","Twin Strike"],"picked":"Blood for Blood","floor":18},{"not_picked":["Headbutt","Thunderclap+1"],"picked":"Iron Wave","floor":20},{"not_picked":["Burning Pact+1","Pommel Strike","True Grit"],"picked":"SKIP","floor":22},{"not_picked":["Seeing Red","Battle Trance"],"picked":"Combust","floor":23},{"not_picked":["Second Wind","Shrug It Off","Carnage"],"picked":"SKIP","floor":25}],"player_experience":616445,"relics_obtained":[{"floor":7.0,"key":"Oddly Smooth Stone"},{"floor":9.0,"key":"hexamod:BolsterEngine"},{"floor":23,"key":"Mercury Hourglass"},{"floor":26,"key":"Nunchaku"}],"event_choices":[{"cards_removed":["Strike_R"],"damage_healed":0.0,"max_hp_gain":0.0,"max_hp_loss":0.0,"gold_gain":0.0,"event_name":"The Cleric","player_choice":"Card Removal","floor":2.0,"gold_loss":50.0,"damage_taken":0.0},{"damage_healed":0.0,"max_hp_gain":0.0,"max_hp_loss":0.0,"gold_gain":0.0,"event_name":"FaceTrader","player_choice":"Trade","floor":4.0,"gold_loss":0.0,"damage_taken":0.0,"relics_obtained":["GremlinMask"]},{"damage_healed":0.0,"max_hp_gain":0.0,"max_hp_loss":0.0,"gold_gain":0.0,"event_name":"The Woman in Blue","player_choice":"Bought 2 Potions","floor":11.0,"gold_loss":0.0,"damage_taken":0.0},{"damage_healed":0,"gold_gain":0,"player_choice":"Opened","damage_taken":0,"relics_obtained":["Regal Pillow"],"max_hp_gain":0,"max_hp_loss":0,"event_name":"The Mausoleum","floor":21,"gold_loss":0,"cards_obtained":["Writhe"]}],"is_beta":false,"boss_relics":[{"not_picked":["Empty Cage","Calling Bell"],"picked":"Sozu"}],"items_purged_floors":[5,19],"is_endless":false,"potions_floor_spawned":[6,12,16,22,23],"killed_by":"Slavers","ascension_level":9}}