{"host":"5gc11emcm5chfr5t","time":1614277809,"event":{"mods":["2.2 Compatiblity","AchievementEnabler","BaseMod","Bestiary","Better Note","Colored Map","Colored Powertips","Downfall","Googly Eyes","Minty Spire (QoL Compilation)","Quick Restart","Rare Cards Sparkle","StSLib"],"gold_per_floor":[99,99,99,99,199,31,55,55,90,90,102,121,21,53,63,63,63,63],"floor_reached":16,"language":"ENG","playtime":533,"items_purged":[],"score":212,"play_id":"7dd4c035-4411-42aa-9d4f-8ef0d94e4628","local_time":"20210225133009","is_ascension_mode":true,"campfire_choices":[{"floor":1,"key":"RECALL"},{"data":"sneckomod:MorePower","floor":8,"key":"SMITH"},{"floor":10,"key":"REST"},{"floor":13,"key":"REST"}],"circlet_count":0,"master_deck":["AscendersBane","sneckomod:Strike","sneckomod:Strike","sneckomod:Strike","sneckomod:Defend","sneckomod:Defend","sneckomod:Defend","sneckomod:TailWhip","sneckomod:SnekBite","sneckomod:Unknown","sneckomod:Unknown","sneckomod:UnknownClassPURPLE","sneckomod:DefensiveFlair","sneckomod:UnknownClassBLUE","sneckomod:WideSting","sneckomod:MorePower+1","sneckomod:UnknownVulnerable+1","sneckomod:IronFang","sneckomod:UnknownRarePower+1","sneckomod:DangerNoodle","sneckomod:UnknownRarePower+1","sneckomod:SoulRoll","sneckomod:UnknownStrength+1","sneckomod:UnendingSupply","sneckomod:UnknownColorless"],"relics":["sneckomod:SneckoSoul","downfall:HeartsMalice","Incense Burner","downfall:HeartBlessingRed","Lantern"],"acts_visited":["Exordium"],"potions_floor_usage":[12,14,16],"damage_taken":[{"damage":0,"enemies":"Cultist","floor":2,"turns":1},{"damage":0,"enemies":"downfall:FleeingMerchant","floor":3,"turns":1},{"damage":0,"enemies":"Jaw Worm","floor":4,"turns":1},{"damage":5,"enemies":"downfall:FleeingMerchant","floor":6,"turns":4},{"damage":58,"enemies":"Lagavulin","floor":9,"turns":9},{"damage":1,"enemies":"Small Slimes","floor":11,"turns":4},{"damage":9,"enemies":"3 Louse","floor":12,"turns":3},{"damage":18,"enemies":"3 Sentries","floor":14,"turns":6},{"damage":5,"enemies":"Lots of Slimes","floor":15,"turns":3},{"damage":28,"enemies":"SI_SHIV_ARCHETYPE","floor":16,"turns":5}],"seed_played":"1860927339373295832","potions_obtained":[{"floor":9,"key":"champ:CounterPotion"},{"floor":11,"key":"sneckomod:OffclassReductionPotion"},{"floor":14,"key":"bronze:BurnAndBuffPotion"}],"is_trial":false,"path_per_floor":["R","M","$","M","?","$","T","R","E","R","M","M","R","E","M","B"],"character_chosen":"THE_SNECKO","items_purchased":["sneckomod:MorePower"],"campfire_rested":2,"item_purchase_floors":[6],"current_hp_per_floor":[75,75,75,75,75,70,70,70,12,36,35,26,50,32,27,0,0,0],"gold":63,"neow_bonus":"THREE_ENEMY_KILL","is_daily":false,"chose_seed":false,"campfire_upgraded":1,"win_rate":0.0,"timestamp":1614277809,"path_taken":["R","M","$","?","?","?","T","R","E","R","M","?","R","E","M","BOSS"],"items_purchased_type":["Card"],"build_version":"2020-12-22","purchased_purges":0,"victory":false,"max_hp_per_floor":[83,83,83,83,83,83,83,83,83,83,83,83,83,83,83,83,83,83],"card_choices":[{"not_picked":["sneckomod:UnknownDraw","sneckomod:SerpentIdol"],"picked":"sneckomod:UnknownClassPURPLE","floor":2},{"not_picked":["sneckomod:UnknownClassTHE_CHAMP_GRAY","sneckomod:DiceBlock"],"picked":"sneckomod:DefensiveFlair","floor":3},{"not_picked":["sneckomod:SoulDraw","sneckomod:UnknownClassGUARDIAN"],"picked":"sneckomod:UnknownClassBLUE","floor":4},{"not_picked":["sneckomod:UnknownClassGUARDIAN","sneckomod:Unknown2Cost"],"picked":"sneckomod:WideSting","floor":6},{"not_picked":["sneckomod:UnknownX+1","sneckomod:UnknownColorless+1"],"picked":"sneckomod:UnknownVulnerable+1","floor":9},{"not_picked":["sneckomod:Nope","sneckomod:UnknownClassSLIMEBOUND"],"picked":"sneckomod:IronFang","floor":9},{"not_picked":["sneckomod:UnknownClassTHE_CHAMP_GRAY+1","sneckomod:UnknownClassGUARDIAN+1"],"picked":"sneckomod:UnknownRarePower+1","floor":11},{"not_picked":["sneckomod:Nope","sneckomod:UnknownClassHEXA_GHOST_PURPLE"],"picked":"sneckomod:DangerNoodle","floor":11},{"not_picked":["sneckomod:UnknownUncommonAttack+1","sneckomod:UnknownClassTHE_BRONZE_AUTOMATON+1"],"picked":"sneckomod:UnknownRarePower+1","floor":12},{"not_picked":["sneckomod:SoulCleanse","sneckomod:UnknownDraw"],"picked":"sneckomod:SoulRoll","floor":12},{"not_picked":["sneckomod:UnknownStrike+1","sneckomod:UnknownUncommonSkill+1"],"picked":"sneckomod:UnknownStrength+1","floor":14},{"not_picked":["sneckomod:Memorize","sneckomod:Unknown2Cost"],"picked":"sneckomod:UnendingSupply","floor":14},{"not_picked":["sneckomod:MixItUp","sneckomod:UnknownWeak"],"picked":"sneckomod:UnknownColorless","floor":15}],"player_experience":609365,"relics_obtained":[{"floor":9,"key":"Incense Burner"},{"floor":14,"key":"Lantern"}],"event_choices":[{"damage_healed":0,"gold_gain":100,"player_choice":"Gold","damage_taken":0,"max_hp_gain":0,"max_hp_loss":0,"event_name":"Wheel of Change","floor":5,"gold_loss":0}],"is_beta":false,"boss_relics":[],"items_purged_floors":[],"is_endless":false,"potions_floor_spawned":[9,11,14],"killed_by":"SI_SHIV_ARCHETYPE","ascension_level":20}}