{"host":"aaqofma31c3gm2hj","time":1614242970,"event":{"mods":["BaseMod","GungeonMod","Minty Spire (QoL Compilation)","Replay The Spire","Spicy Shops","StSLib"],"gold_per_floor":[117,117,142,142,167,201,225,246,273,325,105,55,121,121,8,8,8,8,8],"floor_reached":18,"language":"ZHS","playtime":450,"items_purged":["DemoMod:Strike_Huntress","DemoMod:Strike_Huntress"],"score":155,"play_id":"f2e15dd7-8548-4601-aca4-c80030586f9c","local_time":"20210225164929","is_ascension_mode":true,"campfire_choices":[{"data":"DemoMod:HungryBullets","floor":14.0,"key":"SMITH"},{"data":"DemoMod:PotionOfGunFriendShip","floor":16.0,"key":"SMITH"}],"circlet_count":0,"master_deck":["DemoMod:Defend_Huntress","DemoMod:Defend_Huntress","DemoMod:Defend_Huntress","DemoMod:Roll","DemoMod:ManualReload","DemoMod:RustySidearm","DemoMod:CrossBow","DemoMod:HungryBullets+1","DemoMod:PotionOfGunFriendShip+1","DemoMod:DarkMarker","DemoMod:HardPowerCard","DemoMod:Desperate"],"relics":["DemoMod:Dog","NeowsBlessing","Golden Idol","Kunai","Oddly Smooth Stone","DemoMod:BlueGuonStone","Blue Doll","Replay:Wax Seal","TheAbacus"],"acts_visited":["Exordium"],"potions_floor_usage":[18],"damage_taken":[{"damage":0.0,"enemies":"2 Louse","floor":1.0,"turns":1.0},{"damage":0.0,"enemies":"Small Slimes","floor":3.0,"turns":1.0},{"damage":5.0,"enemies":"Lagavulin","floor":6.0,"turns":2.0},{"damage":0.0,"enemies":"Jaw Worm","floor":7.0,"turns":4.0},{"damage":0.0,"enemies":"Exordium Wildlife","floor":8.0,"turns":7.0},{"damage":0.0,"enemies":"Red Slaver","floor":13.0,"turns":4.0},{"damage":2,"enemies":"Hexaghost","floor":18,"turns":14}],"seed_played":"8350698941100691491","potions_obtained":[{"floor":1.0,"key":"DistilledChaos"},{"floor":7.0,"key":"BlessingOfTheForge"},{"floor":8.0,"key":"SteroidPotion"}],"is_trial":false,"path_per_floor":["M","?","M","?","T","E","M","M","T","T","$","?","M","R","$","R","R","B"],"character_chosen":"HUNTRESS","items_purchased":["Replay:Wax Seal","TheAbacus","DemoMod:HardPowerCard"],"campfire_rested":0,"item_purchase_floors":[11,11,15],"current_hp_per_floor":[70,53,53,53,53,48,48,48,48,48,48,48,48,48,48,48,48,46,46],"gold":8,"neow_bonus":"THREE_ENEMY_KILL","is_daily":false,"chose_seed":false,"campfire_upgraded":2,"win_rate":0.0,"timestamp":1614242969,"path_taken":["M","?","M","?","?","E","M","?","T","T","$","?","M","R","$","R","R","BOSS"],"items_purchased_type":["Relic","Relic","Card"],"build_version":"2020-12-22","purchased_purges":2,"victory":false,"max_hp_per_floor":[70,70,70,70,70,70,70,70,70,70,70,70,70,70,70,70,70,70,70],"card_choices":[{"not_picked":["DemoMod:ConditionalReflex","DemoMod:SniperShot"],"picked":"DemoMod:HungryBullets","floor":1.0},{"not_picked":["DemoMod:FortunesFavor","DemoMod:BattleInHaste"],"picked":"DemoMod:Purify","floor":3.0},{"not_picked":["DemoMod:ConditionalReflex","DemoMod:HuntsMan","DemoMod:SAA"],"picked":"SKIP","floor":6.0},{"not_picked":["DemoMod:HuntsMan","DemoMod:LifeOrb","DemoMod:TripleGun"],"picked":"SKIP","floor":7.0},{"not_picked":["DemoMod:BoxingGlove","DemoMod:SpreadAmmo"],"picked":"DemoMod:PotionOfGunFriendShip","floor":8.0},{"not_picked":["DemoMod:BoxingGlove","DemoMod:Polaris"],"picked":"DemoMod:DarkMarker","floor":13.0}],"player_experience":699465,"relics_obtained":[{"floor":5.0,"key":"Oddly Smooth Stone"},{"floor":6.0,"key":"DemoMod:BlueGuonStone"},{"floor":9.0,"key":"Blue Doll"}],"event_choices":[{"damage_healed":0.0,"max_hp_gain":0.0,"max_hp_loss":0.0,"gold_gain":0.0,"event_name":"Golden Idol","player_choice":"Take Damage","floor":2.0,"gold_loss":0.0,"damage_taken":17.0,"relics_obtained":["Golden Idol"]},{"damage_healed":0.0,"max_hp_gain":0.0,"max_hp_loss":0.0,"gold_gain":0.0,"event_name":"Big Fish","player_choice":"Box","floor":4.0,"gold_loss":0.0,"damage_taken":0.0,"relics_obtained":["Kunai"],"cards_obtained":["Regret"]},{"cards_removed":["DemoMod:Strike_Huntress"],"damage_healed":0.0,"max_hp_gain":0.0,"max_hp_loss":0.0,"gold_gain":0.0,"event_name":"The Cleric","player_choice":"Card Removal","floor":12.0,"gold_loss":50.0,"damage_taken":0.0}],"is_beta":false,"boss_relics":[],"items_purged_floors":[11,15],"is_endless":false,"potions_floor_spawned":[1,7,8],"killed_by":"Hexaghost","ascension_level":3}}