{"host":"6406jj8da6015sxr","time":1614253438,"event":{"mods":["AchievementEnabler","BaseMod","Colored Map","DeckTracker","Keyboard Shortcuts","Minty Spire (QoL Compilation)","Permanent Neow","Relic Stats","SuperFastMode","everything is the same but u backflip on backflip"],"gold_per_floor":[117,117,117,33,53,86,106,106,154,185,200,226,242,262,262,340,340,353,353,384,62,12,12,44,59,59,59,74,74,93,103,103,174,174,185,202,202,212,224,224,258,98,150,168,168,184,406,183,183,183,183],"floor_reached":52,"language":"KOR","playtime":2647,"items_purged":["Strike_G+1","Noxious Fumes","Defend_G+1"],"score":1894,"play_id":"e3d5e1b7-dae1-4bdd-bd3b-a99dd565dc49","local_time":"20210225204358","is_ascension_mode":true,"campfire_choices":[{"data":"Skewer","floor":8.0,"key":"SMITH"},{"data":"Neutralize","floor":15.0,"key":"SMITH"},{"data":"Bullet Time","floor":23.0,"key":"SMITH"},{"floor":29.0,"key":"REST"},{"data":"After Image","floor":32.0,"key":"SMITH"},{"floor":40.0,"key":"RECALL"},{"floor":49.0,"key":"REST"}],"circlet_count":0,"master_deck":["AscendersBane","Strike_G+1","Strike_G+1","Defend_G+1","Defend_G+1","Defend_G+1","Defend_G+1","Survivor","Neutralize+1","Predator","Infinite Blades","Eviscerate","Skewer+1","Cloak And Dagger","Backstab","Bullet Time+1","Deadly Poison","After Image","After Image+1","Backflip+1","Eviscerate","Blade Dance","Deflect","Prepared+1","Backstab","Malaise","Acrobatics+1","Calculated Gamble","After Image","Madness","Madness","Transmutation"],"relics":["Ring of the Serpent","NeowsBlessing","Potion Belt","Orichalcum","Bag of Marbles","Akabeko","Red Mask","Membership Card","Blood Vial","Pen Nib","War Paint","Fusion Hammer","CeramicFish","Omamori","ClockworkSouvenir","Juzu Bracelet","TwistedFunnel"],"acts_visited":["Exordium","TheCity","TheBeyond"],"potions_floor_usage":[51,51,51],"damage_taken":[{"damage":0.0,"enemies":"2 Louse","floor":1.0,"turns":1.0},{"damage":0.0,"enemies":"Small Slimes","floor":5.0,"turns":1.0},{"damage":0.0,"enemies":"Lagavulin","floor":6.0,"turns":1.0},{"damage":9.0,"enemies":"Jaw Worm","floor":7.0,"turns":4.0},{"damage":2.0,"enemies":"Gremlin Nob","floor":10.0,"turns":3.0},{"damage":2.0,"enemies":"Exordium Thugs","floor":11.0,"turns":2.0},{"damage":15.0,"enemies":"Lagavulin","floor":12.0,"turns":4.0},{"damage":0.0,"enemies":"2 Fungi Beasts","floor":13.0,"turns":1.0},{"damage":0.0,"enemies":"Exordium Wildlife","floor":14.0,"turns":1.0},{"damage":14.0,"enemies":"Hexaghost","floor":16.0,"turns":9.0},{"damage":22.0,"enemies":"3 Byrds","floor":18.0,"turns":5.0},{"damage":20.0,"enemies":"Masked Bandits","floor":20.0,"turns":6.0},{"damage":6.0,"enemies":"Book of Stabbing","floor":24.0,"turns":8.0},{"damage":0.0,"enemies":"2 Thieves","floor":25.0,"turns":2.0},{"damage":1.0,"enemies":"Snake Plant","floor":28.0,"turns":3.0},{"damage":0.0,"enemies":"Centurion and Healer","floor":30.0,"turns":6.0},{"damage":0.0,"enemies":"Snecko","floor":31.0,"turns":2.0},{"damage":59.0,"enemies":"Automaton","floor":33.0,"turns":14.0},{"damage":0.0,"enemies":"3 Shapes","floor":35.0,"turns":2.0},{"damage":0.0,"enemies":"3 Darklings","floor":36.0,"turns":8.0},{"damage":1.0,"enemies":"Jaw Worm Horde","floor":38.0,"turns":4.0},{"damage":0.0,"enemies":"4 Shapes","floor":39.0,"turns":13.0},{"damage":0.0,"enemies":"Reptomancer","floor":41.0,"turns":2.0},{"damage":0.0,"enemies":"Spire Growth","floor":46.0,"turns":5.0},{"damage":18.0,"enemies":"Donu and Deca","floor":50.0,"turns":12.0},{"damage":28,"enemies":"Awakened One","floor":51,"turns":18}],"seed_played":"8234651449808965148","potions_obtained":[{"floor":1.0,"key":"Strength Potion"},{"floor":7.0,"key":"SteroidPotion"},{"floor":13.0,"key":"Poison Potion"},{"floor":16.0,"key":"SpeedPotion"},{"floor":25.0,"key":"ColorlessPotion"},{"floor":27.0,"key":"Regen Potion"},{"floor":27.0,"key":"BlessingOfTheForge"},{"floor":30.0,"key":"DuplicationPotion"},{"floor":31.0,"key":"FairyPotion"},{"floor":36.0,"key":"FearPotion"},{"floor":39.0,"key":"ColorlessPotion"},{"floor":41.0,"key":"PowerPotion"}],"is_trial":false,"path_per_floor":["M","?","?","$","M","E","M","R","T","E","M","E","M","M","R","B",null,"M","?","?","$","$","R","E","M","T","?","M","R","M","M","R","B",null,"M","M","?","M","M","R","E","$","T","?","?","M","?","$","R","B","B",null],"character_chosen":"THE_SILENT","items_purchased":["Eviscerate","Membership Card","Blade Dance","Blood Vial","Omamori","ClockworkSouvenir","TwistedFunnel","Transmutation"],"campfire_rested":2,"item_purchase_floors":[4,21,21,21,42,42,48,48],"current_hp_per_floor":[59,59,59,59,59,59,50,50,50,48,46,31,31,31,31,17,54,32,32,12,12,12,12,8,10,10,10,11,30,32,34,34,19,54,56,58,66,65,66,66,66,66,66,54,54,56,56,56,66,48,22],"gold":183,"neow_bonus":"THREE_ENEMY_KILL","is_daily":false,"chose_seed":false,"campfire_upgraded":4,"win_rate":0.0,"timestamp":1614253438,"path_taken":["M","?","?","?","M","E","M","R","T","E","?","E","M","M","R","BOSS","M","?","?","?","$","R","E","M","T","?","?","R","M","M","R","BOSS","M","M","?","?","M","R","E","$","T","?","?","M","?","$","R","BOSS","BOSS"],"items_purchased_type":["Card","Relic","Card","Relic","Relic","Relic","Relic","Card"],"build_version":"2020-12-22","purchased_purges":3,"victory":true,"max_hp_per_floor":[66,66,66,66,66,66,66,66,66,66,66,66,66,66,66,66,66,66,66,66,66,66,66,66,66,66,66,66,66,66,66,66,66,66,66,66,66,66,66,66,66,66,66,66,66,66,66,66,66,66,66],"relic_stats":{"Blood Vial":21,"counters":[26,137],"CeramicFish":36,"Pen Nib":[25],"Juzu Bracelet":1,"Orichalcum":[48],"War Paint":["Prepared","Backflip"],"obtain_stats":[{"Potion Belt":6,"TwistedFunnel":48,"NeowsBlessing":0,"CeramicFish":41,"Pen Nib":24,"Omamori":42,"Juzu Bracelet":43,"Orichalcum":9,"War Paint":26,"Akabeko":12,"ClockworkSouvenir":42,"Blood Vial":21,"Fusion Hammer":34,"Bag of Marbles":10,"Red Mask":20,"Membership Card":21,"Ring of the Serpent":17,"Ring of the Snake":0},{"Potion Belt":3,"TwistedFunnel":24,"NeowsBlessing":0,"CeramicFish":23,"Pen Nib":13,"Omamori":23,"Juzu Bracelet":23,"Orichalcum":4,"War Paint":14,"Akabeko":7,"ClockworkSouvenir":23,"Blood Vial":12,"Fusion Hammer":18,"Bag of Marbles":5,"Red Mask":12,"Membership Card":12,"Ring of the Serpent":10,"Ring of the Snake":0},{"Potion Belt":3,"TwistedFunnel":107,"NeowsBlessing":0,"CeramicFish":102,"Pen Nib":46,"Omamori":102,"Juzu Bracelet":102,"Orichalcum":7,"War Paint":48,"Akabeko":16,"ClockworkSouvenir":102,"Blood Vial":38,"Fusion Hammer":73,"Bag of Marbles":10,"Red Mask":38,"Membership Card":38,"Ring of the Serpent":27,"Ring of the Snake":0}]},"card_choices":[{"not_picked":["Outmaneuver","Dagger Spray"],"picked":"Predator","floor":1.0},{"not_picked":["Crippling Poison","Dagger Spray"],"picked":"Skewer","floor":5.0},{"not_picked":["Flying Knee","Distraction"],"picked":"Cloak And Dagger","floor":6.0},{"not_picked":["Bane","Expertise"],"picked":"Backstab","floor":7.0},{"not_picked":["Flying Knee","Quick Slash"],"picked":"Bullet Time","floor":10.0},{"not_picked":["Cloak And Dagger","Acrobatics"],"picked":"Noxious Fumes","floor":11.0},{"not_picked":["Expertise","Sucker Punch"],"picked":"Deadly Poison","floor":12.0},{"not_picked":["Prepared","Distraction"],"picked":"After Image","floor":13.0},{"not_picked":["Outmaneuver","Flying Knee","Skewer"],"picked":"SKIP","floor":14.0},{"not_picked":["Venomology","Glass Knife"],"picked":"After Image","floor":16.0},{"not_picked":["Deadly Poison","Slice"],"picked":"Backflip","floor":18.0},{"not_picked":["Heel Hook","Dodge and Roll"],"picked":"Eviscerate","floor":20.0},{"not_picked":["Underhanded Strike","Infinite Blades+1"],"picked":"Deflect","floor":24.0},{"not_picked":["Noxious Fumes","Sucker Punch"],"picked":"Prepared","floor":25.0},{"not_picked":["Dagger Spray","Blade Dance","Sucker Punch"],"picked":"SKIP","floor":28.0},{"not_picked":["Expertise","Dagger Spray"],"picked":"Escape Plan","floor":30.0},{"not_picked":["Deadly Poison","Blur"],"picked":"Backstab","floor":31.0},{"not_picked":["Die Die Die","Glass Knife"],"picked":"Malaise","floor":33.0},{"not_picked":["Poisoned Stab","Quick Slash","Dodge and Roll"],"picked":"SKIP","floor":35.0},{"not_picked":["Heel Hook","Slice"],"picked":"Acrobatics+1","floor":36.0},{"not_picked":["Quick Slash","Dodge and Roll","Sucker Punch+1"],"picked":"SKIP","floor":38.0},{"not_picked":["Flying Knee+1","Choke"],"picked":"Calculated Gamble","floor":39.0},{"not_picked":["Flechettes","Outmaneuver"],"picked":"After Image","floor":41.0},{"not_picked":["Flying Knee+1","Endless Agony","Crippling Poison"],"picked":"SKIP","floor":46.0}],"player_experience":113924,"relics_obtained":[{"floor":6.0,"key":"Potion Belt"},{"floor":9.0,"key":"Orichalcum"},{"floor":10.0,"key":"Bag of Marbles"},{"floor":12.0,"key":"Akabeko"},{"floor":20.0,"key":"Red Mask"},{"floor":24.0,"key":"Pen Nib"},{"floor":26.0,"key":"War Paint"},{"floor":41.0,"key":"CeramicFish"},{"floor":43.0,"key":"Juzu Bracelet"}],"event_choices":[{"damage_healed":0.0,"max_hp_gain":0.0,"max_hp_loss":0.0,"gold_gain":0.0,"event_name":"Shining Light","player_choice":"Ignored","floor":2.0,"gold_loss":0.0,"damage_taken":0.0},{"damage_healed":0.0,"max_hp_gain":0.0,"max_hp_loss":0.0,"gold_gain":0.0,"cards_transformed":["Strike_G"],"event_name":"Living Wall","player_choice":"Change","floor":3.0,"gold_loss":0.0,"damage_taken":0.0,"cards_obtained":["Infinite Blades"]},{"damage_healed":0.0,"max_hp_gain":0.0,"max_hp_loss":0.0,"gold_gain":0.0,"event_name":"Back to Basics","player_choice":"Simplicity","floor":19.0,"gold_loss":0.0,"damage_taken":0.0,"cards_upgraded":["Strike_G","Strike_G","Strike_G","Strike_G","Defend_G","Defend_G","Defend_G","Defend_G","Defend_G"]},{"damage_healed":0.0,"max_hp_gain":0.0,"max_hp_loss":0.0,"gold_gain":0.0,"event_name":"Masked Bandits","player_choice":"Fought Bandits","floor":20.0,"gold_loss":0.0,"damage_taken":0.0},{"damage_healed":0.0,"max_hp_gain":0.0,"max_hp_loss":0.0,"gold_gain":0.0,"event_name":"Lab","player_choice":"Got Potions","floor":27.0,"gold_loss":0.0,"damage_taken":0.0},{"cards_removed":["Escape Plan"],"damage_healed":8.0,"max_hp_gain":0.0,"max_hp_loss":0.0,"gold_gain":0.0,"event_name":"Bonfire Elementals","player_choice":"Offered Uncommon","floor":37.0,"gold_loss":0.0,"damage_taken":0.0},{"damage_healed":0.0,"max_hp_gain":0.0,"max_hp_loss":0.0,"gold_gain":0.0,"event_name":"Winding Halls","player_choice":"Embrace Madness","floor":44.0,"gold_loss":0.0,"damage_taken":12.0,"cards_obtained":["Madness","Madness"]},{"cards_removed":["Strike_G"],"damage_healed":0.0,"max_hp_gain":0.0,"max_hp_loss":0.0,"gold_gain":0.0,"event_name":"Falling","player_choice":"Removed Attack","floor":45.0,"gold_loss":0.0,"damage_taken":0.0},{"damage_healed":0.0,"max_hp_gain":0.0,"max_hp_loss":0.0,"gold_gain":222.0,"event_name":"Tomb of Lord Red Mask","player_choice":"Wore Mask","floor":47.0,"gold_loss":0.0,"damage_taken":0.0}],"is_beta":false,"boss_relics":[{"not_picked":["Black Star","SacredBark"],"picked":"Ring of the Serpent"},{"not_picked":["HoveringKite","Pandora\u0027s Box"],"picked":"Fusion Hammer"}],"items_purged_floors":[21,22,48],"is_endless":false,"potions_floor_spawned":[1,7,13,16,25,30,31,36,39,41],"ascension_level":20}}