{"host":"auii0tli5ebhxikt","time":1614212940,"event":{"mods":["ATMod(°¢èªMod)","BaseMod","Downfall","Energized Spire","Library of Ruina","Minty Spire (QoL Compilation)","Quick Restart","Relic Stats","Reliquary","Replay The Spire","Spicy Shops","StSLib","The Marked","[IsaacMod]ÒÔÈö¼âËþ","¡¾ÒÅÎï¿¨ÅÆ¡¿REMEMod"],"gold_per_floor":[99,109,127,142,154,154,154,229,229,244,274,274,294,54,65,163,163,163,175,193,47,66,51,51,70,70,70,70],"floor_reached":26,"language":"ZHS","playtime":1989,"items_purged":[],"score":223,"play_id":"169218c7-39bc-4630-b898-659f82d93fb1","local_time":"20210225082900","is_ascension_mode":true,"campfire_choices":[{"floor":1,"key":"DIG"},{"floor":12,"key":"REST"},{"data":"Slimebound:MassRepurpose","floor":18,"key":"SMITH"}],"circlet_count":0,"master_deck":["Slimebound:Strike_Slimebound","Slimebound:Strike_Slimebound","Slimebound:Tackle","Slimebound:Defend_Slimebound","Slimebound:Defend_Slimebound","Slimebound:Defend_Slimebound","Slimebound:Defend_Slimebound","Slimebound:Split","Slimebound:CorrosiveSpit","Slimebound:SplotBruiser","Slimebound:Repurpose","Slimebound:RallyTheTroops","Slimebound:SamplingLick","Slimebound:SplitLeeching","Slimebound:SplitMire","Slimebound:Gluttony","Slimebound:MassRepurpose+1","Slimebound:SelfFormingGoo","Slimebound:GoopSpray+1","Slimebound:LeadByExample","Slimebound:SplitBruiser+1","Slimebound:HauntingLick"],"relics":["Slimebound:AbsorbEndCombat","AT_ATBox","HushsDoor","REME_ComplimentaryCards","SteamSale","Replay:Bottled Flurry","PageOfQueenBee","downfall:BrokenWingStatue","AT_BellDemon","BFFS","Frozen Eye","AT_TrinityForce","REME_HourglassOfDeath","ReplayTheSpireMod:Shallot"],"acts_visited":["Exordium","TheCity"],"potions_floor_usage":[16],"damage_taken":[{"damage":7,"enemies":"Cultist","floor":2,"turns":6},{"damage":5,"enemies":"Jaw Worm","floor":3,"turns":4},{"damage":0,"enemies":"2 Louse","floor":4,"turns":3},{"damage":26,"enemies":"Exordium Wildlife","floor":5,"turns":5},{"damage":0,"enemies":"downfall:LooterAlt","floor":10,"turns":4},{"damage":20,"enemies":"3 Sentries","floor":11,"turns":8},{"damage":2,"enemies":"Large Slime","floor":13,"turns":4},{"damage":0,"enemies":"downfall:FleeingMerchant","floor":14,"turns":4},{"damage":3,"enemies":"Exordium Wildlife","floor":15,"turns":4},{"damage":23,"enemies":"IC_STATUS_ARCHETYPE","floor":16,"turns":5},{"damage":9,"enemies":"3 Byrds","floor":19,"turns":5},{"damage":11,"enemies":"downfall:LooterAlt2","floor":20,"turns":4},{"damage":0,"enemies":"downfall:FleeingMerchant","floor":21,"turns":4},{"damage":22,"enemies":"Snake Plant","floor":22,"turns":5},{"damage":15,"enemies":"downfall:FleeingMerchant","floor":23,"turns":4},{"damage":17,"enemies":"Centurion and Healer","floor":25,"turns":5},{"damage":0,"enemies":"Hiden Room Battle","floor":26,"turns":1}],"seed_played":"7856582829411007742","potions_obtained":[{"floor":5,"key":"DistilledChaos"},{"floor":10,"key":"Swift Potion"},{"floor":11,"key":"Doom Potion"},{"floor":19,"key":"SkillPotion"}],"is_trial":false,"path_per_floor":["R","M","M","M","M","?","T","?","?","M","E","R","M","$","M","B",null,"R","M","M","$","M","$","T","M","?"],"character_chosen":"SLIMEBOUND","items_purchased":["BFFS","Frozen Eye","REME_HourglassOfDeath"],"campfire_rested":1,"item_purchase_floors":[14,14,21],"current_hp_per_floor":[71,68,65,67,45,45,45,45,45,47,35,56,62,68,67,50,71,71,64,57,63,45,34,34,23,8,8,8],"gold":70,"neow_bonus":"TEN_PERCENT_HP_BONUS","is_daily":false,"chose_seed":false,"campfire_upgraded":1,"win_rate":0.0,"timestamp":1614212940,"path_taken":["R","M","M","M","?","?","T","?","?","?","E","R","M","$","M","BOSS","R","M","M","$","M","$","T","M","?"],"items_purchased_type":["Relic","Relic","Relic"],"build_version":"2020-12-22","purchased_purges":0,"victory":false,"max_hp_per_floor":[71,71,71,71,71,71,71,71,71,71,71,71,71,71,71,71,71,71,71,71,71,71,71,71,71,71,71,71],"relic_stats":{"counters":[17,70],"obtain_stats":[{"KeepersGift":0,"AT_BellDemon":11,"AT_ATBox":0,"SteamSale":0,"BFFS":14,"Frozen Eye":14,"downfall:BrokenWingStatue":9,"PageOfQueenBee":7,"REME_HourglassOfDeath":21,"ReplayTheSpireMod:Shallot":24,"AT_TrinityForce":17,"Slimebound:AbsorbEndCombat":0,"Replay:Bottled Flurry":1,"HushsDoor":0,"REME_ComplimentaryCards":0},{"KeepersGift":0,"AT_BellDemon":6,"AT_ATBox":0,"SteamSale":0,"BFFS":8,"Frozen Eye":8,"downfall:BrokenWingStatue":4,"PageOfQueenBee":4,"REME_HourglassOfDeath":13,"ReplayTheSpireMod:Shallot":15,"AT_TrinityForce":10,"Slimebound:AbsorbEndCombat":0,"Replay:Bottled Flurry":0,"HushsDoor":0,"REME_ComplimentaryCards":0},{"KeepersGift":0,"AT_BellDemon":28,"AT_ATBox":0,"SteamSale":0,"BFFS":36,"Frozen Eye":36,"downfall:BrokenWingStatue":18,"PageOfQueenBee":18,"REME_HourglassOfDeath":57,"ReplayTheSpireMod:Shallot":65,"AT_TrinityForce":45,"Slimebound:AbsorbEndCombat":0,"Replay:Bottled Flurry":0,"HushsDoor":0,"REME_ComplimentaryCards":0}]},"card_choices":[{"not_picked":["Bomb","Slimebound:SlimeBrawl"],"picked":"Slimebound:Repurpose","floor":2},{"not_picked":["Slimebound:Grow","Slimebound:ItLooksTasty"],"picked":"Slimebound:RallyTheTroops","floor":3},{"not_picked":["Slimebound:Chomp","Slimebound:ViciousTackle"],"picked":"Slimebound:SamplingLick","floor":4},{"not_picked":["Slimebound:GoopSpray","Slimebound:ItLooksTasty"],"picked":"Slimebound:SplitLeeching","floor":5},{"not_picked":["Slimebound:LeechEnergy","Slimebound:Repurpose"],"picked":"Slimebound:SplitMire","floor":10},{"not_picked":["Slimebound:CheckThePlaybook","Slimebound:LeechingTouch","Slimebound:ItLooksTasty"],"picked":"SKIP","floor":11},{"not_picked":["Slimebound:SlimeBrawl","Slimebound:Prepare"],"picked":"Slimebound:Gluttony","floor":13},{"not_picked":["Slimebound:LeechingTouch","Slimebound:ItLooksTasty"],"picked":"Slimebound:MassRepurpose","floor":14},{"not_picked":["Slimebound:ComboTackle","Slimebound:TongueLash","Slimebound:BestDefense"],"picked":"SKIP","floor":15},{"not_picked":["Slimebound:MassRepurpose","Slimebound:MassFeed"],"picked":"Slimebound:SelfFormingGoo","floor":16},{"not_picked":["Slimebound:SplitBruiser","Slimebound:SlimeSpikes+1"],"picked":"Slimebound:GoopSpray+1","floor":19},{"not_picked":["Slimebound:SlimeSpikes","Slimebound:ComboTackle"],"picked":"Slimebound:LeadByExample","floor":20},{"not_picked":["Slimebound:GoopSpray","Slimebound:Chomp","Slimebound:LeadByExample"],"picked":"SKIP","floor":21},{"not_picked":["Slimebound:Equalize","Slimebound:SamplingLick+1"],"picked":"Slimebound:SplitBruiser+1","floor":22},{"not_picked":["Slimebound:LeechEnergy","Slimebound:Chomp+1","Slimebound:SplitMire"],"picked":"SKIP","floor":23},{"not_picked":["Slimebound:DuplicatedForm","Slimebound:Replication"],"picked":"Slimebound:HauntingLick","floor":25}],"player_experience":152546,"relics_obtained":[{"floor":1,"key":"Replay:Bottled Flurry"},{"floor":7,"key":"PageOfQueenBee"},{"floor":11,"key":"AT_BellDemon"},{"floor":24,"key":"ReplayTheSpireMod:Shallot"}],"event_choices":[{"damage_healed":0,"gold_gain":0,"player_choice":"Fight","damage_taken":0,"max_hp_gain":0,"max_hp_loss":0,"event_name":"HidenRoomEvent","floor":26,"gold_loss":0}],"is_beta":false,"boss_relics":[{"not_picked":["bronze:MakeshiftBattery","Black Star"],"picked":"AT_TrinityForce"},{"not_picked":[]}],"items_purged_floors":[],"is_endless":false,"potions_floor_spawned":[5,10,11,13,19,22],"killed_by":"Hiden Room Battle","ascension_level":1}}