{"host":"p5axfb00mxhraew6","time":1614263936,"event":{"mods":["100% Spire Juice","Abigail Mod","Act Like it!","BaseMod","CapriCore","Friendly Minions","GifTheSpireLib","Jedi Mod","KomeijiMod","Library of Ruina","Library of Ruina Extra","MarisaÅiñ∂âJÅ@ñÇóùçπÅj","Minty Spire (QoL Compilation)","Prisma Mod","ReimuÅiîé??öÎÅj","RemiliaÅiÂQïƒ‰ª?Åj","SOSÅiézîb?îVéqÅj","StSLib","Td1madao Mod","The Alterego","The Immortal","The Problem Sleuth","Yakumo Yukari mod"],"gold_per_floor":[110,126,126,126,142,142,43,86,137,137,14,54,54,67,67,187,187,202,216,247,47,60,60,98,75,101,26,26,26,67,90,90,219,219,243,306,319,337,402,445,445,484,484,507,37,72,115,115,115,115,115,115,15,55,55],"floor_reached":56,"language":"ENG","playtime":3055,"items_purged":["LightAttack","LightAttack"],"score":1622,"play_id":"1135b592-1267-4f81-8ba4-dce7376b7e29","local_time":"20210225233856","is_ascension_mode":true,"campfire_choices":[{"data":"Eject","floor":6.0,"key":"SMITH"},{"floor":15.0,"key":"REST"},{"data":"Laceration","floor":23.0,"key":"SMITH"},{"floor":29.0,"key":"RECALL"},{"data":"RagingStormLove","floor":32.0,"key":"SMITH"},{"data":"BlazingStrike","floor":41.0,"key":"SMITH"},{"data":"SuanNi","floor":49.0,"key":"SMITH"},{"data":"EmotionalTurbulence","floor":52,"key":"SMITH"}],"circlet_count":0,"master_deck":["Dodge","LightDefense","LightDefense","LightDefense","LightDefense","ChargeAndCover","Eject+1","HardRehearsal","BlazingStrike+1","Faith","DaringDecision","BiAn","Parry2","Unlock1","HighSpeedStabbing","AsThePrescriptOrders","Commandeering","DesperateStruggle","Laceration+1","RatsGuideToSurvival","WillOfThePrescript","RagingStormLove+1","BiteOff+1","ViolentFlame","YouOnlyLiveOnce+1","ViolentFlame","EmotionalTurbulence+1","Zzzzzap+1","MultiBlock+1","Cruelty","WillProduceFineSilk","GrazeTheGrass+1","Struggle+1","FrontalAssault+1","PreemptiveStrike+1","Commandeering","SerpentineBarrier+1","SuanNi+1"],"relics":["PageOfLibrarian","NeowsBlessing","Golden Idol","MealTicket","Juzu Bracelet","PageOfNosferatu","Coffee Dripper","Red Mask","Bag of Preparation","Mastiff:ReiMu","Blue Candle","PageOfBlackSwan","PageOfDeadButterflies","Mango","Potion Belt","Bag of Marbles","Lizard Tail","PageOfSingingMachine","HornCleat","Singing Bowl","Omamori","theSleuth:Tectrixcalibur","PageOfPorccubus"],"acts_visited":["Exordium","TheCity","TheBeyond","TheEnding"],"potions_floor_usage":[55],"damage_taken":[{"damage":0.0,"enemies":"Jaw Worm","floor":1.0,"turns":1.0},{"damage":0.0,"enemies":"2 Louse","floor":2.0,"turns":2.0},{"damage":0.0,"enemies":"Cultist","floor":5.0,"turns":1.0},{"damage":9.0,"enemies":"Gremlin Nob","floor":8.0,"turns":4.0},{"damage":0.0,"enemies":"Lagavulin","floor":12.0,"turns":8.0},{"damage":0.0,"enemies":"Looter","floor":14.0,"turns":3.0},{"damage":10.0,"enemies":"The Guardian","floor":16.0,"turns":11.0},{"damage":0.0,"enemies":"3 Byrds","floor":18.0,"turns":4.0},{"damage":2.0,"enemies":"Spheric Guardian","floor":19.0,"turns":3.0},{"damage":2.0,"enemies":"Masked Bandits","floor":20.0,"turns":3.0},{"damage":2.0,"enemies":"Centurion and Healer","floor":22.0,"turns":3.0},{"damage":0.0,"enemies":"Gremlin Leader","floor":24.0,"turns":4.0},{"damage":6.0,"enemies":"Slavers","floor":30.0,"turns":3.0},{"damage":17.0,"enemies":"Snake Plant","floor":31.0,"turns":4.0},{"damage":32.0,"enemies":"Automaton","floor":33.0,"turns":9.0},{"damage":14.0,"enemies":"3 Shapes","floor":35.0,"turns":3.0},{"damage":43.0,"enemies":"Mind Bloom Boss Battle","floor":36.0,"turns":4.0},{"damage":7.0,"enemies":"3 Darklings","floor":37.0,"turns":3.0},{"damage":0.0,"enemies":"Sphere and 2 Shapes","floor":38.0,"turns":1.0},{"damage":5.0,"enemies":"2 Orb Walkers","floor":39.0,"turns":3.0},{"damage":0.0,"enemies":"Giant Head","floor":40.0,"turns":6.0},{"damage":22.0,"enemies":"Reptomancer","floor":42.0,"turns":7.0},{"damage":0.0,"enemies":"Transient","floor":44.0,"turns":5.0},{"damage":14.0,"enemies":"Giant Head","floor":46.0,"turns":7.0},{"damage":0.0,"enemies":"Nemesis","floor":47.0,"turns":5.0},{"damage":3.0,"enemies":"Awakened One","floor":50.0,"turns":9.0},{"damage":2,"enemies":"Shield and Spear","floor":54,"turns":5},{"damage":20,"enemies":"The Heart","floor":55,"turns":9}],"seed_played":"-2855477446529748552","potions_obtained":[{"floor":1.0,"key":"ColorlessPotion"},{"floor":5.0,"key":"jedi:StrikingPotion"},{"floor":8.0,"key":"SkillPotion"},{"floor":16.0,"key":"AttackPotion"},{"floor":18.0,"key":"Fire Potion"},{"floor":22.0,"key":"FearPotion"},{"floor":37.0,"key":"EssenceOfSteel"},{"floor":39.0,"key":"Regen Potion"},{"floor":40.0,"key":"Dexterity Potion"},{"floor":46.0,"key":"jedi:wingpotion"},{"floor":47.0,"key":"Block Potion"}],"is_trial":false,"path_per_floor":["M","M","?","?","M","R","$","E","T","?","$","E","?","M","R","B",null,"M","M","?","$","M","R","E","$","T","?","$","R","E","M","R","B",null,"M","?","M","M","?","E","R","E","T","M","$","E","E","?","R","B",null,"R","$","E","B",null],"character_chosen":"Librarian","items_purchased":["Faith","BiAn","Parry2","Unlock1","Bag of Preparation","WillOfThePrescript","ViolentFlame","PageOfSingingMachine","HornCleat","Commandeering"],"campfire_rested":1,"item_purchase_floors":[7,11,11,11,21,21,25,45,45,45],"current_hp_per_floor":[60,60,60,65,65,65,65,56,56,56,71,14,14,14,52,42,143,143,141,139,143,141,141,141,143,143,143,143,143,137,120,120,88,143,129,86,79,79,88,105,105,83,83,83,98,84,85,85,85,83,165,165,165,165,153],"gold":55,"neow_bonus":"THREE_ENEMY_KILL","is_daily":false,"chose_seed":false,"campfire_upgraded":6,"win_rate":0.0,"timestamp":1614263936,"path_taken":["M","M","?","?","M","R","$","E","T","?","?","E","?","M","R","BOSS","M","M","?","$","M","R","E","$","T","?","?","R","E","M","R","BOSS","M","?","M","M","?","E","R","E","T","M","$","E","E","?","R","BOSS","R","$","E","BOSS"],"items_purchased_type":["Card","Card","Card","Card","Relic","Card","Card","Relic","Relic","Card"],"build_version":"2020-12-22","purchased_purges":2,"victory":true,"max_hp_per_floor":[70,70,65,70,71,71,71,71,71,71,71,127,127,127,127,143,143,143,143,143,143,143,143,143,143,143,143,143,143,143,143,143,143,143,143,143,143,143,157,157,157,165,165,165,165,165,165,165,165,165,165,165,165,167,167],"card_choices":[{"not_picked":["Multislash","CumulusWall","Feast","QuickAttack","Clone","EnergyCycle","PreparedMind","EndlessBattle"],"picked":"Eject","floor":1.0},{"not_picked":["RepressedFlesh","SilentMist","DesperateStruggle","WillOfThePrescript","DefenseOrder","UnforgettableMelody","GuardingStance","SpearedSweep"],"picked":"HardRehearsal","floor":2.0},{"not_picked":["Standoff","Diversion","SharpenedBlade","TendonChords","SkitterAway","BiAn","NightInTheBackstreets","DestructiveImpact"],"picked":"BlazingStrike","floor":5.0},{"not_picked":["ViolentFlame","SomberProcuration","EnergyCycle","MultiBlock","FierceOnslaught","DestructiveImpact","YouOnlyLiveOnce","FierceCharge"],"picked":"DaringDecision","floor":8.0},{"not_picked":["ViolentFlame","HighKick","DirtyBlow","PuppetBlockade","DevastatingThrash","InhaleSmoke","Decapitation","Guardian_lor"],"picked":"HighSpeedStabbing","floor":12.0},{"not_picked":["Quickness","TraceOfFumes","MultiBlock","CookingPrep","GutHarvesting","QuickSuppression","MultiHit","PreparedMind"],"picked":"AsThePrescriptOrders","floor":14.0},{"not_picked":["EnergyBeam","SilentNight"],"picked":"Commandeering","floor":16.0},{"not_picked":["StructuralAnalysis+1","FervidEmotions","Creak","Unlock1","BiAn","SilentMist","Reload","SkyClearingCut"],"picked":"DesperateStruggle","floor":18.0},{"not_picked":["GrazeTheGrass","Concentration","HandleRequest","ToOvercomeCrisis","GreatSerpentsImpact","SpearedSweep","QuickAttack","StrongStrike"],"picked":"Laceration","floor":19.0},{"not_picked":["DevastatingThrash","DesperateStruggle+1","FrontalAssault","Rewind+1","YoureTooSlow","RagingStormLove","MultiHit","TendonChords"],"picked":"RatsGuideToSurvival","floor":20.0},{"not_picked":["SerpentineBarrier+1","FrontalAssault+1","SmokingPipe","Collision+1","MultiBlock","WillBeTasty+1","DevastatingThrash","InkOver"],"picked":"RagingStormLove","floor":22.0},{"not_picked":["Reload","StructuralAnalysis+1","Unlock1+1","Overcharge","SkitterAway","DevastatingThrash","FlashOfSunup","Multislash+1"],"picked":"BiteOff+1","floor":24.0},{"not_picked":["QuickSuppression","Deflect_lor","AGoldenOpportunity","JiaoTu","Transpierce","Preparation","SummaryJudgment","SunsetBlade"],"picked":"YouOnlyLiveOnce+1","floor":30.0},{"not_picked":["Leap_lor","SnakesPrey","DesperateStruggle+1","Ripple","Reload","Retaliate","SharpSwipe","UpbeatPerformance"],"picked":"ViolentFlame","floor":31.0},{"not_picked":["ChargeUp","TrashDisposal"],"picked":"EmotionalTurbulence","floor":33.0},{"not_picked":["CoordinatedAssault","HiddenBlade+1","SnakeSlit+1","AGoldenOpportunity+1","GuidanceOfTheGears","Unlock1","GuardingStance","QuickSuppression+1"],"picked":"Zzzzzap+1","floor":35.0},{"not_picked":["Leap_lor","UnavoidableGaze","EnergyCycle","Fence","Faith+1","SerpentSwordTechnique+1","StayCalm","SpearedSweep"],"picked":"MultiBlock+1","floor":36.0},{"not_picked":["Reload","Riposte","Parry","MultiBlock+1","BindingChains","Unlock1+1","Diversion","ChopItOff+1"],"picked":"Cruelty","floor":37.0},{"not_picked":["SnakesPrey","SinglePointStab+1","BackAttack+1","HandleRequest","MultiBlock","AbsorbImpact+1","HeavyPeaks+1","QuickSuppression"],"picked":"WillProduceFineSilk","floor":38.0},{"not_picked":["FlamingDragonFist","HighKick","Quickness","MultiBlock","SuppressingShot","EndlessBattle+1","GreatSerpentsImpact","HardRehearsal"],"picked":"GrazeTheGrass+1","floor":39.0},{"not_picked":["WillOfThePrescript+1","SmokingPipe","ShockingBlow+1","Clone","MindCrush","HighKick+1","LoosenUp+1","FierceCharge"],"picked":"Struggle+1","floor":40.0},{"not_picked":["MultiBlock+1","SteelKnuckles","Decapitation","ChiWen","SpearedSweep","GreatSerpentsImpact","Faith+1","Rewind"],"picked":"FrontalAssault+1","floor":42.0},{"not_picked":["Unlock1","BoundaryOfDeath","Parry+1","StrongStrike","EnergyShield+1","SnakesPrey+1","SmokingPipe","Wallop_lor"],"picked":"PreemptiveStrike+1","floor":44.0},{"not_picked":["DriedUp+1","InkOver+1","FeatherShield","EnergyConversion+1","ButterflySlash","MultiHit","RushDown","EnergyStrike+1"],"picked":"SerpentineBarrier+1","floor":46.0},{"not_picked":["SpearedSweep+1","Parry2","DefenseOrder","WillOfThePrescript+1","ForcefulGesture","Slice_lor","Multislash","AutomatedMovement+1"],"picked":"SuanNi","floor":47.0},{"not_picked":["CutIn","Thirst+1","UnavoidableGaze","GuidanceOfTheGears+1","Gigigig+1","MultiBlock+1","TieShanKao","Diversion+1","Leap_lor+1"],"picked":"Singing Bowl","floor":54}],"player_experience":1270716,"relics_obtained":[{"floor":8.0,"key":"MealTicket"},{"floor":9.0,"key":"Juzu Bracelet"},{"floor":12.0,"key":"PageOfNosferatu"},{"floor":20.0,"key":"Red Mask"},{"floor":24.0,"key":"Mastiff:ReiMu"},{"floor":30.0,"key":"Blue Candle"},{"floor":36.0,"key":"PageOfDeadButterflies"},{"floor":39.0,"key":"Mango"},{"floor":40.0,"key":"Potion Belt"},{"floor":42.0,"key":"Bag of Marbles"},{"floor":43.0,"key":"Lizard Tail"},{"floor":46.0,"key":"Singing Bowl"},{"floor":47.0,"key":"Omamori"},{"floor":54,"key":"PageOfPorccubus"}],"event_choices":[{"damage_healed":0.0,"max_hp_gain":0.0,"max_hp_loss":5.0,"gold_gain":0.0,"event_name":"Golden Idol","player_choice":"Lose Max HP","floor":3.0,"gold_loss":0.0,"damage_taken":0.0,"relics_obtained":["Golden Idol"]},{"damage_healed":0.0,"max_hp_gain":5.0,"max_hp_loss":0.0,"gold_gain":0.0,"event_name":"Big Fish","player_choice":"Donut","floor":4.0,"gold_loss":0.0,"damage_taken":0.0},{"cards_removed":["FocusedStrikes"],"damage_healed":0.0,"max_hp_gain":0.0,"max_hp_loss":0.0,"gold_gain":0.0,"event_name":"Wheel of Change","player_choice":"Card Removal","floor":10.0,"gold_loss":0.0,"damage_taken":0.0},{"damage_healed":0.0,"max_hp_gain":0.0,"max_hp_loss":0.0,"gold_gain":0.0,"event_name":"Masked Bandits","player_choice":"Fought Bandits","floor":20.0,"gold_loss":0.0,"damage_taken":0.0},{"cards_removed":["LightAttack"],"damage_healed":0.0,"max_hp_gain":0.0,"max_hp_loss":0.0,"gold_gain":0.0,"event_name":"Beggar","player_choice":"Gave Gold","floor":27.0,"gold_loss":75.0,"damage_taken":0.0},{"damage_healed":0.0,"max_hp_gain":0.0,"max_hp_loss":0.0,"gold_gain":0.0,"event_name":"MindBloom","player_choice":"Fight","floor":36.0,"gold_loss":0.0,"damage_taken":0.0},{"damage_healed":0.0,"max_hp_gain":0.0,"max_hp_loss":0.0,"gold_gain":0.0,"event_name":"Mysterious Sphere","player_choice":"Fight","floor":39.0,"gold_loss":0.0,"damage_taken":0.0}],"is_beta":false,"boss_relics":[{"not_picked":["Calling Bell","RedLine:ReiMu"],"picked":"Coffee Dripper"},{"not_picked":["Empty Cage","Busted Crown"],"picked":"PageOfBlackSwan"}],"items_purged_floors":[7,53],"is_endless":false,"potions_floor_spawned":[1,5,8,16,18,22,30,37,39,40,46,47],"ascension_level":2}}