{"host":"fab1bnyovcy159o1","time":1614279978,"event":{"mods":["AchievementEnabler","BaseMod","Colored Powertips","Minty Spire (QoL Compilation)"],"gold_per_floor":[113,113,128,128,147,173,173,191,241,316,96,107,107,124,124,221,221,239,239,339,351,92,92,102,112,112,112,112],"floor_reached":27,"language":"ITA","playtime":1130,"items_purged":["Strike_B"],"score":215,"play_id":"241ed1eb-ad80-4236-ad3a-27ca074dc1c7","local_time":"20210225200618","is_ascension_mode":false,"campfire_choices":[{"data":"Dualcast","floor":7.0,"key":"SMITH"},{"floor":15.0,"key":"REST"},{"floor":23.0,"key":"REST"}],"circlet_count":0,"master_deck":["Strike_B+1","Defend_B","Defend_B+1","Defend_B","Defend_B","Zap","Dualcast+1","Coolheaded","Doom and Gloom","Barrage","Self Repair","Streamline","Chill+1","Consume+1","Creative AI","Redo+1","Self Repair"],"relics":["Cracked Core","NeowsBlessing","Toxic Egg 2","Bag of Preparation","Empty Cage","Shuriken","Vajra"],"acts_visited":["Exordium","TheCity"],"potions_floor_usage":[],"damage_taken":[{"damage":0.0,"enemies":"Small Slimes","floor":1.0,"turns":1.0},{"damage":0.0,"enemies":"Jaw Worm","floor":3.0,"turns":1.0},{"damage":0.0,"enemies":"Cultist","floor":5.0,"turns":1.0},{"damage":16.0,"enemies":"Gremlin Nob","floor":6.0,"turns":3.0},{"damage":3.0,"enemies":"Exordium Wildlife","floor":8.0,"turns":3.0},{"damage":14.0,"enemies":"2 Fungi Beasts","floor":12.0,"turns":3.0},{"damage":1.0,"enemies":"Red Slaver","floor":14.0,"turns":3.0},{"damage":41.0,"enemies":"Slime Boss","floor":16.0,"turns":9.0},{"damage":30.0,"enemies":"Spheric Guardian","floor":18.0,"turns":7.0},{"damage":32.0,"enemies":"Shell Parasite","floor":21.0,"turns":5.0},{"damage":7,"enemies":"Snecko","floor":24,"turns":7},{"damage":29,"enemies":"Sentry and Sphere","floor":25,"turns":8},{"damage":53,"enemies":"3 Cultists","floor":27,"turns":6}],"seed_played":"-7772402924138195160","potions_obtained":[{"floor":3.0,"key":"FairyPotion"},{"floor":5.0,"key":"FearPotion"},{"floor":8.0,"key":"Regen Potion"}],"is_trial":false,"path_per_floor":["M","?","M","?","M","E","R","M","T","?","$","M","$","M","R","B",null,"M","$","?","M","$","R","M","M","T","M"],"character_chosen":"DEFECT","items_purchased":["Bag of Preparation","Shuriken"],"campfire_rested":2,"item_purchase_floors":[11,22],"current_hp_per_floor":[75,60,60,60,60,44,44,41,41,30,30,23,23,29,51,17,75,52,52,52,20,20,42,42,20,20,0,0],"gold":112,"neow_bonus":"THREE_ENEMY_KILL","is_daily":false,"chose_seed":false,"campfire_upgraded":1,"win_rate":0.0,"timestamp":1614279978,"path_taken":["M","?","M","?","?","E","R","M","T","?","$","M","$","M","R","BOSS","M","$","?","?","?","R","M","M","T","M"],"items_purchased_type":["Relic","Relic"],"build_version":"2020-12-22","purchased_purges":1,"victory":false,"max_hp_per_floor":[75,75,75,75,75,75,75,75,75,75,75,75,75,75,75,75,75,75,75,75,75,75,75,75,75,75,75,75],"card_choices":[{"not_picked":["Rebound","Redo"],"picked":"Coolheaded","floor":1.0},{"not_picked":["Chill","Leap"],"picked":"Doom and Gloom","floor":3.0},{"not_picked":["Scrape","Sunder"],"picked":"Barrage","floor":5.0},{"not_picked":["Gash","Undo+1"],"picked":"Self Repair","floor":6.0},{"not_picked":["Compile Driver","Gash"],"picked":"Streamline","floor":8.0},{"not_picked":["Barrage","Rip and Tear"],"picked":"Chill+1","floor":12.0},{"not_picked":["Thunder Strike","Darkness+1"],"picked":"Consume+1","floor":14.0},{"not_picked":["Electrodynamics","Meteor Strike"],"picked":"Creative AI","floor":16.0},{"not_picked":["Streamline","Conserve Battery+1"],"picked":"Redo+1","floor":18.0},{"not_picked":["Leap+1","Barrage","Gash"],"picked":"SKIP","floor":21.0},{"not_picked":["Conserve Battery+1","Beam Cell","Gash"],"picked":"SKIP","floor":24},{"not_picked":["Ball Lightning","Barrage"],"picked":"Self Repair","floor":25}],"player_experience":147581,"relics_obtained":[{"floor":6.0,"key":"Toxic Egg 2"},{"floor":26,"key":"Vajra"}],"event_choices":[{"damage_healed":0.0,"max_hp_gain":0.0,"max_hp_loss":0.0,"gold_gain":0.0,"event_name":"Shining Light","player_choice":"Entered Light","floor":2.0,"gold_loss":0.0,"damage_taken":15.0,"cards_upgraded":["Defend_B","Strike_B"]},{"damage_healed":0.0,"max_hp_gain":0.0,"max_hp_loss":0.0,"gold_gain":0.0,"event_name":"The Woman in Blue","player_choice":"Bought 0 Potions","floor":4.0,"gold_loss":0.0,"damage_taken":0.0},{"damage_healed":0.0,"max_hp_gain":0.0,"max_hp_loss":0.0,"gold_gain":75.0,"event_name":"World of Goop","player_choice":"Gather Gold","floor":10.0,"gold_loss":0.0,"damage_taken":11.0},{"damage_healed":0.0,"max_hp_gain":0.0,"max_hp_loss":0.0,"gold_gain":100.0,"event_name":"Golden Shrine","player_choice":"Pray","floor":20.0,"gold_loss":0.0,"damage_taken":0.0}],"is_beta":false,"boss_relics":[{"not_picked":["SlaversCollar","Tiny House"],"picked":"Empty Cage"}],"items_purged_floors":[11],"is_endless":false,"potions_floor_spawned":[3,5,8,12,14,18,24],"killed_by":"3 Cultists","ascension_level":0}}