{"host":"r4aerl4ckfvw1dw3","time":1614221514,"event":{"mods":["BaseMod","BetterRewards","Minty Spire (QoL Compilation)","Quick Restart","StSLib"],"gold_per_floor":[111,186,205,224,237,266,266,300,300,310,310,15,15,40,40,40,40],"floor_reached":16,"language":"ENG","playtime":1140,"items_purged":["Strike_B"],"score":180,"play_id":"e636a95a-f19a-49b3-a9bb-b4c0c1a60c96","local_time":"20210224185154","is_ascension_mode":true,"campfire_choices":[{"floor":7,"key":"REST"},{"floor":11,"key":"REST"},{"floor":13,"key":"REST"},{"data":"Zap","floor":15,"key":"SMITH"}],"circlet_count":0,"master_deck":["AscendersBane","Strike_B","Strike_B","Strike_B","Defend_B+1","Defend_B","Defend_B","Defend_B+1","Zap+1","Dualcast","Stack","Doom and Gloom","Compile Driver","Sweeping Beam","Static Discharge","Chill","Ball Lightning","Core Surge"],"relics":["Cracked Core","Centennial Puzzle","Mummified Hand","Calipers","Bottled Lightning","War Paint","Pantograph"],"acts_visited":["Exordium"],"potions_floor_usage":[4,6,14],"damage_taken":[{"damage":1,"enemies":"2 Louse","floor":1,"turns":3},{"damage":3,"enemies":"Jaw Worm","floor":3,"turns":4},{"damage":7,"enemies":"Small Slimes","floor":4,"turns":5},{"damage":7,"enemies":"Blue Slaver","floor":5,"turns":5},{"damage":20,"enemies":"3 Sentries","floor":6,"turns":4},{"damage":36,"enemies":"Gremlin Nob","floor":8,"turns":4},{"damage":0,"enemies":"Exordium Wildlife","floor":10,"turns":3},{"damage":22,"enemies":"3 Sentries","floor":14,"turns":5},{"damage":52,"enemies":"Hexaghost","floor":16,"turns":7}],"seed_played":"-7728427631469833384","potions_obtained":[{"floor":1,"key":"Block Potion"},{"floor":3,"key":"DistilledChaos"},{"floor":14,"key":"SpeedPotion"}],"is_trial":false,"path_per_floor":["M","?","M","M","M","E","R","E","T","M","R","$","R","E","R","B"],"character_chosen":"DEFECT","items_purchased":["Ball Lightning","War Paint","PowerPotion"],"campfire_rested":3,"item_purchase_floors":[12,12,12],"current_hp_per_floor":[67,56,53,46,39,19,41,5,5,5,27,27,49,27,27,0,0],"gold":40,"neow_bonus":"RANDOM_COMMON_RELIC","is_daily":false,"chose_seed":false,"campfire_upgraded":1,"win_rate":0.0,"timestamp":1614221514,"path_taken":["M","?","M","M","M","E","R","E","T","M","R","$","R","E","R","BOSS"],"items_purchased_type":["Card","Relic","Potion"],"build_version":"2020-12-22","purchased_purges":1,"victory":false,"max_hp_per_floor":[75,75,75,75,75,75,75,75,75,75,75,75,75,75,75,75,75],"card_choices":[{"not_picked":["Hologram","Hello World"],"picked":"Stack","floor":1},{"not_picked":["Go for the Eyes","Rip and Tear"],"picked":"Doom and Gloom","floor":3},{"not_picked":["Lockon","Heatsinks"],"picked":"Compile Driver","floor":4},{"not_picked":["Rip and Tear","Tempest"],"picked":"Sweeping Beam","floor":5},{"not_picked":["Thunder Strike","Aggregate"],"picked":"Static Discharge","floor":6},{"not_picked":["FTL","Rebound","Rip and Tear"],"picked":"SKIP","floor":8},{"not_picked":["Beam Cell","Reinforced Body"],"picked":"Chill","floor":10},{"not_picked":["Streamline","Leap"],"picked":"Core Surge","floor":14}],"player_experience":712908,"relics_obtained":[{"floor":6,"key":"Mummified Hand"},{"floor":8,"key":"Calipers"},{"floor":9,"key":"Bottled Lightning"},{"floor":14,"key":"Pantograph"}],"event_choices":[{"damage_healed":0,"gold_gain":75,"player_choice":"Gather Gold","damage_taken":11,"max_hp_gain":0,"max_hp_loss":0,"event_name":"World of Goop","floor":2,"gold_loss":0}],"is_beta":false,"boss_relics":[],"items_purged_floors":[12],"is_endless":false,"potions_floor_spawned":[1,3,14],"killed_by":"Hexaghost","ascension_level":10}}