{"host":"9pm4ffml2aj85aj7","time":1614246957,"event":{"mods":["Act Like it!","BaseMod","BetterRewards","Bossed Relics","Gensokyo","GifTheSpireLib","Library of Ruina","Library of Ruina Extra","Lobotomy","LobotomyExtend","Minty Spire (QoL Compilation)","Relic Filter Mod","Remilia£®¿Ÿ√◊¿Ú—«£©","Replay The Spire","Shop Mod","StSLib","The Jungle","Wide Potions"],"gold_per_floor":[119,369,200,200,200,200,200,226,274,301,301,315,349,49,49,147,147,163,38,50,0,0,0,33,33,113,145,145,145,145,85,85,180,180,190,190,40,53,153,153,153,153,203,214,214,214,233,6,6,6,6],"floor_reached":52,"language":"ZHS","playtime":2407,"items_purged":["RulesOfTheBackstreets","Endure","Standoff","NightInTheBackstreets","Enlightenment+1"],"score":646,"play_id":"511f1e1e-2a0e-4a27-a839-4b6b2d6b3996","local_time":"20210225175557","daily_mods":["Draft","Heirloom","Time Dilation","Flight","Lethality"],"is_ascension_mode":false,"campfire_choices":[{"data":"Reload","floor":6.0,"key":"SMITH"},{"data":"TrashDisposal","floor":11.0,"key":"SMITH"},{"data":"RagingStormLove","floor":15.0,"key":"SMITH"},{"data":"EnergyStrike","floor":23.0,"key":"SMITH"},{"data":"SuppressingShot","floor":25.0,"key":"SMITH"},{"data":"SummaryJudgment","floor":30.0,"key":"SMITH"},{"data":"Preparation","floor":32.0,"key":"SMITH"},{"data":"SkyClearingCut","floor":40.0,"key":"SMITH"},{"floor":42.0,"key":"REST"},{"floor":45.0,"key":"REST"},{"floor":49.0,"key":"REST"}],"circlet_count":0,"master_deck":["SkyClearingCut+1","EnergyConversion+1","Reload+1","DesperateStruggle+1","Preparation+1","SuppressingShot+1","Dazed","SummaryJudgment+1","Multislash+1","Multislash+1","EnergyStrike+1","TrashDisposal+1","Reload+1","SuppressingShot+1","UndertakePrescript+1","Clone+1","EnergyStrike+1"],"relics":["PageOfLibrarian","TungstenRod","LetterFromLob","PageOfThreeBirds","PageOfWizard","Blood Vial","Replay:Rubber Ducky","Whetstone","DollysMirror","Empty Cage","Ring of Fury","Mercury Hourglass","ReplayTheSpireMod:Shallot","Toy Ornithopter","Happy Flower","SlaversCollar","ShedSkin_r","Moonlight_r","MealTicket"],"acts_visited":["Exordium","theJungle:Jungle","TheBeyond"],"potions_floor_usage":[50,50,50],"damage_taken":[{"damage":0.0,"enemies":"Cultist","floor":1.0,"turns":1.0},{"damage":1.0,"enemies":"Lagavulin","floor":8.0,"turns":2.0},{"damage":1.0,"enemies":"3 Sentries","floor":10.0,"turns":2.0},{"damage":0.0,"enemies":"2 Louse","floor":12.0,"turns":1.0},{"damage":0.0,"enemies":"Gremlin Nob","floor":13.0,"turns":2.0},{"damage":0.0,"enemies":"The Guardian","floor":16.0,"turns":1.0},{"damage":1.0,"enemies":"theJungle:GiantWrat","floor":18.0,"turns":2.0},{"damage":0.0,"enemies":"theJungle:MUSHROOMGANG","floor":20.0,"turns":3.0},{"damage":2.0,"enemies":"theJungle:2_Phrogs","floor":24.0,"turns":3.0},{"damage":1.0,"enemies":"theJungle:MamaSnecko","floor":27.0,"turns":2.0},{"damage":1.0,"enemies":"theJungle:FunGuy","floor":33.0,"turns":4.0},{"damage":1.0,"enemies":"3 Darklings","floor":35.0,"turns":2.0},{"damage":1.0,"enemies":"Orb Walker","floor":38.0,"turns":1.0},{"damage":5.0,"enemies":"4 Shapes","floor":44.0,"turns":2.0},{"damage":0.0,"enemies":"Jaw Worm Horde","floor":47.0,"turns":2.0},{"damage":29,"enemies":"Awakened One","floor":50,"turns":6},{"damage":14,"enemies":"Awakened One","floor":51,"turns":4}],"seed_played":"1392118487479367294","potions_obtained":[{"floor":1.0,"key":"Adrenaline Potion"},{"floor":8.0,"key":"SteroidPotion"},{"floor":13.0,"key":"PowerPotion"},{"floor":20.0,"key":"Languid Potion"},{"floor":38.0,"key":"SkillPotion"},{"floor":44.0,"key":"Toxic Potion"},{"floor":47.0,"key":"BlessingOfTheForge"}],"is_trial":true,"path_per_floor":["M","WH","$","WH","WH","R","WH","E","T","E","R","M","E","$","R","B",null,"M","$","M","WH","?","R","E","R","T","E","WH","WH","R","$","R","B",null,"M","?","$","M","WH","R","WH","R","T","M","R","WH","M","$","R","B",null,null],"character_chosen":"Librarian","items_purchased":["Enlightenment","DollysMirror","Strength Potion","Clone+1","Strength Potion"],"campfire_rested":3,"item_purchase_floors":[3,14,14,31,48],"current_hp_per_floor":[60,60,60,60,60,60,60,59,59,60,60,61,63,63,63,64,64,63,63,64,64,64,64,64,64,64,63,63,63,63,63,63,64,64,63,61,61,60,60,60,11,29,29,30,48,48,50,61,61,48,40],"gold":6,"neow_bonus":"RANDOM_EVENT","is_daily":false,"chose_seed":false,"campfire_upgraded":8,"win_rate":0.0,"timestamp":1614246957,"path_taken":["M","WH","$","WH","WH","R","WH","E","T","E","R","?","E","$","R","BOSS","M","$","M","WH","?","R","E","R","T","E","WH","WH","R","$","R","BOSS","M","?","$","M","WH","R","WH","R","T","M","R","WH","?","$","R","BOSS"],"items_purchased_type":["Card","Relic","Potion","Card","Potion"],"build_version":"2020-12-22","purchased_purges":5,"victory":true,"max_hp_per_floor":[74,67,67,61,61,61,61,61,61,61,61,64,64,64,64,64,64,64,64,64,64,64,64,64,64,64,64,64,64,64,64,64,64,64,64,61,61,61,61,61,61,61,61,61,61,61,61,61,61,61,61],"card_choices":[{"not_picked":["MindPrepared","StrongStrike"],"picked":"UncannyStrike","floor":0.0},{"not_picked":["TimeForALittleTest","DarkCloud"],"picked":"SkyClearingCut","floor":0.0},{"not_picked":["Feast","PinpointShot"],"picked":"Pound","floor":0.0},{"not_picked":["IronWall","EnergyStrike"],"picked":"SinglePointStab","floor":0.0},{"not_picked":["Wallop_lor","Gamble"],"picked":"EnergyConversion","floor":0.0},{"not_picked":["NightInTheBackstreets","GreatSerpentsImpact"],"picked":"Reload","floor":0.0},{"not_picked":["SteelKnuckles","Wallop_lor"],"picked":"DesperateStruggle","floor":0.0},{"not_picked":["StrikeDown","SmokingPipe"],"picked":"Preparation","floor":0.0},{"not_picked":["RatsGuideToSurvival","ScatteringSlash"],"picked":"RulesOfTheBackstreets","floor":0.0},{"not_picked":["SmokingPipe","CoordinatedAssault"],"picked":"SuppressingShot","floor":0.0},{"not_picked":["Wallop_lor","PreemptiveStrike"],"picked":"Standoff","floor":0.0},{"not_picked":["StructuralAnalysis","MultiBlock"],"picked":"TheRedNotes","floor":0.0},{"not_picked":["Eject","PreemptiveStrike"],"picked":"SummaryJudgment","floor":0.0},{"not_picked":["ToWhereThePrescriptPoints","DesperateStruggle"],"picked":"Multislash","floor":0.0},{"not_picked":["WillOfThePrescript","AsThePrescriptOrders"],"picked":"Multislash","floor":0.0},{"not_picked":["EnergyShield","RulesOfTheBackstreets","ViolentFlame","UpbeatPerformance","EnergyCycle","WillProduceFineSilk","MultiBlock","PreemptiveStrike"],"picked":"EnergyStrike","floor":1.0},{"not_picked":["UnforgettableMelody","Leap_lor","WillProduceFineSilk","QuickAttack","Bvapour","RushDown","Parry","Mutilate"],"picked":"TrashDisposal","floor":8.0},{"not_picked":["SmokingPipe","PreemptiveStrike","PinpointShot","TrashDisposal","Laceration","Quickness","ProselytesBlade","Diversion"],"picked":"Endure","floor":10.0},{"not_picked":["UnavoidableGaze","Eject","MultiHit","Parry","MultiBlock","CumulusWall","HiddenBlade","ViolentFlame","GuidanceOfTheGears"],"picked":"SKIP","floor":12.0},{"not_picked":["Thrust","StrongStrike","Eradication","Duel_lor","Unlock1","Reload","SnakesPrey","DimensionalRift"],"picked":"RagingStormLove","floor":13.0},{"not_picked":["HighKick+1","InnerArdor","BackAttack","BayonetCombat","PinpointShot","ChopItOff","BoundaryOfDeath","Crush","DriedUp"],"picked":"SKIP","floor":18.0},{"not_picked":["Faith","DarkCloud","UpbeatPerformance+1","OpportunitySpotted","HandleRequest","CoordinatedAssault+1","TendonChords","PreemptiveStrike","AGoldenOpportunity"],"picked":"SKIP","floor":20.0},{"not_picked":["DesperateStruggle","TheRedNotes","SerpentSwordTechnique+1","HighKick","BlazingStrike","FleetEdge","SinglePointStab","Quickness"],"picked":"SuppressingShot+1","floor":24.0},{"not_picked":["SharpenedBlade","VioletBlade","CookingPrep","UnavoidableGaze","SharpSwipe","FleshFillet","FleetEdge+1","Parry2"],"picked":"UndertakePrescript+1","floor":27.0},{"not_picked":["WaitUp","PreemptiveStrike","StrongStrike","Multislash+1","Diversion","Rampage_lor+1","GreatSerpentsImpact","YoureTooSlow"],"picked":"NightInTheBackstreets","floor":35.0},{"not_picked":["FierceCharge+1","Overpower","Unlock1","StrongStrike","FaintMemories","Wallop_lor+1","SerpentSwordTechnique","FleetFootsteps"],"picked":"EnergyStrike+1","floor":38.0},{"not_picked":["GoinFirst","SnakeSlit","StrikeDown","FleetFootsteps","Reload","NightInTheBackstreets+1","CumulusWall","HighKick+1","ScratchThat"],"picked":"SKIP","floor":44.0},{"not_picked":["ReadyUp+1","AsThePrescriptOrders","SpearedSweep+1","Overpower+1","ExtractFuel","SummaryJudgment","GreatSerpentsImpact","DesperateStruggle+1","ShockingBlow"],"picked":"SKIP","floor":47.0}],"player_experience":60698,"relics_obtained":[{"floor":1.0,"key":"LetterFromLob"},{"floor":8.0,"key":"PageOfWizard"},{"floor":9.0,"key":"Blood Vial"},{"floor":10.0,"key":"Replay:Rubber Ducky"},{"floor":13.0,"key":"Whetstone"},{"floor":22.0,"key":"Ring of Fury"},{"floor":24.0,"key":"Mercury Hourglass"},{"floor":26.0,"key":"ReplayTheSpireMod:Shallot"},{"floor":27.0,"key":"Toy Ornithopter"},{"floor":43.0,"key":"MealTicket"}],"event_choices":[{"damage_healed":0.0,"max_hp_gain":0.0,"max_hp_loss":3.0,"gold_gain":0.0,"event_name":"Winding Halls","player_choice":"Max HP","floor":36.0,"gold_loss":0.0,"damage_taken":0.0}],"is_beta":false,"boss_relics":[{"not_picked":["Coffee Dripper","Snecko Heart"],"picked":"Empty Cage"},{"not_picked":["ReplayTheSpireMod:DimensionalGlitch","Ring of Chaos"],"picked":"SlaversCollar"}],"items_purged_floors":[3,14,19,37,48],"is_endless":false,"potions_floor_spawned":[1,8,13,20,38,44,47],"ascension_level":0}}