{"host":"eksvfr80mef7di1h","time":1614261724,"event":{"mods":["AchievementEnabler","BaseMod","Colored Map","Minty Spire (QoL Compilation)","StSLib","SuperFastMode"],"gold_per_floor":[118,134,84,95,114,140,140,151,197,221,28,28,28,103,103,206,206,217,217,217,229,229,258,258,274,274,317,339,24,48,61,61,61,61],"floor_reached":33,"language":"ENG","playtime":1114,"items_purged":[],"score":314,"play_id":"8054c26f-ad6e-405c-bf87-e1ed7ee36a51","local_time":"20210225150204","is_ascension_mode":false,"campfire_choices":[{"data":"Leg Sweep","floor":7,"key":"SMITH"},{"data":"Acrobatics","floor":12,"key":"SMITH"},{"data":"Neutralize","floor":15,"key":"SMITH"},{"data":"Glass Knife","floor":24,"key":"SMITH"},{"data":"Infinite Blades","floor":32,"key":"SMITH"}],"circlet_count":0,"master_deck":["Strike_G","Strike_G","Strike_G","Strike_G","Defend_G","Defend_G","Defend_G","Defend_G","Defend_G","Survivor","Neutralize+1","Leg Sweep+1","Heel Hook","Slice","Slice","Dagger Throw","Quick Slash","Acrobatics+1","Glass Knife+1","Masterful Stab","Writhe","Slice","Blur","Infinite Blades+1","Prepared+1","Cloak And Dagger+1","Blade Dance+1","Dodge and Roll+1"],"relics":["Black Star","Regal Pillow","Kunai","MawBank","Vajra","Runic Pyramid","Oddly Smooth Stone","MutagenicStrength","Matryoshka","Thread and Needle","Blood Vial","Toxic Egg 2","MealTicket","CeramicFish","Membership Card","Frozen Egg 2"],"acts_visited":["Exordium","TheCity"],"potions_floor_usage":[5,6,21,31,33],"damage_taken":[{"damage":1,"enemies":"2 Louse","floor":1,"turns":3},{"damage":2,"enemies":"Small Slimes","floor":2,"turns":4},{"damage":0,"enemies":"Jaw Worm","floor":4,"turns":6},{"damage":0,"enemies":"3 Louse","floor":5,"turns":1},{"damage":19,"enemies":"Lagavulin","floor":6,"turns":10},{"damage":2,"enemies":"Large Slime","floor":8,"turns":6},{"damage":7,"enemies":"Gremlin Gang","floor":10,"turns":6},{"damage":25,"enemies":"The Guardian","floor":16,"turns":16},{"damage":1,"enemies":"Shell Parasite","floor":18,"turns":5},{"damage":4,"enemies":"2 Thieves","floor":21,"turns":4},{"damage":22,"enemies":"Slavers","floor":23,"turns":7},{"damage":23,"enemies":"Snake Plant","floor":25,"turns":5},{"damage":0,"enemies":"Book of Stabbing","floor":27,"turns":5},{"damage":0,"enemies":"Cultist and Chosen","floor":28,"turns":5},{"damage":0,"enemies":"3 Cultists","floor":30,"turns":5},{"damage":0,"enemies":"Snecko","floor":31,"turns":4},{"damage":84,"enemies":"Collector","floor":33,"turns":10}],"seed_played":"7523447870839614077","potions_obtained":[{"floor":1,"key":"AttackPotion"},{"floor":5,"key":"EssenceOfSteel"},{"floor":6,"key":"SpeedPotion"},{"floor":18,"key":"FairyPotion"},{"floor":25,"key":"EssenceOfSteel"},{"floor":28,"key":"LiquidMemories"},{"floor":31,"key":"SteroidPotion"}],"is_trial":false,"path_per_floor":["M","M","?","M","M","E","R","M","T","M","$","R","?","?","R","B",null,"M","?","$","M","?","E","R","M","T","E","M","$","M","M","R","B"],"character_chosen":"THE_SILENT","items_purchased":["Vajra","Acrobatics","Blade Dance+1","Membership Card","Frozen Egg 2"],"campfire_rested":0,"item_purchase_floors":[11,11,29,29,29],"current_hp_per_floor":[69,67,67,67,67,48,48,46,46,39,39,39,62,51,51,26,70,69,69,69,65,65,43,43,20,20,22,24,39,41,43,43,0,0],"gold":61,"neow_bonus":"BOSS_RELIC","is_daily":false,"chose_seed":false,"campfire_upgraded":5,"win_rate":0.0,"timestamp":1614261724,"path_taken":["M","M","?","M","M","E","R","M","T","M","$","R","?","?","R","BOSS","M","?","$","M","?","E","R","M","T","E","M","?","M","M","R","BOSS"],"items_purchased_type":["Relic","Card","Card","Relic","Relic"],"build_version":"2020-12-22","purchased_purges":0,"victory":false,"max_hp_per_floor":[70,70,70,70,70,70,70,70,70,70,70,70,70,70,70,70,70,70,70,70,70,70,70,70,70,70,70,70,70,70,70,70,70,70],"card_choices":[{"not_picked":["Accuracy","Acrobatics"],"picked":"Leg Sweep","floor":1},{"not_picked":["Dodge and Roll","Flechettes"],"picked":"Heel Hook","floor":2},{"not_picked":["Underhanded Strike","Terror"],"picked":"Slice","floor":4},{"not_picked":["Tactician","Dagger Throw"],"picked":"Slice","floor":5},{"not_picked":["Terror","PiercingWail"],"picked":"Dagger Throw","floor":6},{"not_picked":["Dagger Throw","Flying Knee"],"picked":"Quick Slash","floor":8},{"not_picked":["Underhanded Strike","Expertise","Choke"],"picked":"SKIP","floor":10},{"not_picked":["Storm of Steel","Corpse Explosion"],"picked":"Glass Knife","floor":16},{"not_picked":["Terror","Deadly Poison"],"picked":"Masterful Stab","floor":18},{"not_picked":["Flying Knee","Backflip"],"picked":"Slice","floor":21},{"not_picked":["Prepared+1","Glass Knife"],"picked":"Blur","floor":23},{"not_picked":["Accuracy","Bane+1"],"picked":"Infinite Blades","floor":25},{"not_picked":["Dodge and Roll+1","Acrobatics+1"],"picked":"Prepared+1","floor":27},{"not_picked":["Quick Slash","Riddle With Holes"],"picked":"Cloak And Dagger+1","floor":28},{"not_picked":["Acrobatics+1","Infinite Blades+1"],"picked":"Dodge and Roll+1","floor":30},{"not_picked":["Sucker Punch","Noxious Fumes+1","Crippling Poison+1"],"picked":"SKIP","floor":31}],"player_experience":187021,"relics_obtained":[{"floor":6,"key":"Regal Pillow"},{"floor":6,"key":"Kunai"},{"floor":9,"key":"MawBank"},{"floor":23,"key":"Matryoshka"},{"floor":23,"key":"Thread and Needle"},{"floor":26,"key":"Blood Vial"},{"floor":26,"key":"Toxic Egg 2"},{"floor":27,"key":"MealTicket"},{"floor":27,"key":"CeramicFish"}],"event_choices":[{"cards_removed":["Strike_G"],"damage_healed":0,"gold_gain":0,"player_choice":"Card Removal","damage_taken":0,"max_hp_gain":0,"max_hp_loss":0,"event_name":"The Cleric","floor":3,"gold_loss":50},{"damage_healed":23,"gold_gain":0,"player_choice":"Banana","damage_taken":0,"max_hp_gain":0,"max_hp_loss":0,"event_name":"Big Fish","floor":13,"gold_loss":0},{"damage_healed":0,"gold_gain":75,"player_choice":"Gather Gold","damage_taken":11,"max_hp_gain":0,"max_hp_loss":0,"event_name":"World of Goop","floor":14,"gold_loss":0},{"damage_healed":0,"gold_gain":0,"player_choice":"Opened","damage_taken":0,"relics_obtained":["Oddly Smooth Stone"],"max_hp_gain":0,"max_hp_loss":0,"event_name":"The Mausoleum","floor":19,"gold_loss":0,"cards_obtained":["Writhe"]},{"damage_healed":0,"gold_gain":0,"player_choice":"Inject Mutagens","damage_taken":0,"relics_obtained":["MutagenicStrength"],"max_hp_gain":0,"max_hp_loss":0,"event_name":"Drug Dealer","floor":22,"gold_loss":0}],"is_beta":false,"boss_relics":[{"not_picked":["Snecko Eye","Ectoplasm"],"picked":"Runic Pyramid"}],"items_purged_floors":[],"is_endless":false,"potions_floor_spawned":[1,5,6,18,25,28,30,31],"killed_by":"Collector","ascension_level":0}}