{"host":"f76kcizrccta30ww","time":1614221022,"event":{"mods":["Act Like it!","Aspiration","BaseMod","Gensokyo","Marisa£®ÏF”Í°°ƒß¿Ì…≥£©","Minty Spire (QoL Compilation)","Pale of the Ancients","Replay The Spire","Shop Mod","StSLib","TestMod"],"gold_per_floor":[114,189,201,219,232,267,267,295,322,342,375,395,395,426,426,523,523,534,550,80,100,132,166,166,209,248,288,79,79,79],"floor_reached":29,"language":"ZHS","playtime":1804,"items_purged":["Defend_G","Shame"],"score":488,"play_id":"7c1b2bd7-ff8d-4351-b45f-ae768f4386b5","local_time":"20210225104342","is_ascension_mode":true,"campfire_choices":[{"floor":7,"key":"REST"},{"floor":15,"key":"REST"},{"floor":24,"key":"REST"}],"circlet_count":0,"master_deck":["Strike_G","Strike_G","Strike_G","Strike_G","Strike_G","Defend_G","Defend_G","Defend_G","Defend_G","Survivor","Neutralize","Underhanded Strike","Acrobatics","UnstableBomb","UnstableBomb","CollectingQuirk","Sucker Punch","DoubleSpark","DC","ShootTheMoon","Riddle With Holes","A Thousand Cuts","Blur+1","Bane","WitchOfGreed","PowerUp","Heel Hook","Swift Strike","testmod-ShutDown","Flying Knee","DragonMeteor+1","FairyDestructionRay+1","Dagger Spray+1","Eviscerate","Backstab"],"relics":["Ring of the Snake","testmod-TestBox","testmod-D®¶j®§vu","PreservedInsect","Vajra","aspiration:FrozenJewel","Bottled Flame","MerchantsRug","testmod-IndustrialRevolution","InkBottle","Juzu Bracelet","Sundial","Iron Hammer"],"acts_visited":["Exordium","TheCity"],"potions_floor_usage":[14,16,19,23,25],"damage_taken":[{"damage":8,"enemies":"Small Slimes","floor":1,"turns":2},{"damage":0,"enemies":"Cultist","floor":3,"turns":2},{"damage":9,"enemies":"Jaw Worm","floor":4,"turns":2},{"damage":10,"enemies":"2 Fungi Beasts","floor":5,"turns":2},{"damage":20,"enemies":"3 Sentries","floor":6,"turns":5},{"damage":16,"enemies":"Gremlin Nob","floor":8,"turns":3},{"damage":3,"enemies":"Large Slime","floor":10,"turns":5},{"damage":10,"enemies":"3 Sentries","floor":11,"turns":3},{"damage":0,"enemies":"Blue Slaver","floor":12,"turns":1},{"damage":0,"enemies":"Replay:BlueRogue","floor":14,"turns":2},{"damage":21,"enemies":"The Guardian","floor":16,"turns":15},{"damage":9,"enemies":"Spheric Guardian","floor":18,"turns":3},{"damage":1,"enemies":"3 Byrds","floor":19,"turns":3},{"damage":39,"enemies":"Shelled Parasite and Fungi","floor":21,"turns":4},{"damage":0,"enemies":"Centurion and Healer","floor":22,"turns":4},{"damage":0,"enemies":"Book of Stabbing","floor":23,"turns":1},{"damage":23,"enemies":"Slavers","floor":25,"turns":4},{"damage":7,"enemies":"Replay:Snechameleon","floor":27,"turns":2},{"damage":24,"enemies":"Slavers","floor":29,"turns":2}],"seed_played":"-5990076256687949550","potions_obtained":[{"floor":0,"key":"LiquidBronze"},{"floor":0,"key":"LiquidBronze"},{"floor":0,"key":"SkillPotion"},{"floor":3,"key":"Energy Potion"},{"floor":10,"key":"LifebloodPotion"},{"floor":14,"key":"Energy Potion"},{"floor":16,"key":"Fruit Juice"},{"floor":19,"key":"Swift Potion"},{"floor":22,"key":"SteroidPotion"},{"floor":22,"key":"Strength Potion"},{"floor":23,"key":"ColorlessPotion"}],"is_trial":false,"path_per_floor":["M","?","M","M","M","E","R","E","T","M","E","M","?","E","R","B",null,"M","M","$","M","M","E","R","E","T","E","$","E"],"character_chosen":"THE_SILENT","items_purchased":["MerchantsRug","BargainBundle","WitchOfGreed","PowerUp","Heel Hook","Swift Strike","testmod-ShutDown","EssenceOfSteel","Strength Potion","BlessingOfTheForge","testmod-IndustrialRevolution","Iron Hammer","Eviscerate","Backstab"],"campfire_rested":3,"item_purchase_floors":[20,20,20,20,20,20,20,20,20,20,20,28,28,28],"current_hp_per_floor":[62,55,55,46,36,16,37,21,21,18,8,8,8,8,29,8,70,61,65,65,26,26,26,48,25,25,18,18,0,0],"gold":79,"neow_bonus":"THREE_SMALL_POTIONS","is_daily":false,"chose_seed":false,"campfire_upgraded":0,"win_rate":0.0,"timestamp":1614221022,"path_taken":["M","?","M","M","?","E","R","E","T","M","E","M","?","E","R","BOSS","M","?","$","M","M","E","R","E","T","E","$","E"],"items_purchased_type":["Relic","Relic","Card","Card","Card","Card","Card","Potion","Potion","Potion","Relic","Relic","Card","Card"],"build_version":"2020-12-22","purchased_purges":2,"victory":false,"max_hp_per_floor":[70,70,70,70,70,70,70,70,70,70,70,70,70,70,70,70,70,70,75,75,75,75,75,75,75,75,75,75,75,75],"card_choices":[{"not_picked":["MagicAbsorber","MilkyWay"],"picked":"Underhanded Strike","floor":1},{"not_picked":["ShootingEcho","BlazeAway"],"picked":"Acrobatics","floor":3},{"not_picked":["ReplayTheSpireMod:Speed Training","OortCloud"],"picked":"UnstableBomb","floor":4},{"not_picked":["AlicesGift","WitchLeyline"],"picked":"UnstableBomb","floor":5},{"not_picked":["Calculated Gamble","PiercingWail"],"picked":"CollectingQuirk","floor":6},{"not_picked":["Deflect","Acceleration"],"picked":"Sucker Punch","floor":8},{"not_picked":["Footwork","Predator"],"picked":"DoubleSpark","floor":10},{"not_picked":["Deflect","Grand Finale"],"picked":"DC","floor":11},{"not_picked":["Draining Mist","DarkSpark"],"picked":"ShootTheMoon","floor":12},{"not_picked":["Dodge and Roll","GravityBeat"],"picked":"Riddle With Holes","floor":14},{"not_picked":["Envenom","Adrenaline"],"picked":"A Thousand Cuts","floor":16},{"not_picked":["LuminesStrike","Occultation"],"picked":"Blur+1","floor":18},{"not_picked":["Accuracy","Flechettes"],"picked":"Bane","floor":19},{"not_picked":["LuminesStrike","Tactician+1"],"picked":"Flying Knee","floor":21},{"not_picked":["Finisher","SporeBomb"],"picked":"DragonMeteor+1","floor":22},{"not_picked":["Flechettes+1","GalacticHalo","MillisecondPulsars"],"picked":"SKIP","floor":23},{"not_picked":["Outmaneuver","Occultation"],"picked":"FairyDestructionRay+1","floor":25},{"not_picked":["Outmaneuver","Envenom"],"picked":"Dagger Spray+1","floor":27}],"player_experience":73894,"relics_obtained":[{"floor":6,"key":"PreservedInsect"},{"floor":8,"key":"Vajra"},{"floor":11,"key":"aspiration:FrozenJewel"},{"floor":14,"key":"Bottled Flame"},{"floor":23,"key":"InkBottle"},{"floor":25,"key":"MawBank"},{"floor":26,"key":"Juzu Bracelet"},{"floor":27,"key":"Sundial"}],"event_choices":[{"damage_healed":0,"gold_gain":75,"player_choice":"Touch","damage_taken":7,"max_hp_gain":0,"max_hp_loss":0,"event_name":"FaceTrader","floor":2,"gold_loss":0},{"damage_healed":0,"gold_gain":0,"player_choice":"Bought 0 Potions","damage_taken":0,"max_hp_gain":0,"max_hp_loss":0,"event_name":"The Woman in Blue","floor":13,"gold_loss":0}],"is_beta":false,"boss_relics":[{"not_picked":["testmod-EnergyCheck","Ectoplasm"],"picked":"Cursed Key"}],"items_purged_floors":[20,28],"is_endless":false,"potions_floor_spawned":[3,4,10,14,16,19,22,23],"killed_by":"Slavers","ascension_level":4}}