{"host":"Vert","time":1614254898,"event":{"mods":["AlwaysNeverKeys","BaseMod","Better Note","Better Third Choice","Colored Powertips","Downfall","Hermit","Marisa????????","Minty Spire (QoL Compilation)","Replay The Spire","StSLib","Td1madao Mod","The Cursed","The Disciple","The Gatherer","The Marked","The Servant 0.9.4","Together in Spire","Transform Curses","everything is the same but u backflip on backflip"],"gold_per_floor":[116,0,17,17,27,27,74,74,97,97,111,111,151,164,164,294,294,331,311,349,376,393,420,420,420,473,518,528,552,624,624,624,746,746,781,830,865,865,865,865],"floor_reached":39,"language":"ENG","playtime":2261,"items_purged":[],"score":631,"play_id":"b802a806-8bf8-4f72-ad77-73b4eebc38a6","local_time":"20210225150818","is_ascension_mode":false,"campfire_choices":[{"floor":6,"key":"RECALL"},{"data":"DeepEcoloBomb","floor":8,"key":"SMITH"},{"floor":10,"key":"REST"},{"floor":24,"key":"REST"},{"floor":32,"key":"REST"}],"circlet_count":0,"master_deck":["Strike_MRS","Strike_MRS","Strike_MRS","Strike_MRS","Defend_MRS","Defend_MRS","Defend_MRS","Defend_MRS","MasterSpark","UpSweep","ChargeUpSpray","GrandCross","OortCloud","GrandCross","WitchOfGreed+1","DeepEcoloBomb+1","LuminesStrike","AsteroidBelt","CasketOfStar","Acceleration+1","SporeBomb","Parasite","Parasite","GalacticHalo+1","EventHorizon","MagicChant+1","PowerUp","WitchOfGreed+1","Singularity+1"],"relics":["MiniHakkero","Strawberry","Juzu Bracelet","Regal Pillow","Ring of Chaos","ReplayTheSpireMod:TigerMarble","ShroomBag","BreadOfAWashokuLover","Black Star","The Courier","Ring of Peace"],"acts_visited":["Exordium","TheCity","TheBeyond"],"potions_floor_usage":[3,13,16,16,23,27,29,29,30,33,33,39],"damage_taken":[{"damage":1,"enemies":"Cultist","floor":1,"turns":4},{"damage":0,"enemies":"2 Louse","floor":3,"turns":4},{"damage":11,"enemies":"Jaw Worm","floor":5,"turns":2},{"damage":21,"enemies":"3 Sentries","floor":7,"turns":7},{"damage":2,"enemies":"Red Slaver","floor":11,"turns":3},{"damage":15,"enemies":"Replay:BlueRogue","floor":13,"turns":5},{"damage":0,"enemies":"Gremlin Gang","floor":14,"turns":3},{"damage":13,"enemies":"Slime Boss","floor":16,"turns":10},{"damage":27,"enemies":"2 Thieves","floor":18,"turns":5},{"damage":6,"enemies":"Shell Parasite","floor":20,"turns":5},{"damage":18,"enemies":"Centurion and Healer","floor":22,"turns":5},{"damage":39,"enemies":"Gremlin Leader","floor":23,"turns":9},{"damage":30,"enemies":"Shelled Parasite and Fungi","floor":27,"turns":8},{"damage":22,"enemies":"Chosen and Byrds","floor":28,"turns":5},{"damage":0,"enemies":"Snecko","floor":29,"turns":4},{"damage":0,"enemies":"Replay:Snechameleon","floor":30,"turns":5},{"damage":49,"enemies":"Pondfish","floor":33,"turns":10},{"damage":13,"enemies":"3 Shapes","floor":35,"turns":5},{"damage":28,"enemies":"Orb Walker","floor":37,"turns":4},{"damage":50,"enemies":"Spire Growth","floor":39,"turns":4}],"seed_played":"6133306596483429179","potions_obtained":[{"floor":1,"key":"Energy Potion"},{"floor":3,"key":"Fruit Juice"},{"floor":11,"key":"Energy Potion"},{"floor":13,"key":"Swift Potion"},{"floor":13,"key":"sneckomod:MuddlingPotion"},{"floor":16,"key":"ShroomBrew"},{"floor":18,"key":"Guardian:BlockOnCardUsePotion"},{"floor":27,"key":"champ:CounterPotion"},{"floor":28,"key":"Strength Potion"},{"floor":30,"key":"Elixir"},{"floor":30,"key":"Adrenaline Potion"},{"floor":33,"key":"Elixir"},{"floor":33,"key":"FearPotion"},{"floor":35,"key":"SpeedPotion"}],"is_trial":false,"path_per_floor":["M","$","M","?","M","R","E","R","T","R","M","$","E","M","R","B",null,"M","?","M","T","M","E","R","?","T","M","M","M","E","?","R","B",null,"M","?","M","?","M"],"character_chosen":"MARISA","items_purchased":["GrandCross","OortCloud"],"campfire_rested":3,"item_purchase_floors":[2,2],"current_hp_per_floor":[88,88,93,93,82,82,68,68,68,98,96,96,81,81,101,88,101,74,74,68,68,50,11,56,56,56,30,12,16,16,16,61,19,101,94,69,41,41,0,0],"gold":865,"neow_bonus":"TWENTY_PERCENT_HP_BONUS","is_daily":false,"chose_seed":false,"campfire_upgraded":1,"win_rate":0.0,"timestamp":1614254898,"path_taken":["M","$","?","?","M","R","E","R","T","R","M","$","E","M","R","BOSS","M","?","M","?","M","E","R","?","T","M","M","M","E","?","R","BOSS","M","?","M","?","M"],"items_purchased_type":["Card","Card"],"build_version":"2020-12-18","purchased_purges":0,"victory":false,"max_hp_per_floor":[89,89,94,94,94,94,101,101,101,101,101,101,101,101,101,101,101,101,101,101,101,101,101,101,101,101,101,101,101,101,101,101,101,101,101,101,101,101,101,101],"card_choices":[{"not_picked":["FairyDestructionRay","MilkyWay"],"picked":"ChargeUpSpray","floor":1},{"not_picked":["RefractionSpark","StarlightTyphoon"],"picked":"GrandCross","floor":3},{"not_picked":["IllusionStar","AsteroidBelt"],"picked":"WitchOfGreed","floor":5},{"not_picked":["IllusionStar","FairyDestructionRay"],"picked":"DeepEcoloBomb","floor":7},{"not_picked":["PropBag","NonDirectionalLaser"],"picked":"LuminesStrike","floor":11},{"not_picked":["MaximisePower","Acceleration"],"picked":"AsteroidBelt","floor":13},{"not_picked":["LuminesStrike","UnstableBomb","PowerUp"],"picked":"SKIP","floor":14},{"not_picked":["SuperNova","StarDustReverie"],"picked":"CasketOfStar","floor":16},{"not_picked":["WitchOfGreed","Singularity"],"picked":"Acceleration+1","floor":18},{"not_picked":["OneTimeOff","GravityBeat"],"picked":"SporeBomb","floor":20},{"not_picked":["GalacticHalo","MeteoricShower","PowerUp"],"picked":"SKIP","floor":22},{"not_picked":["Occultation+1","IllusionStar","WitchLeyline"],"picked":"SKIP","floor":23},{"not_picked":["ManaConvection+1","PropBag"],"picked":"GalacticHalo+1","floor":27},{"not_picked":["EscapeVelocity","DC"],"picked":"EventHorizon","floor":28},{"not_picked":["UnstableBomb","NonDirectionalLaser"],"picked":"MagicChant+1","floor":29},{"not_picked":["RefractionSpark","NonDirectionalLaser","CollectingQuirk"],"picked":"SKIP","floor":30},{"not_picked":["Acceleration+1","GrandCross","ShootingEcho+1"],"picked":"SKIP","floor":35},{"not_picked":["MilkyWay+1","DoubleSpark+1"],"picked":"PowerUp","floor":36},{"not_picked":["MysteriousBeam+1","LuminesStrike+1"],"picked":"WitchOfGreed+1","floor":36},{"not_picked":["ChargeUpSpray+1","ShootingEcho"],"picked":"Singularity+1","floor":37}],"player_experience":547674,"relics_obtained":[{"floor":7,"key":"Strawberry"},{"floor":9,"key":"Juzu Bracelet"},{"floor":13,"key":"Regal Pillow"},{"floor":23,"key":"ReplayTheSpireMod:TigerMarble"},{"floor":26,"key":"ShroomBag"},{"floor":30,"key":"BreadOfAWashokuLover"},{"floor":36,"key":"The Courier"},{"floor":38,"key":"Ring of Peace"}],"event_choices":[{"cards_removed":["Doubt"],"damage_healed":0,"gold_gain":0,"player_choice":"Purged","damage_taken":0,"max_hp_gain":0,"max_hp_loss":0,"event_name":"Purifier","floor":4,"gold_loss":0},{"damage_healed":0,"gold_gain":0,"player_choice":"Bought 1 Potion","damage_taken":0,"max_hp_gain":0,"max_hp_loss":0,"event_name":"The Woman in Blue","floor":19,"gold_loss":0},{"cards_removed":["CasketOfStar"],"damage_healed":0,"gold_gain":0,"player_choice":"Give","damage_taken":0,"max_hp_gain":0,"max_hp_loss":0,"event_name":"betterNote:BetterNote","floor":25,"gold_loss":0,"cards_obtained":["None"]},{"damage_healed":0,"gold_gain":0,"player_choice":"Ignored","damage_taken":0,"max_hp_gain":0,"max_hp_loss":0,"event_name":"Fountain of Cleansing","floor":31,"gold_loss":0}],"is_beta":true,"boss_relics":[{"not_picked":["ChewingGum","Empty Cage"],"picked":"Ring of Chaos"},{"not_picked":["SacredBark","Velvet Choker"],"picked":"Black Star"}],"items_purged_floors":[],"is_endless":false,"potions_floor_spawned":[1,3,11,13,18,28,30,33],"killed_by":"Spire Growth","ascension_level":0}}