{"host":"5tnftuc8o0gay6lt","time":1614267119,"event":{"mods":["BaseMod","BetterRewards","Conspire","Marisa£®ÏF”Í°°ƒß¿Ì…≥£©","Minty Spire (QoL Compilation)","Permanent Neow","Relic Filter Mod","Spicy Shops","StSLib","The Runesmith","°æ“≈ŒÔø®≈∆°øREMEMod"],"gold_per_floor":[111,121,134,151,151,151,176,246,246,278,278,154,154,180,180,275,275,294,294,312,331,34,34,53,87,87,119,119,135,168,180,180,281,281,291,291,307,0,11,37,37,64,64,78,78,109,133,495,507,519],"floor_reached":51,"language":"ZHS","playtime":3693,"items_purged":["Strike_MRS","Strike_MRS","Strike_MRS","UpSweep","MasterSpark+1"],"score":1506,"play_id":"79c85f5a-7ebc-4f6b-baf2-4048aa467cd1","local_time":"20210225233159","is_ascension_mode":true,"campfire_choices":[{"data":"MasterSpark","floor":6.0,"key":"SMITH"},{"data":"OortCloud","floor":13.0,"key":"SMITH"},{"data":"OortCloud","floor":15.0,"key":"SMITH"},{"data":"BlazeAway","floor":23.0,"key":"SMITH"},{"data":"PowerUp","floor":28.0,"key":"SMITH"},{"data":"PulseMagic","floor":32.0,"key":"SMITH"},{"data":"AsteroidBelt","floor":41,"key":"SMITH"},{"data":"OortCloud","floor":49,"key":"SMITH"}],"circlet_count":0,"master_deck":["conspire:GhostlyStrike","conspire:GhostlyDefend","conspire:GhostlyDefend","conspire:GhostlyDefend","conspire:GhostlyDefend","UnstableBomb+1","Core Surge","OortCloud+1","PulseMagic+1","OortCloud+1","PowerUp+1","AsteroidBelt+1","BlazeAway+1","Acceleration","MachineGunSpark+1","MilkyWay+1","OortCloud+1"],"relics":["MiniHakkero","REME_ComplimentaryCards","Bag of Preparation","Orichalcum","Ancient Tea Set","Dream Catcher","PreservedInsect","Eternal Feather","White Beast Statue","Omamori","conspire:SpecialSausage","Medical Kit","BreadOfAWashokuLover","Mummified Hand","Runesmith:AutoHammer","Turnip","ExperimentalFamiliar","Membership Card","Whetstone","Calipers","ShroomBag","FossilizedHelix","MawBank","Old Coin"],"acts_visited":["Exordium","TheCity","TheBeyond"],"potions_floor_usage":[39,40],"damage_taken":[{"damage":0.0,"enemies":"Jaw Worm","floor":1.0,"turns":2.0},{"damage":0.0,"enemies":"2 Louse","floor":2.0,"turns":2.0},{"damage":0.0,"enemies":"Small Slimes","floor":3.0,"turns":3.0},{"damage":0.0,"enemies":"Looter","floor":4.0,"turns":3.0},{"damage":0.0,"enemies":"Gremlin Nob","floor":7.0,"turns":3.0},{"damage":2.0,"enemies":"Lagavulin","floor":10.0,"turns":5.0},{"damage":0.0,"enemies":"3 Sentries","floor":14.0,"turns":5.0},{"damage":6.0,"enemies":"Slime Boss","floor":16.0,"turns":7.0},{"damage":0.0,"enemies":"Shell Parasite","floor":18.0,"turns":3.0},{"damage":0.0,"enemies":"Chosen","floor":20.0,"turns":3.0},{"damage":4.0,"enemies":"Shelled Parasite and Fungi","floor":21.0,"turns":4.0},{"damage":0.0,"enemies":"Cultist and Chosen","floor":24.0,"turns":3.0},{"damage":27.0,"enemies":"Slavers","floor":25.0,"turns":5.0},{"damage":0.0,"enemies":"Gremlin Leader","floor":27.0,"turns":3.0},{"damage":0.0,"enemies":"3 Cultists","floor":29.0,"turns":3.0},{"damage":0.0,"enemies":"Book of Stabbing","floor":30.0,"turns":3.0},{"damage":11.0,"enemies":"Snake Plant","floor":31.0,"turns":3.0},{"damage":4.0,"enemies":"Collector","floor":33.0,"turns":4.0},{"damage":0.0,"enemies":"Orb Walker","floor":35.0,"turns":1.0},{"damage":0,"enemies":"3 Darklings","floor":37,"turns":3},{"damage":0,"enemies":"Transient","floor":39,"turns":5},{"damage":0,"enemies":"Giant Head","floor":40,"turns":1},{"damage":13,"enemies":"Nemesis","floor":42,"turns":3},{"damage":0,"enemies":"Maw","floor":44,"turns":3},{"damage":0,"enemies":"Giant Head","floor":46,"turns":3},{"damage":0,"enemies":"3 Darklings","floor":47,"turns":4},{"damage":0,"enemies":"Mind Bloom Boss Battle","floor":48,"turns":4},{"damage":0,"enemies":"conspire:OrnateMirror","floor":50,"turns":4}],"seed_played":"-7453311554260095948","potions_obtained":[{"floor":2.0,"key":"ShroomBrew"},{"floor":7.0,"key":"Regen Potion"},{"floor":10.0,"key":"LiquidMemories"},{"floor":16.0,"key":"BottledSpark"},{"floor":25.0,"key":"Block Potion"},{"floor":27.0,"key":"LiquidMemories"},{"floor":31.0,"key":"Strength Potion"},{"floor":39,"key":"Fire Potion"},{"floor":40,"key":"Strength Potion"}],"is_trial":false,"path_per_floor":["M","M","M","M","?","R","E","?","T","E","?","$","R","E","R","B",null,"M","?","M","M","$","R","M","E","T","E","R","M","E","M","R","B",null,"M","?","M","$","M","E","R","E","T","M","?","E","M","?","R","B",null],"character_chosen":"MARISA","items_purchased":["Bag of Preparation","Orichalcum","Ancient Tea Set","White Beast Statue","Medical Kit","Acceleration","Membership Card","Whetstone"],"campfire_rested":0,"item_purchase_floors":[0,0,0,12,22,22,38,38],"current_hp_per_floor":[51,51,51,51,51,51,51,51,51,49,49,49,55,55,61,55,70,70,70,70,66,66,75,75,48,48,48,57,57,57,46,55,51,69,69,69,69,69,69,69,75,62,62,62,62,64,64,64,71,71],"gold":531,"neow_bonus":"","is_daily":false,"chose_seed":false,"campfire_upgraded":8,"win_rate":0.0,"timestamp":1614267119,"path_taken":["M","M","M","M","?","R","E","?","T","E","?","?","R","E","R","BOSS","M","?","M","?","$","R","M","E","T","E","R","M","E","M","R","BOSS","M","?","M","$","M","E","R","E","T","M","?","E","M","?","R","BOSS"],"items_purchased_type":["Relic","Relic","Relic","Relic","Relic","Card","Relic","Relic"],"build_version":"2020-12-22","purchased_purges":5,"victory":true,"max_hp_per_floor":[75,75,75,75,75,75,75,75,75,75,75,75,75,75,75,75,75,75,75,75,75,75,75,75,75,75,75,75,75,75,75,75,75,75,75,75,75,75,75,75,75,75,75,75,71,71,71,71,71,71],"card_choices":[{"not_picked":["DeepEcoloBomb","Acceleration"],"picked":"UnstableBomb","floor":1.0},{"not_picked":["ShootingEcho","GalacticHalo","IllusionStar"],"picked":"SKIP","floor":2.0},{"not_picked":["Singularity","DoubleSpark"],"picked":"OortCloud","floor":3.0},{"not_picked":["ShootingEcho","LuminesStrike"],"picked":"PulseMagic","floor":4.0},{"not_picked":["Orbital","DoubleSpark"],"picked":"OortCloud","floor":7.0},{"not_picked":["ShootingEcho","WitchLeyline","WitchOfGreed"],"picked":"SKIP","floor":10.0},{"not_picked":["ShootTheMoon","ManaConvection"],"picked":"PowerUp","floor":14.0},{"not_picked":["PowerUp","DC"],"picked":"AsteroidBelt","floor":18.0},{"not_picked":["GasGiant+1","MaximisePower"],"picked":"BlazeAway","floor":20.0},{"not_picked":["OrrerysSun","AsteroidBelt","OpenUniverse"],"picked":"SKIP","floor":21.0},{"not_picked":["6A","EnergyRecoil","IllusionStar"],"picked":"SKIP","floor":24.0},{"not_picked":["SuperPerseids+1","WitchLeyline"],"picked":"MachineGunSpark","floor":25.0},{"not_picked":["Acceleration","StarlightTyphoon","DarkMatter+1"],"picked":"SKIP","floor":27.0},{"not_picked":["Acceleration","StarlightTyphoon","DarkMatter+1"],"picked":"SKIP","floor":27.0},{"not_picked":["IllusionStar+1","AlicesGift","UnstableBomb"],"picked":"SKIP","floor":29.0},{"not_picked":["LuminesStrike","SporeBomb","StarlightTyphoon"],"picked":"SKIP","floor":30.0},{"not_picked":["MachineGunSpark","AlicesGift+1","FairyDestructionRay+1"],"picked":"SKIP","floor":31.0},{"not_picked":["AsteroidBelt","WitchLeyline+1","NonDirectionalLaser"],"picked":"SKIP","floor":35.0},{"not_picked":["LuminesStrike+1","ShootTheMoon+1","NonDirectionalLaser"],"picked":"SKIP","floor":37},{"not_picked":["MilkyWay","ChargeUpSpray+1","DarkSpark"],"picked":"SKIP","floor":39},{"not_picked":["AsteroidBelt+1","WitchLeyline","WitchOfGreed+1"],"picked":"SKIP","floor":40},{"not_picked":["GrandCross","SatelliteIllusion"],"picked":"MilkyWay+1","floor":42},{"not_picked":["WitchOfGreed","GalacticHalo"],"picked":"OortCloud","floor":44},{"not_picked":["SuperPerseids+1","EnergyFlow+1","MaximisePower"],"picked":"SKIP","floor":46},{"not_picked":["MysteriousBeam","FairyDestructionRay+1","GravityBeat+1"],"picked":"SKIP","floor":47}],"player_experience":612585,"relics_obtained":[{"floor":7.0,"key":"Dream Catcher"},{"floor":9.0,"key":"PreservedInsect"},{"floor":10.0,"key":"Eternal Feather"},{"floor":14.0,"key":"Omamori"},{"floor":25.0,"key":"BreadOfAWashokuLover"},{"floor":26.0,"key":"Mummified Hand"},{"floor":27.0,"key":"Runesmith:AutoHammer"},{"floor":30.0,"key":"Turnip"},{"floor":40,"key":"Calipers"},{"floor":42,"key":"ShroomBag"},{"floor":43,"key":"FossilizedHelix"},{"floor":46,"key":"MawBank"},{"floor":48,"key":"Old Coin"}],"event_choices":[{"damage_healed":0.0,"max_hp_gain":0.0,"max_hp_loss":0.0,"gold_gain":0.0,"event_name":"conspire:LoneGhost","player_choice":"Agree","floor":5.0,"gold_loss":0.0,"damage_taken":0.0},{"damage_healed":0.0,"max_hp_gain":0.0,"max_hp_loss":0.0,"gold_gain":70.0,"event_name":"Golden Wing","player_choice":"Gained Gold","floor":8.0,"gold_loss":0.0,"damage_taken":0.0},{"damage_healed":0.0,"max_hp_gain":0.0,"max_hp_loss":0.0,"gold_gain":0.0,"event_name":"Liars Game","player_choice":"Ignored","floor":11.0,"gold_loss":0.0,"damage_taken":0.0},{"damage_healed":0.0,"max_hp_gain":0.0,"max_hp_loss":0.0,"gold_gain":0.0,"event_name":"The Woman in Blue","player_choice":"Bought 0 Potions","floor":19.0,"gold_loss":0.0,"damage_taken":0.0},{"damage_healed":0.0,"max_hp_gain":0.0,"max_hp_loss":0.0,"gold_gain":0.0,"event_name":"Tomb of Lord Red Mask","player_choice":"Ignored","floor":36.0,"gold_loss":0.0,"damage_taken":0.0},{"damage_healed":0,"gold_gain":0,"player_choice":"Max HP","damage_taken":0,"max_hp_gain":0,"max_hp_loss":4,"event_name":"Winding Halls","floor":45,"gold_loss":0},{"damage_healed":0,"gold_gain":0,"player_choice":"Fight","damage_taken":0,"max_hp_gain":0,"max_hp_loss":0,"event_name":"MindBloom","floor":48,"gold_loss":0}],"is_beta":false,"boss_relics":[{"not_picked":["SlaversCollar","conspire:RunicOctahedron"],"picked":"conspire:SpecialSausage"},{"not_picked":["Astrolabe","Pandora\u0027s Box"],"picked":"ExperimentalFamiliar"}],"items_purged_floors":[0,0,0,22,38],"is_endless":false,"potions_floor_spawned":[2,7,10,14,16,18,20,21,24,25,27,29,30,31,33,35,37,39,40,42,44,46,47,48],"ascension_level":5}}