{"host":"euxksmtrtvfcjuzd","time":1614242348,"event":{"mods":["ATMod(阿瑾Mod)","Aspiration","BaseMod","Dota2Spire","Energized Spire","Jedi Mod","Minty Spire (QoL Compilation)","Reliquary","Replay The Spire","Shop Mod","StSLib","TestMod","UnlockEverythingMod","Waifu the Spire","【遗物卡牌】REMEMod"],"gold_per_floor":[118,118,140,140,157,157,174,174,174,210,210,234,234,265,265,369,369,385,385,385,385,407,407,441,381,381,399,399,433,268,289,289,397,397,425,425,442,442,466,491,491,523,546,546,596,631,653,675,675,687],"floor_reached":51,"language":"ZHS","playtime":1729,"items_purged":["Backflip"],"score":1231,"play_id":"cb3a20dc-b1b2-45a6-b538-a572a9fec83e","local_time":"20210225163908","daily_mods":["SealedDeck","Heirloom"],"is_ascension_mode":true,"campfire_choices":[{"data":"Crow Ritual","floor":6,"key":"SMITH"},{"data":"AT_FocusSwordFire","floor":6,"key":"SMITH"},{"data":"AT_ThistleTea","floor":8,"key":"SMITH"},{"data":"Blade Dance","floor":8,"key":"SMITH"},{"data":"AT_ShadowStep","floor":15,"key":"SMITH"},{"data":"Accuracy","floor":15,"key":"SMITH"},{"data":"Accuracy","floor":23,"key":"SMITH"},{"data":"ReplayTheSpireMod:Scrap Shanks","floor":23,"key":"SMITH"},{"data":"Infinite Blades","floor":28,"key":"SMITH"},{"data":"Blade Dance","floor":28,"key":"SMITH"},{"data":"jedi:studyshivs","floor":32,"key":"SMITH"},{"data":"testmod-Provocation","floor":32,"key":"SMITH"},{"data":"Trip","floor":41,"key":"SMITH"},{"data":"Hidden Blade","floor":41,"key":"SMITH"},{"data":"Envenom","floor":44,"key":"SMITH"},{"data":"AT_ShadowStep","floor":44,"key":"SMITH"},{"floor":49,"key":"REST"}],"circlet_count":0,"master_deck":["Crow Ritual+1","AT_ThistleTea+1","Dash","Slice","Cloak And Dagger","Backflip","Blade Dance+1","AT_FocusSwordFire+1","Blade Dance+1","Blade Dance+1","Accuracy+1","Blade Dance+1","Accuracy+1","ReplayTheSpireMod:Scrap Shanks+1","AT_ShadowStep+1","Infinite Blades+1","jedi:studyshivs+1","Accuracy+1","AT_ThistleTea+1","testmod-Provocation+1","Hidden Blade+1","Trip+1","CommonCold","Quick Slash","Envenom+1","AT_ShadowStep+1"],"relics":["Ring of the Snake","testmod-TestBox","replay:Trail_Library","AT_ATBox","testmod-DeterminationOfClimber","Replay:Arrowhead","Dota2Spire:MantaStyle","reliquary:TatteredRug","Kunai","reliquary:KinkedSpring","reliquary:SharkskinSheath","testmod-TestBox","StoneCalendar","reliquary:Vitrine","jedi:archwizardhat","Black Star","aspiration:ChemicalBlood","reliquary:FerryPass","jedi:ghostblades","Dota2Spire:BladeMail"],"acts_visited":["Exordium","TheCity","TheBeyond"],"potions_floor_usage":[42,45],"damage_taken":[{"damage":0,"enemies":"Cultist","floor":1,"turns":1},{"damage":0,"enemies":"2 Louse","floor":3,"turns":1},{"damage":0,"enemies":"Jaw Worm","floor":5,"turns":1},{"damage":0,"enemies":"Looter","floor":7,"turns":1},{"damage":0,"enemies":"Lagavulin","floor":10,"turns":1},{"damage":0,"enemies":"Large Slime","floor":12,"turns":1},{"damage":0,"enemies":"Gremlin Nob","floor":14,"turns":1},{"damage":48,"enemies":"The Guardian","floor":16,"turns":2},{"damage":0,"enemies":"Spheric Guardian","floor":18,"turns":1},{"damage":0,"enemies":"2 Thieves","floor":22,"turns":1},{"damage":0,"enemies":"Book of Stabbing","floor":24,"turns":1},{"damage":0,"enemies":"3 Cultists","floor":27,"turns":1},{"damage":0,"enemies":"Slavers","floor":29,"turns":1},{"damage":0,"enemies":"Centurion and Healer","floor":31,"turns":1},{"damage":0,"enemies":"Pondfish","floor":33,"turns":3},{"damage":0,"enemies":"3 Darklings","floor":35,"turns":1},{"damage":12,"enemies":"3 Shapes","floor":37,"turns":1},{"damage":14,"enemies":"Sphere and 2 Shapes","floor":39,"turns":1},{"damage":0,"enemies":"Nemesis","floor":42,"turns":1},{"damage":6,"enemies":"2 Orb Walkers","floor":45,"turns":2},{"damage":0,"enemies":"Transient","floor":46,"turns":1},{"damage":16,"enemies":"4 Shapes","floor":47,"turns":1},{"damage":0,"enemies":"Writhing Mass","floor":48,"turns":1},{"damage":0,"enemies":"Replay:Hell Engine","floor":50,"turns":1}],"seed_played":"-8821443005605780274","potions_obtained":[{"floor":5,"key":"SmokeBomb"},{"floor":18,"key":"GhostInAJar"},{"floor":24,"key":"BlessingOfTheForge"},{"floor":37,"key":"Flashbang"},{"floor":42,"key":"Fruit Juice"},{"floor":45,"key":"Dota2Spire:HealingSalve"}],"is_trial":true,"path_per_floor":["M","?","M","?","M","R","M","R","T","E","?","M","T","E","R","B",null,"M","?","?","?","M","R","E","?","T","M","R","E","$","M","R","B",null,"M","?","M","?","M","T","R","E","T","R","?","M","M","M","R","B",null],"character_chosen":"THE_SILENT","items_purchased":["testmod-Provocation"],"campfire_rested":1,"item_purchase_floors":[30],"current_hp_per_floor":[70,56,59,59,63,63,68,68,68,70,70,70,70,70,70,30,60,66,66,66,66,70,70,70,70,70,70,70,70,70,70,70,70,70,70,70,60,60,57,57,57,69,69,69,67,75,62,74,75,75],"gold":687,"neow_bonus":"","is_daily":false,"chose_seed":false,"campfire_upgraded":16,"win_rate":0.0,"timestamp":1614242348,"path_taken":["M","?","M","?","M","R","?","R","T","E","?","M","?","E","R","BOSS","M","?","?","?","?","R","E","?","T","M","R","E","$","M","R","BOSS","M","?","M","?","M","?","R","E","T","R","?","M","M","M","R","BOSS"],"items_purchased_type":["Card"],"build_version":"2020-12-22","purchased_purges":1,"victory":true,"max_hp_per_floor":[70,70,70,70,70,70,70,70,70,70,70,70,70,70,70,70,70,70,70,70,70,70,70,70,70,70,70,70,70,70,70,70,70,70,70,70,70,70,70,70,70,75,75,75,75,75,75,75,75,75],"card_choices":[{"not_picked":["AT_KneejerkReflex","Poisoned Stab","Replay:Poison Smokescreen"],"picked":"SKIP","floor":1},{"not_picked":["Prepared","AT_WindFlip","ReplayTheSpireMod:Shiv Toss"],"picked":"SKIP","floor":3},{"not_picked":["Acrobatics","Prepared","Cloak And Dagger"],"picked":"SKIP","floor":5},{"not_picked":["Terror","jedi:pocketpoison"],"picked":"Blade Dance","floor":7},{"not_picked":["Replay:Bag of Tricks","Draining Mist","Eviscerate"],"picked":"SKIP","floor":10},{"not_picked":["Prepared","Deflect"],"picked":"ReplayTheSpireMod:Scrap Shanks","floor":12},{"not_picked":["PiercingWail","Predator"],"picked":"AT_ShadowStep","floor":14},{"not_picked":["jedi:rejectivetoxin","Doppelganger"],"picked":"jedi:studyshivs","floor":16},{"not_picked":["AT_WindFlip","ReplayTheSpireMod:Shiv Toss","Cloak And Dagger"],"picked":"SKIP","floor":18},{"not_picked":["Prepared+1","Bouncing Flask"],"picked":"Accuracy","floor":22},{"not_picked":["Flying Knee","AT_Desolate"],"picked":"AT_ThistleTea+1","floor":24},{"not_picked":["Dagger Spray","AT_KneejerkReflex","Sucker Punch"],"picked":"SKIP","floor":27},{"not_picked":["AT_WindFlip","Dodge and Roll+1","Grand Finale"],"picked":"SKIP","floor":29},{"not_picked":["Dagger Throw","Underhanded Strike+1"],"picked":"Hidden Blade","floor":31},{"not_picked":["Quick Slash+1","Expertise","PiercingWail"],"picked":"SKIP","floor":35},{"not_picked":["testmod-FightingIntention","testmod-HeadAttack"],"picked":"Trip","floor":36},{"not_picked":["Outmaneuver+1","Sneak Up","Acrobatics"],"picked":"SKIP","floor":37},{"not_picked":["Skewer","Quick Slash","ReplayTheSpireMod:Exploit Weakness"],"picked":"SKIP","floor":39},{"not_picked":["Acrobatics","Dagger Throw"],"picked":"Envenom","floor":42},{"not_picked":["Outmaneuver","Fluid Movement","Dagger Spray"],"picked":"SKIP","floor":46},{"not_picked":["Deadly Poison","Quick Slash","Backflip"],"picked":"SKIP","floor":47},{"not_picked":["Reflex+1","Riddle With Holes+1","REME_CopyPotion"],"picked":"SKIP","floor":48}],"player_experience":48390,"relics_obtained":[{"floor":10,"key":"Dota2Spire:MantaStyle"},{"floor":14,"key":"Kunai"},{"floor":20,"key":"reliquary:SharkskinSheath"},{"floor":24,"key":"StoneCalendar"},{"floor":26,"key":"reliquary:Vitrine"},{"floor":29,"key":"jedi:archwizardhat"},{"floor":40,"key":"aspiration:ChemicalBlood"},{"floor":42,"key":"reliquary:FerryPass"},{"floor":42,"key":"jedi:ghostblades"},{"floor":43,"key":"Dota2Spire:BladeMail"}],"event_choices":[{"damage_healed":0,"gold_gain":0,"player_choice":"Entered Light","damage_taken":14,"max_hp_gain":0,"max_hp_loss":0,"event_name":"Shining Light","floor":2,"gold_loss":0,"cards_upgraded":["Blade Dance","Blade Dance"]},{"damage_healed":0,"gold_gain":0,"player_choice":"Upgraded","damage_taken":0,"max_hp_gain":0,"max_hp_loss":0,"event_name":"Upgrade Shrine","floor":4,"gold_loss":0,"cards_upgraded":["Accuracy"]},{"damage_healed":0,"gold_gain":0,"player_choice":"Box","damage_taken":0,"relics_obtained":["reliquary:TatteredRug"],"max_hp_gain":0,"max_hp_loss":0,"event_name":"Big Fish","floor":11,"gold_loss":0,"cards_obtained":["Regret"]},{"damage_healed":0,"gold_gain":0,"player_choice":"Ignored","damage_taken":0,"max_hp_gain":0,"max_hp_loss":0,"event_name":"Vampires","floor":19,"gold_loss":0},{"damage_healed":0,"gold_gain":0,"player_choice":"Swap Relic","damage_taken":0,"relics_obtained":["testmod-TestBox"],"max_hp_gain":0,"max_hp_loss":0,"event_name":"给自己的盒子","floor":21,"relics_lost":["REME_ComplimentaryCards"],"gold_loss":0},{"damage_healed":0,"gold_gain":0,"player_choice":"Memory 1","damage_taken":0,"max_hp_gain":0,"max_hp_loss":0,"event_name":"SensoryStone","floor":36,"gold_loss":0},{"damage_healed":0,"gold_gain":0,"player_choice":"Fight","damage_taken":0,"max_hp_gain":0,"max_hp_loss":0,"event_name":"Mysterious Sphere","floor":45,"gold_loss":0}],"is_beta":false,"boss_relics":[{"not_picked":["energizedSpire:OgreHead","energizedSpire:CursedPentagram"],"picked":"reliquary:KinkedSpring"},{"not_picked":["Replay:Bronze Core","Abe\u0027s Treasure"],"picked":"Black Star"}],"items_purged_floors":[30],"is_endless":false,"potions_floor_spawned":[5,7,16,18,24,37,42,45,47],"ascension_level":5}}