{"host":"o9lehcdjc4u6j9un","time":1614290353,"event":{"mods":["Aspiration","BaseMod","Better-Laid Plans","Bossed Relics","Colored Map","Hermit","Marisa（F雨　魔理沙）","Minty Spire (QoL Compilation)","StSLib","The Alterego","The Marked","The Runesmith"],"gold_per_floor":[320,58,58,58,68,96,114,39,39,59,78,40,40,53,53,156,156,172,172,172,35,35,35,51,51,51,67,79,103,103,113,113,217,217,228,248,3,15,27,27,45,45,45,80,0,0,0],"floor_reached":46,"language":"ZHS","playtime":1745,"items_purged":["Strike_R","Strike_R","Writhe"],"score":527,"play_id":"7e0f462c-bc46-48f3-a429-cf37a35c38ca","local_time":"20210226055913","is_ascension_mode":false,"campfire_choices":[{"data":"Rupture","floor":13.0,"key":"SMITH"},{"data":"Combust","floor":15.0,"key":"SMITH"},{"data":"Berserk","floor":23.0,"key":"SMITH"},{"data":"Combust","floor":25.0,"key":"SMITH"},{"data":"Pommel Strike","floor":30.0,"key":"SMITH"},{"data":"Feed","floor":32.0,"key":"SMITH"},{"data":"Rupture","floor":40,"key":"SMITH"},{"data":"Shockwave","floor":42,"key":"SMITH"}],"circlet_count":0,"master_deck":["Defend_R","Defend_R","Defend_R","Bash","Thunderclap","Slice","Outmaneuver","All Out Attack","Pommel Strike+1","Rupture+1","Pommel Strike","Pommel Strike","Combust+1","Clash","Berserk+1","Combust+1","Spot Weakness","Shrug It Off+1","Rage+1","Feed+1","Offering","Rupture+1","Hemokinesis","True Grit+1","Pummel+1","Shockwave+1"],"relics":["Burning Blood","Old Coin","Darkstone Periapt","Mercury Hourglass","Philosopher\u0027s Stone","alterego_mod:FleetingLove","Toy Ornithopter","Shuriken","Strawberry","Busted Crown","aspiration:HummingbirdHeart","Ancient Tea Set","Red Mask"],"acts_visited":["Exordium","TheCity","TheBeyond"],"potions_floor_usage":[41],"damage_taken":[{"damage":9.0,"enemies":"Jaw Worm","floor":1.0,"turns":5.0},{"damage":0.0,"enemies":"Small Slimes","floor":5.0,"turns":3.0},{"damage":53.0,"enemies":"Lagavulin","floor":6.0,"turns":8.0},{"damage":1.0,"enemies":"Cultist","floor":7.0,"turns":3.0},{"damage":0.0,"enemies":"Large Slime","floor":10.0,"turns":4.0},{"damage":1.0,"enemies":"Exordium Thugs","floor":11.0,"turns":4.0},{"damage":7.0,"enemies":"2 Fungi Beasts","floor":14.0,"turns":2.0},{"damage":5.0,"enemies":"Slime Boss","floor":16.0,"turns":5.0},{"damage":12.0,"enemies":"3 Byrds","floor":18.0,"turns":3.0},{"damage":18.0,"enemies":"2 Thieves","floor":24.0,"turns":3.0},{"damage":31.0,"enemies":"Snake Plant","floor":27.0,"turns":3.0},{"damage":8.0,"enemies":"3 Cultists","floor":28.0,"turns":3.0},{"damage":9.0,"enemies":"Chosen and Byrds","floor":31.0,"turns":3.0},{"damage":71.0,"enemies":"Automaton","floor":33.0,"turns":7.0},{"damage":14.0,"enemies":"3 Darklings","floor":35.0,"turns":3.0},{"damage":20.0,"enemies":"3 Shapes","floor":36.0,"turns":4.0},{"damage":9.0,"enemies":"Jaw Worm Horde","floor":38.0,"turns":3.0},{"damage":22,"enemies":"Sphere and 2 Shapes","floor":39,"turns":3},{"damage":16,"enemies":"Maw","floor":41,"turns":4},{"damage":36,"enemies":"Giant Head","floor":44,"turns":6},{"damage":29,"enemies":"Transient","floor":46,"turns":4}],"seed_played":"8273043972476818066","potions_obtained":[{"floor":6.0,"key":"Swift Potion"},{"floor":7.0,"key":"BloodPotion"},{"floor":14.0,"key":"Energy Potion"},{"floor":24.0,"key":"LiquidBronze"},{"floor":31.0,"key":"Block Potion"},{"floor":39,"key":"AttackPotion"},{"floor":41,"key":"Explosive Potion"}],"is_trial":false,"path_per_floor":["M","$","?","?","M","E","M","$","T","M","M","$","R","M","R","B",null,"M","?","?","$","?","R","M","R","T","M","M","T","R","M","R","B",null,"M","M","$","M","M","R","M","R","T","E","?","M"],"character_chosen":"IRONCLAD","items_purchased":["Darkstone Periapt","Combust","Combust","Rupture","Hemokinesis"],"campfire_rested":0,"item_purchase_floors":[2,12,21,37,37],"current_hp_per_floor":[77,77,70,70,76,29,34,34,34,40,45,45,45,44,44,45,80,74,74,74,74,80,80,68,68,68,43,46,53,53,50,50,13,93,85,71,71,72,56,56,51,51,51,21,21,0,0],"gold":0,"neow_bonus":"ONE_RARE_RELIC","is_daily":false,"chose_seed":false,"campfire_upgraded":8,"win_rate":0.0,"timestamp":1614290353,"path_taken":["M","$","?","?","M","E","M","$","T","M","?","$","R","M","R","BOSS","M","?","?","$","?","R","M","R","T","M","?","?","R","M","R","BOSS","M","M","$","M","M","R","M","R","T","E","?","M"],"items_purchased_type":["Relic","Card","Card","Card","Card"],"build_version":"2020-12-22","purchased_purges":3,"victory":false,"max_hp_per_floor":[80,80,80,80,80,80,80,80,80,80,80,80,80,80,80,80,80,80,80,80,80,86,86,86,86,86,86,86,93,93,93,93,93,93,93,93,93,97,97,97,97,97,97,97,97,97,97],"card_choices":[{"not_picked":["Havoc","Armaments"],"picked":"Thunderclap","floor":1.0},{"not_picked":["Sword Boomerang","Flame Barrier"],"picked":"Pommel Strike","floor":5.0},{"not_picked":["Flex","Armaments"],"picked":"Rupture","floor":6.0},{"not_picked":["Clothesline","Iron Wave"],"picked":"Pommel Strike","floor":7.0},{"not_picked":["Fiend Fire","Headbutt","Havoc"],"picked":"SKIP","floor":10.0},{"not_picked":["Perfected Strike","Sword Boomerang"],"picked":"Pommel Strike","floor":11.0},{"not_picked":["Metallicize","Flex"],"picked":"Clash","floor":14.0},{"not_picked":["Bludgeon","Fiend Fire"],"picked":"Berserk","floor":16.0},{"not_picked":["Reckless Charge","Pommel Strike","Twin Strike"],"picked":"SKIP","floor":18.0},{"not_picked":["Sever Soul","Sword Boomerang+1"],"picked":"Spot Weakness","floor":24.0},{"not_picked":["Armaments","Iron Wave+1"],"picked":"Shrug It Off+1","floor":27.0},{"not_picked":["Cleave","Anger+1"],"picked":"Rage+1","floor":28.0},{"not_picked":["Thunderclap","Warcry"],"picked":"Feed","floor":31.0},{"not_picked":["Juggernaut","Immolate"],"picked":"Offering","floor":33.0},{"not_picked":["Shrug It Off+1"],"picked":"SKIP","floor":35.0},{"not_picked":["Searing Blow"],"picked":"SKIP","floor":36.0},{"not_picked":[],"picked":"True Grit+1","floor":38.0},{"not_picked":[],"picked":"Pummel+1","floor":39},{"not_picked":[],"picked":"Shockwave","floor":41},{"not_picked":["Barricade"],"picked":"SKIP","floor":44}],"player_experience":197240,"relics_obtained":[{"floor":6.0,"key":"Mercury Hourglass"},{"floor":26.0,"key":"Shuriken"},{"floor":29.0,"key":"Strawberry"},{"floor":43,"key":"aspiration:HummingbirdHeart"},{"floor":44,"key":"Ancient Tea Set"}],"event_choices":[{"cards_removed":["Strike_R"],"damage_healed":0.0,"max_hp_gain":0.0,"max_hp_loss":0.0,"gold_gain":0.0,"event_name":"Golden Wing","player_choice":"Card Removal","floor":3.0,"gold_loss":0.0,"damage_taken":7.0},{"damage_healed":0.0,"max_hp_gain":0.0,"max_hp_loss":0.0,"gold_gain":0.0,"event_name":"爱的神圣花园","player_choice":"Choice 1","floor":19.0,"gold_loss":0.0,"damage_taken":0.0,"relics_obtained":["alterego_mod:FleetingLove"]},{"damage_healed":0.0,"max_hp_gain":0.0,"max_hp_loss":0.0,"gold_gain":0.0,"event_name":"Vampires","player_choice":"Ignored","floor":20.0,"gold_loss":0.0,"damage_taken":0.0},{"damage_healed":0.0,"max_hp_gain":0.0,"max_hp_loss":0.0,"gold_gain":0.0,"event_name":"The Mausoleum","player_choice":"Opened","floor":22.0,"gold_loss":0.0,"damage_taken":0.0,"relics_obtained":["Toy Ornithopter"],"cards_obtained":["Writhe"]},{"damage_healed":0,"gold_gain":0,"player_choice":"Paid","damage_taken":0,"relics_obtained":["Red Mask"],"max_hp_gain":0,"max_hp_loss":0,"event_name":"Tomb of Lord Red Mask","floor":45,"gold_loss":80}],"is_beta":false,"boss_relics":[{"not_picked":["Ectoplasm","aspiration:RandomNobGenerator"],"picked":"Philosopher\u0027s Stone"},{"not_picked":["Cursed Key","aspiration:SecretTechniqueScroll"],"picked":"Busted Crown"}],"items_purged_floors":[8,21,37],"is_endless":false,"potions_floor_spawned":[6,7,14,16,24,27,31,39,41],"killed_by":"Transient","ascension_level":0}}