{"host":"gzkog77z98jljj1h","time":1614214621,"event":{"mods":["Act Like it!","Astrologer","BaseMod","Colored Map","Conspire","Downfall","Energized Spire","Fiend Mod","Halation","Hubris","Infinite Spire","Marisa????????","Mimic Mod","Minty Spire (QoL Compilation)","Random Character Button","Relic Sorter","Replay The Spire","Ruina","Shop Mod","Somnambulant","StSLib","Td1madao Mod","The Administrix","The Construct","The Cursed","The Disciple","The Elementalist","The Hierophant","The Jungle","The Marked","The Mystic","The Runesmith","The Servant 0.9.4","Trackpad"],"gold_per_floor":[113,125,125,186,67,67,92,38,38,38,113,130,55,55,55,180,180,193,193,193,211,235,235,249,249,272,288,328,352,371,414,414,534,534,554,579,598,154,0,0,21,21,69,69,97,97,117,144,144,144,144],"floor_reached":50,"language":"ENG","playtime":3519,"items_purged":["Injury"],"score":709,"play_id":"972d85f5-536d-4e41-8c69-e09b61b31518","local_time":"20210224185701","is_ascension_mode":false,"campfire_choices":[{"data":"ShatteredReality","floor":6,"key":"SMITH"},{"data":"Potential","floor":10,"key":"SMITH"},{"data":"Sickly","floor":15,"key":"PURGE"},{"floor":23,"key":"REST"},{"data":"Sunlight","floor":25,"key":"SMITH"},{"floor":32,"key":"REST"},{"floor":40,"key":"REST"},{"floor":42,"key":"REST"},{"floor":44,"key":"REST"},{"data":"MurderousAura","floor":46,"key":"SMITH"},{"floor":49,"key":"REST"}],"circlet_count":0,"master_deck":["Defend_S","Defend_S","Defend_S","Defend_S","KidneyShot","Exchange","ShatteredReality+1","TimeWarp","Rearm","Spin+1","ReplayTheSpireMod:Private Reserves","TimeWarp+1","Potential+1","Barrier","Sunlight+1","Luminosity","MurderousAura+1","Comet+1","Slimebound:Tackle+1","Slimebound:Tackle+1","Slimebound:Tackle+1","Ricochet","FanOfKnives","Comet+1","SpecialFormula+1","DoubleEdge+1","SilverBlades","Defy+1","Starlight+1","Sunlight","DualDimension+1","ShiftingGears","Defy","BestPractice","Potential+1","Alleviate","SilverBlades","FastForward+1"],"relics":["Uniform","NeowsBlessing","halation:PinkSoulGem","conspire:BottledYoYo","trackpad:SappingStone","infinitespire:Satchel","ReplayTheSpireMod:CursedCoin","Golden Idol","halation:PinkAlligatorPlush","hubris:Towel","halation:PrussianBluePaint","Guardian:PocketSentry","Happy Flower","conspire:SlowCooker","Juzu Bracelet","DollysMirror","Red Mask","infinitespire:EvilPickle","Whetstone"],"acts_visited":["Exordium","TheCity","TheBeyond"],"potions_floor_usage":[16,28,35,36,37,37,48,50,50],"damage_taken":[{"damage":0,"enemies":"Cultist","floor":1,"turns":1},{"damage":0,"enemies":"2 Louse","floor":2,"turns":1},{"damage":0,"enemies":"Gremlin Nob","floor":7,"turns":1},{"damage":0,"enemies":"Jaw Worm","floor":12,"turns":3},{"damage":10,"enemies":"Hexaghost","floor":16,"turns":8},{"damage":19,"enemies":"2 Thieves","floor":18,"turns":3},{"damage":10,"enemies":"Spheric Guardian","floor":21,"turns":2},{"damage":18,"enemies":"Snake Plant","floor":22,"turns":4},{"damage":7,"enemies":"3 Cultists","floor":24,"turns":2},{"damage":24,"enemies":"Centurion and Healer","floor":27,"turns":2},{"damage":22,"enemies":"Gremlin Leader","floor":28,"turns":2},{"damage":8,"enemies":"Cultist and Chosen","floor":29,"turns":4},{"damage":0,"enemies":"Snake Plant","floor":30,"turns":3},{"damage":25,"enemies":"Book of Stabbing","floor":31,"turns":4},{"damage":31,"enemies":"Pondfish","floor":33,"turns":8},{"damage":29,"enemies":"3 Darklings","floor":35,"turns":3},{"damage":10,"enemies":"Orb Walker","floor":36,"turns":2},{"damage":8,"enemies":"Jaw Worm Horde","floor":37,"turns":3},{"damage":26,"enemies":"Transient","floor":41,"turns":5},{"damage":26,"enemies":"Writhing Mass","floor":45,"turns":4},{"damage":12,"enemies":"Jaw Worm Horde","floor":47,"turns":3},{"damage":34,"enemies":"4 Shapes","floor":48,"turns":5},{"damage":41,"enemies":"Donu and Deca","floor":50,"turns":5}],"seed_played":"-7360527522154791915","potions_obtained":[{"floor":1,"key":"GamblersBrew"},{"floor":2,"key":"Death Potion"},{"floor":4,"key":"Fire Potion"},{"floor":22,"key":"Strength Potion"},{"floor":28,"key":"BlessingOfTheForge"},{"floor":31,"key":"EntropicBrew"},{"floor":33,"key":"champ:CounterPotion"},{"floor":35,"key":"SkillPotion"},{"floor":37,"key":"Strength Potion"},{"floor":45,"key":"Fire Potion"}],"is_trial":false,"path_per_floor":["M","M","?","?","$","R","E","$","T","R","?","M","$","?","R_BF","B",null,"M","?","?","M","M","R","M","R","T","M","E","M","M","E","R","B",null,"M","M","M","$","?","R","M","R","T","R","M","R","M","M","R","B"],"character_chosen":"THE_SERVANT","items_purchased":["Spin+1","ReplayTheSpireMod:Private Reserves","Potential","ReplayTheSpireMod:CursedCoin","Sunlight","Luminosity","BestPractice","Juzu Bracelet","DollysMirror"],"campfire_rested":6,"item_purchase_floors":[5,5,8,13,13,13,38,38,38],"current_hp_per_floor":[65,65,65,49,49,49,49,49,49,49,38,38,38,38,38,28,65,46,46,46,36,18,37,30,30,30,6,65,57,57,40,59,36,65,36,26,18,18,18,37,19,38,38,57,39,39,35,9,28,0,0],"gold":144,"neow_bonus":"THREE_ENEMY_KILL","is_daily":false,"chose_seed":false,"campfire_upgraded":4,"win_rate":0.0,"timestamp":1614214621,"path_taken":["M","M","?","?","?","R","E","$","T","R","?","M","?","?","R_BF","BOSS","M","?","?","?","M","R","?","R","T","M","E","M","M","E","R","BOSS","M","M","?","$","?","R","M","R","T","R","M","R","M","M","R","BOSS"],"items_purchased_type":["Card","Card","Card","Relic","Card","Card","Card","Relic","Relic"],"build_version":"2020-12-22","purchased_purges":1,"victory":false,"max_hp_per_floor":[65,65,65,65,65,65,65,65,65,65,65,65,65,65,65,65,65,65,65,65,65,65,65,65,65,65,65,65,65,65,65,65,65,65,65,65,65,65,65,65,65,65,65,65,65,65,65,65,65,65,65],"card_choices":[{"not_picked":["InstantArmor","Defy"],"picked":"ShatteredReality","floor":1},{"not_picked":["ReturningBlade","Unruled"],"picked":"TimeWarp","floor":2},{"not_picked":["Rewind","Unruled"],"picked":"Rearm","floor":4},{"not_picked":["TimeTheft","Alleviate"],"picked":"TimeWarp","floor":7},{"not_picked":["Read","Starlight"],"picked":"Barrier","floor":12},{"not_picked":["Solidify","TrueSight"],"picked":"MurderousAura","floor":16},{"not_picked":["SpecialFormula+1","Replace"],"picked":"Comet+1","floor":18},{"not_picked":["FastForward","Replace"],"picked":"Ricochet","floor":21},{"not_picked":["BestPractice+1","ReturningBlade"],"picked":"FanOfKnives","floor":22},{"not_picked":["Moondial","Unruled"],"picked":"Comet+1","floor":24},{"not_picked":["Rearm","ShatteredReality"],"picked":"SpecialFormula+1","floor":27},{"not_picked":["Deadline","ReturningBlade"],"picked":"DoubleEdge","floor":28},{"not_picked":["Spin","FanOfKnives+1"],"picked":"SilverBlades","floor":29},{"not_picked":["Reset+1","Advance"],"picked":"Defy+1","floor":30},{"not_picked":["Rewind","Solidify"],"picked":"Starlight+1","floor":31},{"not_picked":["SoulSculpture","ForgedInTime"],"picked":"Sunlight","floor":33},{"not_picked":["Spin+1","TimeWarp+1"],"picked":"DualDimension+1","floor":35},{"not_picked":["Alleviate+1","ShatteredReality"],"picked":"ShiftingGears","floor":36},{"not_picked":["Solidify","Unruled"],"picked":"Defy","floor":37},{"not_picked":["TimeWarp+1","Spin","Defy"],"picked":"SKIP","floor":41},{"not_picked":["FastForward+1","TimeWarp"],"picked":"Alleviate","floor":45},{"not_picked":["Starlight","FastForward+1"],"picked":"SilverBlades","floor":47},{"not_picked":["Rewind","Moondial"],"picked":"FastForward+1","floor":48}],"player_experience":290847,"relics_obtained":[{"floor":4,"key":"conspire:BottledYoYo"},{"floor":7,"key":"trackpad:SappingStone"},{"floor":9,"key":"infinitespire:Satchel"},{"floor":26,"key":"halation:PrussianBluePaint"},{"floor":28,"key":"Guardian:PocketSentry"},{"floor":31,"key":"Happy Flower"},{"floor":43,"key":"Whetstone"}],"event_choices":[{"damage_healed":0,"gold_gain":75,"player_choice":"Gather Gold","damage_taken":11,"max_hp_gain":0,"max_hp_loss":0,"event_name":"World of Goop","floor":11,"gold_loss":0},{"damage_healed":0,"gold_gain":0,"player_choice":"Take Wound","damage_taken":0,"relics_obtained":["Golden Idol"],"max_hp_gain":0,"max_hp_loss":0,"event_name":"Golden Idol","floor":14,"gold_loss":0,"cards_obtained":["Injury"]},{"damage_healed":0,"gold_gain":0,"player_choice":"Paid","damage_taken":0,"relics_obtained":["Red Mask"],"max_hp_gain":0,"max_hp_loss":0,"event_name":"Tomb of Lord Red Mask","floor":39,"gold_loss":154}],"is_beta":false,"boss_relics":[{"not_picked":["hubris:BlackHole","Snecko Eye"],"picked":"halation:PinkAlligatorPlush"},{"not_picked":["Busted Crown","hubris:GrandSneckoEye"],"picked":"conspire:SlowCooker"}],"items_purged_floors":[38],"is_endless":false,"potions_floor_spawned":[1,2,12,22,28,31,33,35,37,45],"killed_by":"Donu and Deca","ascension_level":0}}