{"host":"kpcx2wrn7eq3nf7c","time":1614275251,"event":{"mods":["100% Spire Juice","Act Like it!","BaseMod","CapriCore","Downfall","Friendly Minions","Gensokyo","Marisa£®ÏF”Í°°ƒß¿Ì…≥£©","Minty Spire (QoL Compilation)","Robot Space Explorer","StSLib","The Animator","The Immortal","The Marked","The Servant 0.9.4","Together in Spire","Waifu the Spire","Youmu£®ªÍ∆«—˝√Œ£©"],"gold_per_floor":[99,9,29,14,29,29,29,56,56,85,85,104,4,0,14,112,112,12,25,39,39,57,75,75,89,101,111,111,19,48,48,68,169,219,219,231,249,158,158,174,174,174,205,215,232,132,50,68,87,87,87,120,44,44,44,44],"floor_reached":57,"language":"ZHS","playtime":5947,"items_purged":["bronze:Strike","bronze:Fortify"],"score":1243,"play_id":"366e610d-d6de-4cd3-8105-4aa0fa9c8ad8","local_time":"20210226014731","is_ascension_mode":false,"campfire_choices":[{"floor":1,"key":"RECALL"},{"data":"bronze:FineTuning","floor":9,"key":"SMITH"},{"data":"bronze:FollowUp","floor":11,"key":"SMITH"},{"data":"bronze:FineTuning","floor":13,"key":"SMITH"},{"data":"bronze:Format","floor":18,"key":"SMITH"},{"data":"bronze:ChildClass","floor":28,"key":"SMITH"},{"data":"bronze:Optimize","floor":35,"key":"SMITH"},{"data":"bronze:DelayedGuard","floor":46,"key":"SMITH"},{"data":"bronze:Repulsor","floor":54,"key":"SMITH"}],"circlet_count":0,"master_deck":["bronze:Strike","bronze:Defend","bronze:Defend","bronze:Defend+1","bronze:Defend","bronze:Replicate+1","bronze:Goto+1","bronze:FineTuning+1","bronze:CutThrough+1","bronze:FollowUp+1","bronze:FineTuning+1","bronze:Format+1","bronze:Format","bronze:DelayedGuard+1","bronze:DelayedGuard+1","bronze:ChildClass+1","bronze:Optimize+1","bronze:Shell+1","bronze:Shell","bronze:DelayedSlice","bronze:FineTuning","bronze:Repulsor+1"],"relics":["bronze:BronzeCore","Singing Bowl","Omamori","Gremlin Horn","downfall:HeartBlessingRed","Empty Cage","downfall:HeartBlessingGreen","Sundial","Strawberry","Tiny House","Pantograph","MealTicket","Eternal Feather","downfall:HeartBlessingBlue","Pear"],"acts_visited":["Exordium","Gensokyo:Gensokyoer","Gensokyo:Gensokyoest","TheEnding"],"potions_floor_usage":[8,30,50,55,56,56],"damage_taken":[{"damage":0,"enemies":"downfall:FleeingMerchant","floor":2,"turns":4},{"damage":0,"enemies":"Cultist","floor":3,"turns":3},{"damage":5,"enemies":"downfall:FleeingMerchant","floor":4,"turns":4},{"damage":2,"enemies":"Jaw Worm","floor":5,"turns":3},{"damage":1,"enemies":"Gremlin Nob","floor":8,"turns":3},{"damage":25,"enemies":"Lagavulin","floor":10,"turns":7},{"damage":0,"enemies":"Small Slimes","floor":12,"turns":1},{"damage":9,"enemies":"downfall:FleeingMerchant","floor":14,"turns":4},{"damage":3,"enemies":"Red Slaver","floor":15,"turns":2},{"damage":38,"enemies":"IC_STATUS_ARCHETYPE","floor":16,"turns":8},{"damage":12,"enemies":"Gensokyo:AngelMirror","floor":19,"turns":2},{"damage":12,"enemies":"Gensokyo:3_Dogs","floor":20,"turns":5},{"damage":13,"enemies":"Gensokyo:Slime_Group","floor":22,"turns":4},{"damage":0,"enemies":"Gensokyo:3_Gloops","floor":23,"turns":4},{"damage":6,"enemies":"Gensokyo:Swordslinger","floor":25,"turns":3},{"damage":0,"enemies":"Gensokyo:Chomper_and_Gloop","floor":26,"turns":3},{"damage":25,"enemies":"Gensokyo:3_Gloops","floor":27,"turns":5},{"damage":0,"enemies":"downfall:FleeingMerchant","floor":29,"turns":4},{"damage":3,"enemies":"Gensokyo:Koishi","floor":30,"turns":5},{"damage":1,"enemies":"Gensokyo:Wraith","floor":32,"turns":5},{"damage":10,"enemies":"SI_MIRROR_ARCHETYPE","floor":33,"turns":16},{"damage":0,"enemies":"Gensokyo:3_Bats","floor":36,"turns":4},{"damage":0,"enemies":"Gensokyo:AncientGuardian","floor":37,"turns":5},{"damage":0,"enemies":"downfall:FleeingMerchant","floor":38,"turns":4},{"damage":0,"enemies":"Gensokyo:SeedOfUnknown","floor":40,"turns":6},{"damage":15,"enemies":"Gensokyo:Kasen","floor":43,"turns":8},{"damage":16,"enemies":"Gensokyo:Rafflesia","floor":44,"turns":7},{"damage":1,"enemies":"Gensokyo:Sharpion","floor":45,"turns":6},{"damage":0,"enemies":"Gensokyo:3_Boulders","floor":48,"turns":7},{"damage":0,"enemies":"Gensokyo:AtlasGolem","floor":49,"turns":6},{"damage":24,"enemies":"DF_ARCHETYPE_ORBS","floor":50,"turns":18},{"damage":14,"enemies":"downfall:CharBossMerchant","floor":52,"turns":13},{"damage":33,"enemies":"downfall:NeowBoss","floor":55,"turns":40},{"damage":120,"enemies":"downfall:NeowBossFinal","floor":56,"turns":19}],"seed_played":"-2099094420504107982","potions_obtained":[{"floor":3,"key":"bronze:CleanCodePotion"},{"floor":5,"key":"Swift Potion"},{"floor":8,"key":"LiquidMemories"},{"floor":15,"key":"AttackPotion"},{"floor":27,"key":"CultistPotion"},{"floor":30,"key":"Explosive Potion"},{"floor":32,"key":"SkillPotion"},{"floor":33,"key":"DistilledChaos"},{"floor":34,"key":"Dexterity Potion"},{"floor":37,"key":"champ:CounterPotion"},{"floor":49,"key":"bronze:BurnAndBuffPotion"}],"is_trial":false,"path_per_floor":["R","$","M","$","M","?","T","E","R","E","R","M","R","$","M","B",null,"R","M","M","?","M","M","T","M","M","M","R","$","E","?","M","B",null,"R","M","M","$","?","M","T","T","E","M","M","R","$","M","M","B",null,"E","$","R","B","B",null],"character_chosen":"THE_AUTOMATON","items_purchased":["bronze:Optimize","Pantograph","bronze:Shell","bronze:DelayedSlice","bronze:Repulsor","LiquidBronze"],"campfire_rested":0,"item_purchase_floors":[29,38,38,38,47,53],"current_hp_per_floor":[77,77,77,72,70,70,70,69,69,50,50,52,52,43,42,4,83,83,73,61,95,84,84,84,80,80,55,55,57,63,63,64,56,119,119,121,123,125,125,127,127,127,114,98,99,121,136,138,140,121,145,143,157,157,124,35],"gold":44,"neow_bonus":"TEN_PERCENT_HP_BONUS","is_daily":false,"chose_seed":false,"campfire_upgraded":8,"win_rate":0.0,"timestamp":1614275251,"path_taken":["R","?","M","?","?","?","T","E","R","E","R","M","R","$","M","BOSS","R","?","M","?","M","M","T","M","M","M","R","?","E","?","M","BOSS","R","M","M","?","?","M","T","?","E","M","?","R","$","M","M","BOSS","E","$","R","BOSS","BOSS"],"items_purchased_type":["Card","Relic","Card","Card","Card","Potion"],"build_version":"2020-12-22","purchased_purges":2,"victory":true,"max_hp_per_floor":[77,77,77,77,77,77,77,77,77,79,79,81,81,81,83,83,83,83,85,85,95,97,97,97,99,99,99,99,101,110,110,112,114,119,119,121,123,125,125,127,127,127,129,129,131,141,141,143,145,145,145,157,157,157,157,157],"card_choices":[{"not_picked":["bronze:CloningBeam","bronze:WhirlingStrike"],"picked":"bronze:FineTuning","floor":2},{"not_picked":["bronze:Deprecate","bronze:Overheat"],"picked":"bronze:CutThrough","floor":3},{"not_picked":["bronze:WhirlingStrike","bronze:Deprecate"],"picked":"bronze:FollowUp","floor":4},{"not_picked":["bronze:FineTuning","bronze:Iterate"],"picked":"bronze:AlphaBuild","floor":5},{"not_picked":["bronze:CutThrough","bronze:Shield"],"picked":"bronze:FineTuning","floor":8},{"not_picked":["bronze:DarkDash","bronze:Invalidate","bronze:Turbo"],"picked":"Singing Bowl","floor":10},{"not_picked":["bronze:Overheat","bronze:Safeguard","bronze:WhirlingStrike"],"picked":"Singing Bowl","floor":12},{"not_picked":["bronze:MaxOutput","bronze:DelayedSlice"],"picked":"bronze:Fortify","floor":14},{"not_picked":["bronze:WildBeam","bronze:FineTuning","bronze:Philosophize"],"picked":"Singing Bowl","floor":15},{"not_picked":["bronze:Virus","bronze:HardenedForm"],"picked":"bronze:Format","floor":16},{"not_picked":["bronze:DelayedGuard","bronze:WildBeam","bronze:BitShift"],"picked":"Singing Bowl","floor":19},{"not_picked":["bronze:Philosophize","bronze:Turbo"],"picked":"bronze:Format","floor":20},{"not_picked":["bronze:OilSpill","bronze:FineTuning","bronze:Invalidate"],"picked":"Singing Bowl","floor":22},{"not_picked":["bronze:CutThrough","bronze:DigitalCarnage+1"],"picked":"bronze:DelayedGuard+1","floor":23},{"not_picked":["bronze:OilSpill","bronze:GetLatest","bronze:CutThrough"],"picked":"Singing Bowl","floor":25},{"not_picked":["bronze:ShipIt","bronze:Safeguard"],"picked":"bronze:DelayedGuard","floor":26},{"not_picked":["bronze:Allocate","bronze:NullPointer"],"picked":"bronze:ChildClass","floor":27},{"not_picked":["bronze:BugBarrage","bronze:Iterate","bronze:WhirlingStrike"],"picked":"Singing Bowl","floor":29},{"not_picked":["bronze:CloningBeam","bronze:NullPointer","bronze:Safeguard"],"picked":"Singing Bowl","floor":30},{"not_picked":["bronze:Deprecate","bronze:WildBeam","bronze:BuggyMess"],"picked":"Singing Bowl","floor":32},{"not_picked":["bronze:HyperBeam","bronze:Assembly","bronze:FindAndReplace"],"picked":"Singing Bowl","floor":33},{"not_picked":["bronze:Overheat","bronze:CutThrough"],"picked":"bronze:Shell+1","floor":34},{"not_picked":["bronze:BronzeArmor","bronze:Iterate","bronze:CutThrough+1"],"picked":"Singing Bowl","floor":36},{"not_picked":["bronze:DarkDash+1","bronze:FineTuning","bronze:Shield+1"],"picked":"Singing Bowl","floor":37},{"not_picked":["bronze:Flail+1","bronze:ChildClass","bronze:BugBarrage"],"picked":"Singing Bowl","floor":38},{"not_picked":["bronze:CutThrough","bronze:Iterate+1","bronze:NullPointer+1"],"picked":"Singing Bowl","floor":40},{"not_picked":["bronze:FindAndReplace","bronze:DelayedSlice","bronze:CutThrough"],"picked":"Singing Bowl","floor":43},{"not_picked":["bronze:CloningBeam","bronze:Turbo"],"picked":"bronze:FineTuning","floor":44},{"not_picked":["bronze:Flail+1","bronze:Repair","bronze:Shell"],"picked":"Singing Bowl","floor":45},{"not_picked":["bronze:ItsAFeature","bronze:Turbo","bronze:Repair"],"picked":"Singing Bowl","floor":48},{"not_picked":["bronze:Flail+1","bronze:Deprecate","bronze:BugBarrage"],"picked":"Singing Bowl","floor":49},{"not_picked":["bronze:DigitalCarnage","bronze:Deprecate","bronze:ClassDefault"],"picked":"Singing Bowl","floor":52}],"player_experience":1274447,"relics_obtained":[{"floor":7,"key":"Singing Bowl"},{"floor":8,"key":"Omamori"},{"floor":10,"key":"Gremlin Horn"},{"floor":24,"key":"Sundial"},{"floor":30,"key":"Strawberry"},{"floor":42,"key":"MealTicket"},{"floor":43,"key":"Eternal Feather"},{"floor":52,"key":"Pear"}],"event_choices":[],"is_beta":false,"boss_relics":[{"not_picked":["Fusion Hammer","SacredBark"],"picked":"Empty Cage"},{"not_picked":["Coffee Dripper","bronze:MakeshiftBattery"],"picked":"Tiny House"}],"items_purged_floors":[2,38],"is_endless":false,"potions_floor_spawned":[3,5,8,15,27,30,32,33,37,43,48,49],"ascension_level":0}}