{"host":"a1eatafr7pisesky","time":1614263744,"event":{"mods":["AchievementEnabler","BaseMod","Colored Map","Keyboard Shortcuts","Minty Spire (QoL Compilation)","Say the Spire","StSLib","SuperFastMode","everything is the same but u backflip on backflip"],"gold_per_floor":[13,31,47,57,57,7,42,42,42,89,89,117,117,42,54,54,54,54],"floor_reached":17,"language":"KOR","playtime":213,"items_purged":["Strike_B"],"score":213,"play_id":"85be6653-13df-45cb-ba9f-3f6f82805580","local_time":"20210225233544","is_ascension_mode":true,"campfire_choices":[{"floor":9,"key":"REST"},{"data":"Dualcast","floor":11,"key":"SMITH"},{"data":"Electrodynamics","floor":13,"key":"SMITH"},{"data":"Go for the Eyes","floor":16,"key":"SMITH"}],"circlet_count":0,"master_deck":["AscendersBane","Strike_B","Strike_B","Defend_B","Defend_B","Defend_B","Zap","Dualcast+1","Sweeping Beam+1","Cold Snap","Doom and Gloom","Glacier+1","Cold Snap","Electrodynamics+1","Cold Snap","Go for the Eyes+1"],"relics":["Cracked Core","Bottled Flame","Orichalcum","Anchor"],"acts_visited":["Exordium"],"potions_floor_usage":[4,7,17],"damage_taken":[{"damage":1.0,"enemies":"Cultist","floor":1.0,"turns":3.0},{"damage":2.0,"enemies":"2 Louse","floor":2.0,"turns":2.0},{"damage":10,"enemies":"Jaw Worm","floor":3,"turns":3},{"damage":4,"enemies":"Exordium Thugs","floor":4,"turns":3},{"damage":13,"enemies":"Gremlin Nob","floor":7,"turns":4},{"damage":14,"enemies":"Lagavulin","floor":12,"turns":5},{"damage":0,"enemies":"3 Louse","floor":15,"turns":1},{"damage":24,"enemies":"Slime Boss","floor":17,"turns":3}],"seed_played":"-8737744611011864662","potions_obtained":[{"floor":2,"key":"Weak Potion"},{"floor":3,"key":"SkillPotion"},{"floor":12,"key":"ColorlessPotion"}],"is_trial":false,"path_per_floor":["M","M","M","M","?","$","E","?","R","T","R","E","R","$","M","R","B"],"character_chosen":"DEFECT","items_purchased":["Cold Snap"],"campfire_rested":1,"item_purchase_floors":[6],"current_hp_per_floor":[63,61,51,47,47,47,34,13,34,34,34,20,20,20,20,20,0,0],"gold":54,"neow_bonus":"REMOVE_TWO","is_daily":false,"chose_seed":false,"campfire_upgraded":3,"win_rate":0.0,"timestamp":1614263744,"path_taken":["M","?","M","?","?","$","E","?","R","T","R","E","R","$","M","R","BOSS"],"items_purchased_type":["Card"],"build_version":"2020-12-22","purchased_purges":1,"victory":false,"max_hp_per_floor":[71,71,71,71,71,71,71,71,71,71,71,71,71,71,71,71,71,71],"card_choices":[{"not_picked":["Reinforced Body","Compile Driver"],"picked":"Sweeping Beam","floor":1.0},{"not_picked":["Hologram","Barrage"],"picked":"Cold Snap","floor":2},{"not_picked":["Cold Snap","Go for the Eyes"],"picked":"Doom and Gloom","floor":3},{"not_picked":["Hello World","BootSequence"],"picked":"Glacier","floor":4},{"not_picked":["Streamline","Coolheaded"],"picked":"Electrodynamics","floor":7},{"not_picked":["Beam Cell","Ball Lightning"],"picked":"Cold Snap","floor":12},{"not_picked":["Barrage","Doom and Gloom"],"picked":"Go for the Eyes","floor":15}],"player_experience":495801,"relics_obtained":[{"floor":7,"key":"Bottled Flame"},{"floor":10,"key":"Orichalcum"},{"floor":12,"key":"Anchor"}],"event_choices":[{"damage_healed":0,"gold_gain":0,"player_choice":"Entered Light","damage_taken":21,"max_hp_gain":0,"max_hp_loss":0,"event_name":"Shining Light","floor":8,"gold_loss":0,"cards_upgraded":["Glacier","Sweeping Beam"]}],"is_beta":false,"boss_relics":[],"items_purged_floors":[14],"is_endless":false,"potions_floor_spawned":[2,3,12],"killed_by":"Slime Boss","ascension_level":17}}