{"host":"insagfzijja1377g","time":1614275149,"event":{"mods":["BaseMod","Bestiary","Highlight Path","Minty Spire (QoL Compilation)","Relic Stats","Slay the Relics Exporter"],"gold_per_floor":[119,135,148,167,242,270,270,301,324,342,361,361,394,411,411,483,483,500,575,591,223,223,223,258,297,322,322,381,381,381,381,381,406,406],"floor_reached":33,"language":"ENG","playtime":1693,"items_purged":[],"score":586,"play_id":"859ad636-6245-4cb9-b5ce-9ebfff9c8e32","local_time":"20210225114549","is_ascension_mode":true,"campfire_choices":[{"data":"Eruption","floor":7,"key":"SMITH"},{"floor":15,"key":"REST"},{"floor":23,"key":"REST"},{"data":"MentalFortress","floor":29,"key":"SMITH"},{"data":"Scrawl","floor":32,"key":"SMITH"}],"circlet_count":0,"master_deck":["AscendersBane","Strike_P","Strike_P","Strike_P","Strike_P","Defend_P","Defend_P","Defend_P","Defend_P","Eruption+1","Vigilance","Consecrate","CutThroughFate","EmptyFist","FollowUp","Indignation","BowlingBash+1","FearNoEvil","Scrawl+1","DeceiveReality","Wish","CutThroughFate","FearNoEvil","MentalFortress+1","Indignation","CutThroughFate","TalkToTheHand+1"],"relics":["HolyWater","Omamori","Regal Pillow","Bag of Preparation","Blood Vial","PreservedInsect","TheAbacus","Enchiridion","Juzu Bracelet","Molten Egg 2","StoneCalendar"],"acts_visited":["Exordium","TheCity"],"potions_floor_usage":[0,1,6,8,13,24,25,27,28,33,33],"damage_taken":[{"damage":0,"enemies":"Cultist","floor":1,"turns":3},{"damage":0,"enemies":"Small Slimes","floor":2,"turns":2},{"damage":2,"enemies":"2 Louse","floor":3,"turns":2},{"damage":6,"enemies":"Looter","floor":4,"turns":3},{"damage":20,"enemies":"3 Sentries","floor":6,"turns":6},{"damage":16,"enemies":"Gremlin Nob","floor":8,"turns":3},{"damage":0,"enemies":"Red Slaver","floor":10,"turns":1},{"damage":0,"enemies":"3 Louse","floor":11,"turns":2},{"damage":0,"enemies":"Lagavulin","floor":13,"turns":3},{"damage":0,"enemies":"Gremlin Gang","floor":14,"turns":1},{"damage":52,"enemies":"The Guardian","floor":16,"turns":14},{"damage":0,"enemies":"3 Byrds","floor":18,"turns":7},{"damage":0,"enemies":"Spheric Guardian","floor":20,"turns":3},{"damage":16,"enemies":"Book of Stabbing","floor":24,"turns":2},{"damage":0,"enemies":"Centurion and Healer","floor":25,"turns":4},{"damage":0,"enemies":"Gremlin Leader","floor":28,"turns":3},{"damage":83,"enemies":"Automaton","floor":33,"turns":8}],"seed_played":"8425608328593191288","potions_obtained":[{"floor":0,"key":"Fruit Juice"},{"floor":0,"key":"EntropicBrew"},{"floor":0,"key":"Block Potion"},{"floor":2,"key":"SpeedPotion"},{"floor":3,"key":"Strength Potion"},{"floor":8,"key":"FearPotion"},{"floor":14,"key":"FearPotion"},{"floor":27,"key":"Fruit Juice"},{"floor":27,"key":"Block Potion"},{"floor":27,"key":"SneckoOil"},{"floor":28,"key":"PowerPotion"}],"is_trial":false,"path_per_floor":["M","M","M","M","?","E","R","E","T","M","M","?","E","M","R","B",null,"M","?","M","$","?","R","E","M","T","?","E","R","?","?","R","B"],"character_chosen":"WATCHER","items_purchased":["PreservedInsect","MentalFortress","TheAbacus"],"campfire_rested":2,"item_purchase_floors":[21,21,21],"current_hp_per_floor":[70,70,68,62,51,31,31,15,15,15,15,15,15,17,55,5,59,61,54,56,56,40,77,61,63,63,68,70,70,70,70,70,0,0],"gold":406,"neow_bonus":"THREE_SMALL_POTIONS","is_daily":false,"chose_seed":false,"campfire_upgraded":3,"win_rate":0.0,"timestamp":1614275149,"path_taken":["M","M","M","?","?","E","R","E","T","M","M","?","E","M","R","BOSS","M","?","?","?","?","R","E","M","T","?","E","R","?","?","R","BOSS"],"items_purchased_type":["Relic","Card","Relic"],"build_version":"2020-12-22","purchased_purges":0,"victory":false,"max_hp_per_floor":[77,77,77,77,77,77,77,77,77,77,77,77,77,77,77,77,77,77,77,77,77,77,77,77,77,77,82,82,82,82,82,82,82,82],"relic_stats":{"Blood Vial":14,"Regal Pillow":29,"TheAbacus":[30],"counters":[17,67],"StoneCalendar":[52],"PreservedInsect":90,"Bag of Preparation":[18],"Juzu Bracelet":1,"obtain_stats":[{"Blood Vial":13,"Regal Pillow":8,"TheAbacus":21,"HolyWater":17,"Enchiridion":22,"Molten Egg 2":28,"StoneCalendar":30,"PreservedInsect":21,"Omamori":6,"Bag of Preparation":9,"Juzu Bracelet":24,"PureWater":0},{"Blood Vial":9,"Regal Pillow":6,"TheAbacus":13,"HolyWater":11,"Enchiridion":13,"Molten Egg 2":16,"StoneCalendar":16,"PreservedInsect":13,"Omamori":5,"Bag of Preparation":6,"Juzu Bracelet":14,"PureWater":0},{"Blood Vial":25,"Regal Pillow":19,"TheAbacus":50,"HolyWater":40,"Enchiridion":50,"Molten Egg 2":59,"StoneCalendar":59,"PreservedInsect":50,"Omamori":16,"Bag of Preparation":19,"Juzu Bracelet":52,"PureWater":0}]},"card_choices":[{"not_picked":["Prostrate","Crescendo"],"picked":"Consecrate","floor":1},{"not_picked":["CrushJoints","FollowUp"],"picked":"CutThroughFate","floor":2},{"not_picked":["EmptyBody","ThirdEye"],"picked":"EmptyFist","floor":3},{"not_picked":["BattleHymn","Consecrate","Fasting2"],"picked":"SKIP","floor":4},{"not_picked":["Consecrate","Judgement"],"picked":"FollowUp","floor":6},{"not_picked":["BowlingBash","WindmillStrike"],"picked":"Indignation","floor":8},{"not_picked":["EmptyBody","Fasting2"],"picked":"BowlingBash","floor":10},{"not_picked":["DeceiveReality","SashWhip"],"picked":"FearNoEvil","floor":11},{"not_picked":["Consecrate","EmptyBody"],"picked":"Scrawl","floor":13},{"not_picked":["Indignation","Worship"],"picked":"DeceiveReality","floor":14},{"not_picked":["Judgement","MasterReality"],"picked":"Wish","floor":16},{"not_picked":["Perseverance","EmptyFist"],"picked":"CutThroughFate","floor":18},{"not_picked":["Swivel","ForeignInfluence"],"picked":"FearNoEvil","floor":20},{"not_picked":["CarveReality","Weave"],"picked":"Indignation","floor":24},{"not_picked":["Protect","FearNoEvil"],"picked":"CutThroughFate","floor":25},{"not_picked":["EmptyFist+1","WheelKick+1"],"picked":"TalkToTheHand+1","floor":28}],"player_experience":2240192,"relics_obtained":[{"floor":6,"key":"Omamori"},{"floor":8,"key":"Regal Pillow"},{"floor":9,"key":"Bag of Preparation"},{"floor":13,"key":"Blood Vial"},{"floor":22,"key":"Enchiridion"},{"floor":24,"key":"Juzu Bracelet"},{"floor":28,"key":"Molten Egg 2"}],"event_choices":[{"damage_healed":0,"gold_gain":75,"player_choice":"Gather Gold","damage_taken":11,"max_hp_gain":0,"max_hp_loss":0,"event_name":"World of Goop","floor":5,"gold_loss":0},{"damage_healed":0,"gold_gain":0,"player_choice":"Searched \u00270\u0027 times","damage_taken":0,"max_hp_gain":0,"max_hp_loss":0,"event_name":"Dead Adventurer","floor":12,"gold_loss":0},{"damage_healed":0,"gold_gain":75,"player_choice":"Touch","damage_taken":7,"max_hp_gain":0,"max_hp_loss":0,"event_name":"FaceTrader","floor":19,"gold_loss":0},{"damage_healed":0,"gold_gain":0,"player_choice":"Obtained Book","damage_taken":16,"max_hp_gain":0,"max_hp_loss":0,"event_name":"Cursed Tome","floor":22,"gold_loss":0},{"damage_healed":0,"gold_gain":0,"player_choice":"Got Potions","damage_taken":0,"max_hp_gain":0,"max_hp_loss":0,"event_name":"Lab","floor":27,"gold_loss":0},{"damage_healed":0,"gold_gain":0,"player_choice":"Opened","damage_taken":0,"relics_obtained":["StoneCalendar"],"max_hp_gain":0,"max_hp_loss":0,"event_name":"The Mausoleum","floor":30,"gold_loss":0},{"damage_healed":0,"gold_gain":0,"player_choice":"Upgraded","damage_taken":0,"max_hp_gain":0,"max_hp_loss":0,"event_name":"Upgrade Shrine","floor":31,"gold_loss":0,"cards_upgraded":["BowlingBash"]}],"is_beta":false,"boss_relics":[{"not_picked":["SlaversCollar","Ectoplasm"],"picked":"HolyWater"}],"items_purged_floors":[],"is_endless":false,"potions_floor_spawned":[2,3,8,14,16,20,28],"killed_by":"Automaton","ascension_level":13}}