{"host":"ukx402utdi8v8522","time":1614240640,"event":{"mods":["AchievementEnabler","BaseMod","Colored Map","Colored Powertips","Downfall","Minty Spire (QoL Compilation)","StSLib"],"gold_per_floor":[0,13,163,163,163,175,175,175,175,175],"floor_reached":8,"language":"ENG","playtime":267,"items_purged":[],"score":53,"play_id":"a75c2d2f-0d6b-401c-a400-a4cc6370a84e","local_time":"20210225191040","is_ascension_mode":true,"campfire_choices":[{"floor":1,"key":"RECALL"}],"circlet_count":0,"master_deck":["Guardian:Strike_Guardian","Guardian:Strike_Guardian","Guardian:Strike_Guardian","Guardian:Strike_Guardian","Guardian:Defend_Guardian","Guardian:Defend_Guardian","Guardian:Defend_Guardian","Guardian:Defend_Guardian","Guardian:CurlUp","Guardian:TwinSlam","Chrysalis","Guardian:Recover","downfall:Icky","Guardian:PiercingHide"],"relics":["Guardian:ModeShifter","InkBottle","Mummified Hand","Molten Egg 2"],"acts_visited":["Exordium"],"potions_floor_usage":[],"damage_taken":[{"damage":12,"enemies":"2 Louse","floor":2,"turns":2},{"damage":2,"enemies":"Jaw Worm","floor":6,"turns":5},{"damage":5,"enemies":"Gremlin Nob","floor":8,"turns":5}],"seed_played":"6436871756057548607","potions_obtained":[],"is_trial":false,"path_per_floor":["R","M","?","?","T","M","T","E"],"character_chosen":"GUARDIAN","items_purchased":[],"campfire_rested":0,"item_purchase_floors":[],"current_hp_per_floor":[80,68,68,56,56,54,54,49,49,49],"gold":175,"neow_bonus":"RANDOM_COLORLESS_2","is_daily":false,"chose_seed":false,"campfire_upgraded":0,"win_rate":0.0,"timestamp":1614240640,"path_taken":["R","M","?","?","?","M","T","E"],"items_purchased_type":[],"build_version":"2020-12-22","purchased_purges":0,"victory":false,"max_hp_per_floor":[80,80,80,80,80,80,80,80,80,80],"card_choices":[{"not_picked":["Thinking Ahead","Mayhem"],"picked":"Chrysalis","floor":0},{"not_picked":["Guardian:PrismaticBeam","Guardian:Emergency"],"picked":"Guardian:Recover","floor":2},{"not_picked":["Guardian:ShieldCharger","Guardian:Suspension"],"picked":"Guardian:PiercingHide","floor":6}],"player_experience":533886,"relics_obtained":[{"floor":5,"key":"Mummified Hand"},{"floor":7,"key":"Molten Egg 2"}],"event_choices":[{"damage_healed":0,"gold_gain":0,"player_choice":"Success","damage_taken":12,"relics_obtained":["InkBottle"],"max_hp_gain":0,"max_hp_loss":0,"event_name":"Scrap Ooze","floor":4,"gold_loss":0}],"is_beta":false,"boss_relics":[],"items_purged_floors":[],"is_endless":false,"potions_floor_spawned":[],"killed_by":"Gremlin Nob","ascension_level":4}}