{"host":"sim2kxx81cjsn49b","time":1614273704,"event":{"mods":["ATMod(阿瑾Mod)","BaseMod","Minty Spire (QoL Compilation)","Reliquary","RumiaBox-露米娅的神秘盒子","StSLib","TestMod","Waifu the Spire","【功能Mod】混沌之环修复补丁"],"gold_per_floor":[114,189,201,215,64,64,64,64,64],"floor_reached":8,"language":"ZHS","playtime":130,"items_purged":["Strike_B"],"score":92,"play_id":"59b91445-46da-4d7d-bce6-b805f6c5ebdd","local_time":"20210226012144","is_ascension_mode":true,"campfire_choices":[{"data":"Genetic Algorithm","floor":6,"key":"SMITH"}],"circlet_count":0,"master_deck":["AscendersBane","Strike_B","Strike_B","Strike_B","Defend_B","Defend_B","Defend_B","Defend_B","Zap","Dualcast","AT_EssenceShift","Genetic Algorithm+1","AT_DarkMatter","AT_ThreeBodyProblem"],"relics":["Cracked Core","testmod-TestBox","AT_ATBox","testmod-Fanaticism","NeowsBlessing","AddBug","SecretRecord"],"acts_visited":["Exordium"],"potions_floor_usage":[],"damage_taken":[{"damage":0,"enemies":"Small Slimes","floor":1,"turns":2},{"damage":0,"enemies":"Jaw Worm","floor":3,"turns":1},{"damage":0,"enemies":"Cultist","floor":4,"turns":1},{"damage":49,"enemies":"Gremlin Nob","floor":8,"turns":3}],"seed_played":"1305214429658800618","potions_obtained":[],"is_trial":false,"path_per_floor":["M","?","M","M","$","R","?","E"],"character_chosen":"DEFECT","items_purchased":["AT_ThreeBodyProblem"],"campfire_rested":0,"item_purchase_floors":[5],"current_hp_per_floor":[64,53,53,53,53,53,48,0,0],"gold":64,"neow_bonus":"THREE_ENEMY_KILL","is_daily":false,"chose_seed":false,"campfire_upgraded":1,"win_rate":0.0,"timestamp":1614273704,"path_taken":["M","?","M","M","$","R","?","E"],"items_purchased_type":["Card"],"build_version":"2020-12-22","purchased_purges":1,"victory":false,"max_hp_per_floor":[71,71,71,71,71,71,71,71,71],"card_choices":[{"not_picked":["Cold Snap","AT_HeatAcrobatics","Stack"],"picked":"SKIP","floor":1},{"not_picked":["Go for the Eyes","Creative AI"],"picked":"Genetic Algorithm","floor":3},{"not_picked":["Leap","AT_HeatAcrobatics"],"picked":"AT_DarkMatter","floor":4}],"player_experience":647743,"relics_obtained":[{"floor":1,"key":"AddBug"}],"event_choices":[{"damage_healed":0,"gold_gain":75,"player_choice":"Gather Gold","damage_taken":11,"max_hp_gain":0,"max_hp_loss":0,"event_name":"World of Goop","floor":2,"gold_loss":0},{"damage_healed":0,"gold_gain":0,"player_choice":"Success","damage_taken":5,"relics_obtained":["Happy Flower"],"max_hp_gain":0,"max_hp_loss":0,"event_name":"Scrap Ooze","floor":7,"gold_loss":0}],"is_beta":false,"boss_relics":[],"items_purged_floors":[5],"is_endless":false,"potions_floor_spawned":[],"killed_by":"Gremlin Nob","ascension_level":20}}