{"host":"p9xedk00duaz8l9n","time":1614273640,"event":{"mods":["BaseMod","Colored Map","DeckTracker","Highlight Path","Minty Spire (QoL Compilation)","Relic Stats","SuperFastMode"],"gold_per_floor":[112,127,137,137,137,137,177,177,177,213,236,252,283,45,45,143,143,168,188,45,45,59,59,59,59,105,105,20,52,66,96,96,96,96],"floor_reached":33,"language":"JPN","playtime":1075,"items_purged":["Strike_R","Strike_R"],"score":586,"play_id":"2e058145-9ba7-415f-add4-8d0da851c077","local_time":"20210226022040","is_ascension_mode":true,"campfire_choices":[{"data":"Sever Soul","floor":6,"key":"SMITH"},{"floor":8,"key":"REST"},{"floor":15,"key":"REST"},{"data":"Fiend Fire","floor":23,"key":"SMITH"},{"data":"Disarm","floor":25,"key":"SMITH"},{"floor":32,"key":"REST"}],"circlet_count":0,"master_deck":["AscendersBane","Strike_R","Strike_R","Strike_R","Defend_R","Defend_R","Defend_R","Defend_R","Bash","Sever Soul+1","Anger","Shrug It Off","Ghostly Armor","Twin Strike","Metallicize","Disarm+1","Fiend Fire+1","Battle Trance","Shockwave+1","Ghostly","Ghostly","Ghostly","Inflame"],"relics":["Burning Blood","Bloody Idol","InkBottle","Mercury Hourglass","Darkstone Periapt","Regal Pillow","Odd Mushroom","Velvet Choker","Vajra","StoneCalendar","PreservedInsect"],"acts_visited":["Exordium","TheCity"],"potions_floor_usage":[3,7,10,16,22,29,29],"damage_taken":[{"damage":5,"enemies":"2 Louse","floor":1,"turns":3},{"damage":31,"enemies":"Small Slimes","floor":2,"turns":5},{"damage":1,"enemies":"Cultist","floor":3,"turns":3},{"damage":30,"enemies":"3 Sentries","floor":7,"turns":7},{"damage":30,"enemies":"Lagavulin","floor":10,"turns":6},{"damage":3,"enemies":"Looter","floor":11,"turns":3},{"damage":2,"enemies":"Large Slime","floor":12,"turns":5},{"damage":7,"enemies":"The Mushroom Lair","floor":13,"turns":3},{"damage":37,"enemies":"The Guardian","floor":16,"turns":12},{"damage":4,"enemies":"3 Byrds","floor":18,"turns":6},{"damage":14,"enemies":"Chosen","floor":19,"turns":5},{"damage":12,"enemies":"Snake Plant","floor":22,"turns":3},{"damage":6,"enemies":"Slavers","floor":29,"turns":5},{"damage":14,"enemies":"Snecko","floor":30,"turns":6},{"damage":31,"enemies":"Gremlin Leader","floor":31,"turns":4},{"damage":58,"enemies":"Champ","floor":33,"turns":10}],"seed_played":"-4331462805939866048","potions_obtained":[{"floor":0,"key":"CultistPotion"},{"floor":0,"key":"FearPotion"},{"floor":3,"key":"BloodPotion"},{"floor":7,"key":"SteroidPotion"},{"floor":10,"key":"Block Potion"},{"floor":16,"key":"Weak Potion"},{"floor":22,"key":"DuplicationPotion"}],"is_trial":false,"path_per_floor":["M","M","M","?","?","R","E","R","T","E","M","M","?","$","R","B",null,"M","M","$","?","M","R","$","R","T","?","$","E","M","E","R","B"],"character_chosen":"IRONCLAD","items_purchased":["DuplicationPotion","Disarm","Battle Trance","Inflame"],"campfire_rested":3,"item_purchase_floors":[14,14,20,28],"current_hp_per_floor":[69,44,64,38,38,38,14,36,36,12,15,19,18,18,55,24,62,64,56,56,56,55,55,55,55,60,37,37,37,34,14,37,0,0],"gold":96,"neow_bonus":"THREE_SMALL_POTIONS","is_daily":false,"chose_seed":false,"campfire_upgraded":3,"win_rate":0.0,"timestamp":1614273640,"path_taken":["M","M","M","?","?","R","E","R","T","E","?","M","?","$","R","BOSS","M","M","$","?","M","R","$","R","T","?","?","E","?","E","R","BOSS"],"items_purchased_type":["Potion","Card","Card","Card"],"build_version":"2020-12-22","purchased_purges":2,"victory":false,"max_hp_per_floor":[75,75,75,75,75,75,75,75,75,75,75,75,75,75,75,75,75,75,75,75,75,75,75,75,75,75,37,37,37,37,37,37,37,37],"relic_stats":{"Darkstone Periapt":0,"Regal Pillow":27,"counters":[16,84],"Bloody Idol":20,"StoneCalendar":[52],"PreservedInsect":0,"obtain_stats":[{"Darkstone Periapt":9,"Regal Pillow":10,"Golden Idol":4,"Bloody Idol":21,"Velvet Choker":17,"Vajra":26,"StoneCalendar":29,"PreservedInsect":31,"Odd Mushroom":13,"Burning Blood":0,"InkBottle":5,"Mercury Hourglass":7},{"Darkstone Periapt":4,"Regal Pillow":5,"Golden Idol":3,"Bloody Idol":11,"Velvet Choker":9,"Vajra":12,"StoneCalendar":13,"PreservedInsect":15,"Odd Mushroom":8,"Burning Blood":0,"InkBottle":3,"Mercury Hourglass":4},{"Darkstone Periapt":18,"Regal Pillow":23,"Golden Idol":11,"Bloody Idol":57,"Velvet Choker":46,"Vajra":60,"StoneCalendar":64,"PreservedInsect":74,"Odd Mushroom":34,"Burning Blood":0,"InkBottle":11,"Mercury Hourglass":18}],"Burning Blood":90,"InkBottle":[19],"Mercury Hourglass":[269]},"card_choices":[{"not_picked":["Dark Embrace","Body Slam"],"picked":"Sever Soul","floor":1},{"not_picked":["Second Wind","Whirlwind"],"picked":"Anger","floor":2},{"not_picked":["Disarm","True Grit"],"picked":"Wild Strike","floor":3},{"not_picked":["Body Slam","Brutality"],"picked":"Shrug It Off","floor":7},{"not_picked":["Infernal Blade","Anger"],"picked":"Ghostly Armor","floor":10},{"not_picked":["Cleave","Wild Strike"],"picked":"Twin Strike","floor":11},{"not_picked":["Evolve","Havoc","Sever Soul"],"picked":"SKIP","floor":12},{"not_picked":["Heavy Blade","Body Slam"],"picked":"Metallicize","floor":13},{"not_picked":["Berserk","Corruption"],"picked":"Fiend Fire","floor":16},{"not_picked":["Reckless Charge","Sever Soul","Anger"],"picked":"SKIP","floor":18},{"not_picked":["Ghostly Armor","Clash","Wild Strike"],"picked":"SKIP","floor":19},{"not_picked":["Clash","Metallicize"],"picked":"Shockwave+1","floor":22},{"not_picked":["Shockwave","Rage","Anger+1"],"picked":"SKIP","floor":29},{"not_picked":["Clash","Cleave","Rupture"],"picked":"SKIP","floor":30},{"not_picked":["Havoc","Dropkick","Warcry"],"picked":"SKIP","floor":31}],"player_experience":870968,"relics_obtained":[{"floor":7,"key":"Mercury Hourglass"},{"floor":9,"key":"Darkstone Periapt"},{"floor":10,"key":"Regal Pillow"},{"floor":13,"key":"Odd Mushroom"},{"floor":26,"key":"Vajra"},{"floor":29,"key":"StoneCalendar"},{"floor":31,"key":"PreservedInsect"}],"event_choices":[{"damage_healed":0,"gold_gain":0,"player_choice":"Take Damage","damage_taken":26,"relics_obtained":["Golden Idol"],"max_hp_gain":0,"max_hp_loss":0,"event_name":"Golden Idol","floor":4,"gold_loss":0},{"cards_removed":["Wild Strike"],"damage_healed":0,"gold_gain":0,"player_choice":"Gave Card","damage_taken":0,"relics_obtained":["InkBottle"],"max_hp_gain":0,"max_hp_loss":0,"event_name":"WeMeetAgain","floor":5,"gold_loss":0},{"damage_healed":0,"gold_gain":0,"player_choice":"Fought Mushrooms","damage_taken":0,"max_hp_gain":0,"max_hp_loss":0,"event_name":"Mushrooms","floor":13,"gold_loss":0},{"damage_healed":0,"gold_gain":0,"player_choice":"Gave Idol","damage_taken":0,"relics_obtained":["Bloody Idol"],"max_hp_gain":0,"max_hp_loss":0,"event_name":"Forgotten Altar","floor":21,"relics_lost":["Golden Idol"],"gold_loss":0},{"damage_healed":0,"gold_gain":0,"player_choice":"Became a Ghost","damage_taken":0,"max_hp_gain":0,"max_hp_loss":38,"event_name":"Ghosts","floor":27,"gold_loss":0,"cards_obtained":["Ghostly","Ghostly","Ghostly"]}],"is_beta":false,"boss_relics":[{"not_picked":["Black Blood","Sozu"],"picked":"Velvet Choker"}],"items_purged_floors":[14,20],"is_endless":false,"potions_floor_spawned":[2,3,7,10,16,18,22],"killed_by":"Champ","ascension_level":20}}