{"host":"p9fmk1zxjhqthrxg","time":1614214742,"event":{"mods":["BaseMod","Bestiary","Colored Map","Colored Powertips","Highlight Path","Minty Spire (QoL Compilation)","Random Character Button","Rare Cards Sparkle","StSLib"],"gold_per_floor":[115,43,43,43,60,133,146,146,173,173,204,224,224,242,242,338,338,351,371,371,396,414,430,430,430],"floor_reached":24,"language":"ENG","playtime":911,"items_purged":[],"score":198,"play_id":"5fdc2ea2-2d24-44e7-91d1-14a8901c51b4","local_time":"20210224185902","is_ascension_mode":false,"campfire_choices":[{"data":"Infinite Blades","floor":8,"key":"SMITH"},{"floor":10,"key":"REST"},{"data":"Choke","floor":15,"key":"SMITH"}],"circlet_count":0,"master_deck":["Strike_G","Strike_G","Strike_G","Strike_G+1","Defend_G+1","Defend_G","Defend_G","Defend_G","Defend_G","Survivor","Neutralize","Die Die Die","Cloak And Dagger","Outmaneuver","Quick Slash","Infinite Blades+1","Cloak And Dagger","Flying Knee","Escape Plan","Choke+1","Phantasmal Killer","Dagger Throw+1","Deadly Poison+1","Dash","Finisher"],"relics":["Ring of the Snake","Potion Belt","Tiny Chest","Bag of Preparation","Pocketwatch","Busted Crown","PreservedInsect"],"acts_visited":["Exordium","TheCity"],"potions_floor_usage":[24,24,24,24,24],"damage_taken":[{"damage":0,"enemies":"Cultist","floor":1,"turns":4},{"damage":0,"enemies":"2 Louse","floor":5,"turns":2},{"damage":1,"enemies":"Jaw Worm","floor":7,"turns":4},{"damage":24,"enemies":"Lagavulin","floor":11,"turns":9},{"damage":0,"enemies":"2 Fungi Beasts","floor":12,"turns":3},{"damage":0,"enemies":"Gremlin Gang","floor":14,"turns":3},{"damage":20,"enemies":"Slime Boss","floor":16,"turns":9},{"damage":12,"enemies":"Shell Parasite","floor":18,"turns":4},{"damage":0,"enemies":"Spheric Guardian","floor":19,"turns":2},{"damage":39,"enemies":"Centurion and Healer","floor":22,"turns":5},{"damage":11,"enemies":"Snake Plant","floor":23,"turns":2},{"damage":20,"enemies":"Snecko","floor":24,"turns":3}],"seed_played":"-475594974667929003","potions_obtained":[{"floor":14,"key":"SpeedPotion"},{"floor":16,"key":"Dexterity Potion"},{"floor":18,"key":"Energy Potion"},{"floor":19,"key":"Explosive Potion"},{"floor":23,"key":"CunningPotion"}],"is_trial":false,"path_per_floor":["M","$","?","?","M","?","M","R","T","R","E","M","T","M","R","B",null,"M","M","?","T","M","M","M"],"character_chosen":"THE_SILENT","items_purchased":["Outmaneuver","Quick Slash"],"campfire_rested":1,"item_purchase_floors":[2,2],"current_hp_per_floor":[70,70,56,49,49,49,48,48,48,69,45,45,45,45,45,25,70,58,58,70,70,31,20,0,0],"gold":430,"neow_bonus":"TRANSFORM_CARD","is_daily":false,"chose_seed":false,"campfire_upgraded":2,"win_rate":0.0,"timestamp":1614214742,"path_taken":["M","$","?","?","M","?","M","R","T","R","E","M","?","?","R","BOSS","M","M","?","?","M","M","M"],"items_purchased_type":["Card","Card"],"build_version":"2020-12-22","purchased_purges":0,"victory":false,"max_hp_per_floor":[70,70,70,70,70,70,70,70,70,70,70,70,70,70,70,70,70,70,70,70,70,70,70,70,70],"card_choices":[{"not_picked":["Deflect","Crippling Poison"],"picked":"Cloak And Dagger","floor":1},{"not_picked":["Catalyst","Riddle With Holes"],"picked":"Infinite Blades","floor":5},{"not_picked":["Well Laid Plans","Quick Slash"],"picked":"Cloak And Dagger","floor":7},{"not_picked":["Deadly Poison","Bane"],"picked":"Flying Knee","floor":11},{"not_picked":["Underhanded Strike","Quick Slash"],"picked":"Escape Plan","floor":12},{"not_picked":["Poisoned Stab","Storm of Steel"],"picked":"Choke","floor":14},{"not_picked":["Bullet Time","Envenom"],"picked":"Phantasmal Killer","floor":16},{"not_picked":[],"picked":"Dagger Throw+1","floor":18},{"not_picked":[],"picked":"Deadly Poison+1","floor":19},{"not_picked":[],"picked":"Dash","floor":22},{"not_picked":[],"picked":"Finisher","floor":23}],"player_experience":157474,"relics_obtained":[{"floor":9,"key":"Tiny Chest"},{"floor":11,"key":"Bag of Preparation"},{"floor":13,"key":"Pocketwatch"},{"floor":21,"key":"PreservedInsect"}],"event_choices":[{"damage_healed":0,"gold_gain":0,"player_choice":"Entered Light","damage_taken":14,"max_hp_gain":0,"max_hp_loss":0,"event_name":"Shining Light","floor":3,"gold_loss":0,"cards_upgraded":["Defend_G","Strike_G"]},{"damage_healed":0,"gold_gain":0,"player_choice":"Success","damage_taken":7,"relics_obtained":["Potion Belt"],"max_hp_gain":0,"max_hp_loss":0,"event_name":"Scrap Ooze","floor":4,"gold_loss":0},{"damage_healed":0,"gold_gain":73,"player_choice":"Gained Gold","damage_taken":0,"max_hp_gain":0,"max_hp_loss":0,"event_name":"Golden Wing","floor":6,"gold_loss":0},{"damage_healed":12,"gold_gain":0,"player_choice":"Full Heal","damage_taken":0,"max_hp_gain":0,"max_hp_loss":0,"event_name":"Wheel of Change","floor":20,"gold_loss":0}],"is_beta":false,"boss_relics":[{"not_picked":["Coffee Dripper","SacredBark"],"picked":"Busted Crown"}],"items_purged_floors":[],"is_endless":false,"potions_floor_spawned":[14,16,18,19,23],"killed_by":"Snecko","ascension_level":0}}