{"host":"3twtdwjpiqhvvn5s","time":1614212978,"event":{"mods":["AchievementEnabler","Act Like it!","Aspiration","BaseMod","BetterRewards","Colored Map","Colored Powertips","Downfall","Duelist Mod","Friendly Minions","GifTheSpireLib","Hermit","Hubris","Infinite Spire","Jorbs\u0027s Wanderer Trilogy","Koishi","KomeijiMod","Marisa????????","Minty Spire (QoL Compilation)","Quick Restart","Rare Cards Sparkle","Replay The Spire","Shop Mod","StSLib","Td1madao Mod","The Administrix","The Animator","The Bug Knight","The Caster","The Cursed","The Disciple","The Hierophant","The Necromancer","The Poker Player","The Runesmith","The Servant 0.9.4"],"gold_per_floor":[99,99,24,24,24,24,36,36,36,97,97,122,122,132,132,230,230,155,170,170,103,103,103,103,103,128,128,145,230,230,230,230,328,328,339,339,339,339,379,379,115,111,111,111,111,111,137,137,137,152],"floor_reached":51,"language":"ENG","playtime":6902,"items_purged":["PokerPlayerMod:TrumpStrike"],"score":629,"play_id":"59dcbf54-fc34-4fe1-8ef7-677cc34c1d32","local_time":"20210224182938","daily_mods":["Flight","downfall:Enraging"],"is_ascension_mode":false,"metric_token":2322,"campfire_choices":[{"data":"PokerPlayerMod:CardPrinter","floor":6.0,"key":"SMITH"},{"floor":8.0,"key":"REST"},{"data":"PokerPlayerMod:CardPrinter+1","floor":13.0,"key":"SMITH"},{"data":"PokerPlayerMod:CardPrinter+2","floor":15.0,"key":"SMITH"},{"data":"PokerPlayerMod:CardPrinter","floor":23.0,"key":"SMITH"},{"data":"PokerPlayerMod:CardPrinter+1","floor":27.0,"key":"SMITH"},{"floor":32.0,"key":"REST"},{"data":"PokerPlayerMod:CardPrinter+3","floor":40,"key":"SMITH"},{"data":"PokerPlayerMod:CardPrinter+3","floor":44,"key":"SMITH"},{"data":"PokerPlayerMod:CardPrinter+4","floor":46,"key":"SMITH"},{"data":"PokerPlayerMod:CardPrinter+4","floor":49,"key":"SMITH"}],"circlet_count":0,"master_deck":["PokerPlayerMod:Diamond1","PokerPlayerMod:Diamond2","PokerPlayerMod:Diamond3","PokerPlayerMod:Diamond4","PokerPlayerMod:Diamond5","PokerPlayerMod:Spade3","PokerPlayerMod:Spade3","PokerPlayerMod:Spade5","PokerPlayerMod:Club1","PokerPlayerMod:Club2","PokerPlayerMod:Heart2","PokerPlayerMod:Spade10+","PokerPlayerMod:CardPrinter+5","PokerPlayerMod:Spade8","PokerPlayerMod:Diamond4","PokerPlayerMod:Spade7","PokerPlayerMod:DamnStraight","PokerPlayerMod:Heart8","PokerPlayerMod:Diamond4","PokerPlayerMod:Diamond9","PokerPlayerMod:CardPrinter+5","infinitespire:NeuralNetwork","hermit:Determination+1","PokerPlayerMod:Spade7","PokerPlayerMod:Club7","PokerPlayerMod:SecretDealer","PokerPlayerMod:Diamond9","Defragment+1","Panache","Static Discharge","PokerPlayerMod:Spade6","Amnesia"],"relics":["PokerPlayerMod:DeckCase","Counterbalance","Meat on the Bone","infinitespire:Beetle Shell","Runesmith:AutoHammer","Honey Jar","MutagenicStrength","aspiration:DefectSkillbook","hubris:EmptyBottle","Boot","Ancient Tea Set","hubris:DisguiseKit","sneckomod:SneckoTalon","infinitespire:EvilPickle","hubris:Icosahedron","CatCart","MealTicket","Ring of Chaos","ReplayTheSpireMod:Ring of Challenge"],"acts_visited":["Exordium","TheCity","TheBeyond"],"potions_floor_usage":[35,35,42,42,47,47],"damage_taken":[{"damage":6.0,"enemies":"Small Slimes","floor":7.0,"turns":4.0},{"damage":0.0,"enemies":"Gremlin Nob","floor":10.0,"turns":6.0},{"damage":0.0,"enemies":"Replay:BlueRogue","floor":12.0,"turns":7.0},{"damage":0.0,"enemies":"Jaw Worm","floor":14.0,"turns":5.0},{"damage":41.0,"enemies":"Slime Boss","floor":16.0,"turns":10.0},{"damage":4.0,"enemies":"2 Thieves","floor":18.0,"turns":5.0},{"damage":0.0,"enemies":"3 Byrds","floor":19.0,"turns":6.0},{"damage":0.0,"enemies":"Sentry and Sphere","floor":28.0,"turns":4.0},{"damage":43,"enemies":"Pondfish","floor":33,"turns":9},{"damage":0,"enemies":"Orb Walker","floor":35,"turns":4},{"damage":7,"enemies":"3 Shapes","floor":39,"turns":4},{"damage":0,"enemies":"Orin","floor":42,"turns":5},{"damage":4,"enemies":"Writhing Mass","floor":47,"turns":3},{"damage":8,"enemies":"Replay:Hell Engine","floor":50,"turns":9}],"seed_played":"6021633620856994966","potions_obtained":[{"floor":7.0,"key":"Strength Potion"},{"floor":12.0,"key":"Strength Potion"},{"floor":16.0,"key":"LiquidBronze"},{"floor":33,"key":"ColorlessPotion"},{"floor":39,"key":"GamblersBrew"},{"floor":42,"key":"CultistPotion"}],"is_trial":true,"path_per_floor":["?","?","$","?","T","R","M","R","T","?","?","E","R","M","R","B",null,"M","M","?","$","?","R","AVR","?","T","R","M","?","T","?","R","B",null,"M","?","?","?","M","R","$","?","T","R","?","R","M","?","R","B",null],"character_chosen":"THE_POKER_PLAYER","items_purchased":["PokerPlayerMod:CardPrinter","Panache","Static Discharge"],"campfire_rested":2,"item_purchase_floors":[21,41,41],"current_hp_per_floor":[52,42,42,42,42,42,36,51,51,52,52,52,52,52,52,23,52,50,52,52,52,52,52,52,52,52,52,52,32,32,20,35,20,52,52,52,52,52,45,45,45,52,52,52,52,52,49,49,49,44],"gold":152,"neow_bonus":"","is_daily":false,"chose_seed":false,"campfire_upgraded":9,"win_rate":0.0,"timestamp":1614212978,"path_taken":["?","?","?","?","?","R","?","R","T","?","?","E","R","M","R","BOSS","M","M","?","$","?","R","AVR","?","T","R","?","?","?","?","R","BOSS","M","?","?","?","?","R","$","?","T","R","?","R","?","?","R","BOSS"],"items_purchased_type":["Card","Card","Card"],"build_version":"2020-12-22","purchased_purges":1,"victory":true,"max_hp_per_floor":[52,52,52,52,52,52,52,52,52,52,52,52,52,52,52,52,52,52,52,52,52,52,52,52,52,52,52,52,52,52,52,52,52,52,52,52,52,52,52,52,52,52,52,52,52,52,52,52,52,52],"card_choices":[{"not_picked":["PokerPlayerMod:Diamond1","PokerPlayerMod:Trickery"],"picked":"PokerPlayerMod:Spade8","floor":7.0},{"not_picked":["PokerPlayerMod:Diamond3","PokerPlayerMod:DiamondStrike"],"picked":"PokerPlayerMod:Diamond4","floor":10.0},{"not_picked":["PokerPlayerMod:Diamond6","PokerPlayerMod:HotShotCut"],"picked":"PokerPlayerMod:Spade7","floor":12.0},{"not_picked":["PokerPlayerMod:DiamondStrike","PokerPlayerMod:Spade2"],"picked":"PokerPlayerMod:DamnStraight","floor":14.0},{"not_picked":["PokerPlayerMod:Spade7","PokerPlayerMod:SecretDealer"],"picked":"PokerPlayerMod:Heart8","floor":16.0},{"not_picked":["PokerPlayerMod:CloakAndDiamond","PokerPlayerMod:Spade3","PokerPlayerMod:Diamond2"],"picked":"PokerPlayerMod:Diamond4","floor":18.0},{"not_picked":["PokerPlayerMod:Club2","PokerPlayerMod:Diamond1","PokerPlayerMod:Heart1"],"picked":"PokerPlayerMod:Diamond9","floor":19.0},{"not_picked":["PokerPlayerMod:Club1","PokerPlayerMod:Diamond2","PokerPlayerMod:ClubDance+1","PokerPlayerMod:Heart4"],"picked":"PokerPlayerMod:Spade7","floor":28.0},{"not_picked":["Panic Button+1","PokerPlayerMod:Extraction","Cold Snap+1","BasicCrystalCard"],"picked":"PokerPlayerMod:Club7","floor":29.0},{"not_picked":["aspiration:Polymerization+1","PokerPlayerMod:Diamond3","Hologram+1","Steam+1"],"picked":"PokerPlayerMod:SecretDealer","floor":29.0},{"not_picked":["infinitespire:DeathsTouch","hubris:Fate"],"picked":"infinitespire:SealOfDarkness+","floor":31.0},{"not_picked":["Amplify","PokerPlayerMod:Diamond8","PokerPlayerMod:RoyalStrike","Thunder Strike","PokerPlayerMod:Heart8"],"picked":"PokerPlayerMod:Diamond9","floor":33},{"not_picked":["PokerPlayerMod:Spade5","PokerPlayerMod:Configure","Darkness","PokerPlayerMod:Diamond2","PokerPlayerMod:Spade4"],"picked":"Defragment+1","floor":35},{"not_picked":["PokerPlayerMod:Club5","PokerPlayerMod:Spade1","PokerPlayerMod:Club4","PokerPlayerMod:Spade2","PokerPlayerMod:Trickery","sneckomod:SnekBeam"],"picked":"SKIP","floor":39},{"not_picked":["PokerPlayerMod:Club1","Stack","Consume","PokerPlayerMod:Diamond1","sneckomod:UnknownClassSp??"],"picked":"PokerPlayerMod:Spade6","floor":42},{"not_picked":["PokerPlayerMod:Heart5","PokerPlayerMod:Spade3","PokerPlayerMod:DartThrow","PokerPlayerMod:Diamond5","Compile Driver","PokerPlayerMod:Heart3"],"picked":"SKIP","floor":47}],"player_experience":3495731,"relics_obtained":[{"floor":5.0,"key":"Counterbalance"},{"floor":9.0,"key":"Meat on the Bone"},{"floor":10.0,"key":"infinitespire:Beetle Shell"},{"floor":12.0,"key":"Runesmith:AutoHammer"},{"floor":26.0,"key":"Boot"},{"floor":29.0,"key":"Ancient Tea Set"},{"floor":30.0,"key":"hubris:DisguiseKit"},{"floor":42,"key":"CatCart"},{"floor":43,"key":"MealTicket"},{"floor":48,"key":"Ring of Chaos"},{"floor":48,"key":"ReplayTheSpireMod:Ring of Challenge"}],"event_choices":[{"damage_healed":0.0,"max_hp_gain":0.0,"max_hp_loss":0.0,"gold_gain":0.0,"event_name":"Shining Light","player_choice":"Entered Light","floor":2.0,"gold_loss":0.0,"damage_taken":10.0,"cards_upgraded":["PokerPlayerMod:Spade3","PokerPlayerMod:Spade5"]},{"damage_healed":0.0,"max_hp_gain":0.0,"max_hp_loss":0.0,"gold_gain":30.0,"event_name":"Dead Adventurer","player_choice":"Searched \u00272\u0027 times","floor":10.0,"gold_loss":0.0,"damage_taken":0.0},{"damage_healed":0.0,"max_hp_gain":0.0,"max_hp_loss":0.0,"gold_gain":0.0,"event_name":"Drug Dealer","player_choice":"Inject Mutagens","floor":20.0,"gold_loss":0.0,"damage_taken":0.0,"relics_obtained":["MutagenicStrength"]},{"cards_removed":["PokerPlayerMod:Mulligan"],"damage_healed":0.0,"max_hp_gain":0.0,"max_hp_loss":0.0,"gold_gain":0.0,"event_name":"NoteForYourself","player_choice":"Took Card","floor":25.0,"gold_loss":0.0,"damage_taken":0.0,"cards_obtained":["hermit:Determination"]},{"damage_healed":0,"gold_gain":0,"player_choice":"Ignored","damage_taken":0,"max_hp_gain":0,"max_hp_loss":0,"event_name":"Tomb of Lord Red Mask","floor":36,"gold_loss":0},{"damage_healed":0,"gold_gain":0,"player_choice":"Forge","damage_taken":0,"max_hp_gain":0,"max_hp_loss":0,"event_name":"Accursed Blacksmith","floor":38,"gold_loss":0,"cards_upgraded":["PokerPlayerMod:CardPrinter"]},{"damage_healed":0,"gold_gain":0,"player_choice":"Fight","damage_taken":0,"max_hp_gain":0,"max_hp_loss":0,"event_name":"OrinTheCat","floor":42,"gold_loss":0},{"damage_healed":0,"gold_gain":0,"player_choice":"Ignored","damage_taken":0,"max_hp_gain":0,"max_hp_loss":0,"event_name":"SecretPortal","floor":45,"gold_loss":0}],"is_beta":false,"boss_relics":[{"not_picked":["bronze:MakeshiftBattery","hubris:ScarierMask"],"picked":"Honey Jar"},{"not_picked":["hubris:CrackedHourglass","hubris:GrandSneckoEye"],"picked":"sneckomod:SneckoTalon"}],"items_purged_floors":[3],"is_endless":false,"potions_floor_spawned":[7,12,16,33,39,42],"ascension_level":0}}