{"host":"h4s2ow0cl6kdwaz8","time":1614279320,"event":{"mods":["AchievementEnabler","BaseMod","Bestiary","Colored Map","Minty Spire (QoL Compilation)","Permanent Neow","Relic Stats"],"gold_per_floor":[119,132,147,162,176,176,187,212,238,248,201,166,177,205,205,205,205],"floor_reached":16,"language":"ENG","playtime":1410,"items_purged":[],"score":128,"play_id":"b993561a-1b72-43dd-93fb-060ae15e43b9","local_time":"20210225185520","is_ascension_mode":true,"campfire_choices":[{"data":"Zap","floor":6,"key":"SMITH"},{"data":"Buffer","floor":15,"key":"SMITH"}],"circlet_count":0,"master_deck":["Strike_B","Strike_B","Strike_B","Strike_B","Defend_B","Defend_B","Defend_B","Defend_B","Zap+1","Dualcast","Buffer+1","Ball Lightning","Steam","Conserve Battery","Steam Power","Defragment","Turbo","Capacitor","Steam"],"relics":["Cracked Core","Singing Bowl","Anchor"],"acts_visited":["Exordium"],"potions_floor_usage":[8,8,16,16],"damage_taken":[{"damage":7,"enemies":"Jaw Worm","floor":1,"turns":3},{"damage":4,"enemies":"2 Louse","floor":2,"turns":2},{"damage":7,"enemies":"Small Slimes","floor":3,"turns":2},{"damage":0,"enemies":"2 Fungi Beasts","floor":4,"turns":4},{"damage":8,"enemies":"Blue Slaver","floor":5,"turns":3},{"damage":21,"enemies":"Exordium Thugs","floor":7,"turns":5},{"damage":12,"enemies":"3 Sentries","floor":8,"turns":8},{"damage":10,"enemies":"3 Louse","floor":10,"turns":3},{"damage":0,"enemies":"Looter","floor":13,"turns":3},{"damage":1,"enemies":"Lagavulin","floor":14,"turns":7},{"damage":28,"enemies":"Hexaghost","floor":16,"turns":12}],"seed_played":"-2960188174669100688","potions_obtained":[{"floor":5,"key":"Dexterity Potion"},{"floor":7,"key":"GamblersBrew"},{"floor":10,"key":"Dexterity Potion"},{"floor":14,"key":"PowerPotion"}],"is_trial":false,"path_per_floor":["M","M","M","M","M","R","M","E","T","M","?","?","M","E","R","B"],"character_chosen":"DEFECT","items_purchased":[],"campfire_rested":0,"item_purchase_floors":[],"current_hp_per_floor":[68,64,57,57,49,49,28,16,16,6,6,24,26,27,27,0,0],"gold":205,"neow_bonus":"ONE_RANDOM_RARE_CARD","is_daily":false,"chose_seed":false,"campfire_upgraded":2,"win_rate":0.0,"timestamp":1614279320,"path_taken":["M","M","M","M","M","R","M","E","T","M","?","?","M","E","R","BOSS"],"items_purchased_type":[],"build_version":"2020-12-22","purchased_purges":0,"victory":false,"max_hp_per_floor":[75,75,75,75,75,75,75,75,75,75,75,75,77,79,79,79,79],"relic_stats":{"Singing Bowl":4,"counters":[11,52],"obtain_stats":[{"Anchor":14,"Singing Bowl":8,"Cracked Core":0},{"Anchor":10,"Singing Bowl":7,"Cracked Core":0},{"Anchor":40,"Singing Bowl":27,"Cracked Core":0}]},"card_choices":[{"not_picked":["Rebound","Sunder"],"picked":"Ball Lightning","floor":1},{"not_picked":["Cold Snap","Hologram"],"picked":"Steam","floor":2},{"not_picked":["Sweeping Beam","Darkness"],"picked":"Conserve Battery","floor":3},{"not_picked":["Meteor Strike","Steam"],"picked":"Steam Power","floor":4},{"not_picked":["Doom and Gloom","Conserve Battery"],"picked":"Defragment","floor":5},{"not_picked":["Cold Snap","Rip and Tear"],"picked":"Turbo","floor":7},{"not_picked":["Coolheaded","All For One"],"picked":"Capacitor","floor":8},{"not_picked":["Coolheaded","Consume"],"picked":"Steam","floor":10},{"not_picked":["Lockon","Conserve Battery","Cold Snap"],"picked":"Singing Bowl","floor":13},{"not_picked":["Go for the Eyes","Stack","Undo"],"picked":"Singing Bowl","floor":14}],"player_experience":239858,"relics_obtained":[{"floor":8,"key":"Singing Bowl"},{"floor":14,"key":"Anchor"}],"event_choices":[{"damage_healed":0,"gold_gain":0,"player_choice":"Left Gold","damage_taken":0,"max_hp_gain":0,"max_hp_loss":0,"event_name":"World of Goop","floor":11,"gold_loss":47},{"damage_healed":18,"gold_gain":0,"player_choice":"Healed","damage_taken":0,"max_hp_gain":0,"max_hp_loss":0,"event_name":"The Cleric","floor":12,"gold_loss":35}],"is_beta":false,"boss_relics":[],"items_purged_floors":[],"is_endless":false,"potions_floor_spawned":[5,7,10,14],"killed_by":"Hexaghost","ascension_level":2}}