{"host":"dlqyscxstsnu98l1","time":1614291037,"event":{"mods":["AchievementEnabler","BaseMod","Colored Map","Colored Powertips","GifTheSpireLib","Highlight Path","Minty Spire (QoL Compilation)","Random Character Button","SacredBarkPlus","StSLib","everything is the same but u backflip on backflip"],"gold_per_floor":[109,127,146,221,231,231,262,278,329,343,15,15,43,54,54,149,149,149,149,149,149,149,149,149,149],"floor_reached":24,"language":"ENG","playtime":1086,"items_purged":[],"score":306,"play_id":"61cfa0da-5bdd-42a5-b74e-9beb09af1425","local_time":"20210225161037","is_ascension_mode":true,"campfire_choices":[{"data":"Eruption","floor":6,"key":"SMITH"},{"data":"Protect","floor":12,"key":"SMITH"},{"data":"Wallop","floor":15,"key":"SMITH"},{"data":"Worship","floor":23,"key":"SMITH"}],"circlet_count":0,"master_deck":["Strike_P","Strike_P","Strike_P","Strike_P","Defend_P","Defend_P","Defend_P","Defend_P","Eruption+1","Vigilance","Prostrate","FearNoEvil","Pray","SashWhip","Protect+1","Worship+1","Evaluate","Worship","Wallop+1","Evaluate+1","Omniscience+1","Pray+1","Writhe","Protect+1"],"relics":["PureWater","Damaru","Meat on the Bone","Nunchaku","Kunai","Toxic Egg 2","Ectoplasm","Happy Flower"],"acts_visited":["Exordium","TheCity"],"potions_floor_usage":[2,7,16,24,24],"damage_taken":[{"damage":1,"enemies":"2 Louse","floor":1,"turns":3},{"damage":0,"enemies":"Cultist","floor":2,"turns":2},{"damage":0,"enemies":"Jaw Worm","floor":3,"turns":3},{"damage":1,"enemies":"Looter","floor":5,"turns":3},{"damage":0,"enemies":"Lagavulin","floor":7,"turns":4},{"damage":1,"enemies":"Exordium Wildlife","floor":8,"turns":2},{"damage":0,"enemies":"3 Louse","floor":10,"turns":3},{"damage":3,"enemies":"Gremlin Nob","floor":13,"turns":3},{"damage":1,"enemies":"Large Slime","floor":14,"turns":4},{"damage":2,"enemies":"Hexaghost","floor":16,"turns":9},{"damage":33,"enemies":"3 Byrds","floor":18,"turns":9},{"damage":0,"enemies":"Chosen","floor":19,"turns":3},{"damage":4,"enemies":"3 Cultists","floor":22,"turns":6},{"damage":52,"enemies":"Gremlin Leader","floor":24,"turns":6}],"seed_played":"-1956183033711666379","potions_obtained":[{"floor":1,"key":"BlessingOfTheForge"},{"floor":3,"key":"AttackPotion"},{"floor":5,"key":"Explosive Potion"},{"floor":14,"key":"BottledMiracle"},{"floor":22,"key":"Strength Potion"}],"is_trial":false,"path_per_floor":["M","M","M","?","M","R","E","M","T","M","$","R","E","M","R","B",null,"M","M","?","?","M","R","E"],"character_chosen":"WATCHER","items_purchased":["Kunai","Worship"],"campfire_rested":0,"item_purchase_floors":[11,11],"current_hp_per_floor":[64,64,64,53,52,52,52,51,51,51,51,51,48,47,47,45,65,44,44,44,44,40,40,0,0],"gold":149,"neow_bonus":"RANDOM_COMMON_RELIC","is_daily":false,"chose_seed":false,"campfire_upgraded":4,"win_rate":0.0,"timestamp":1614291037,"path_taken":["M","M","M","?","M","R","E","M","T","M","$","R","E","M","R","BOSS","M","M","?","?","?","R","E"],"items_purchased_type":["Relic","Card"],"build_version":"2020-12-22","purchased_purges":0,"victory":false,"max_hp_per_floor":[72,72,72,72,72,72,72,72,72,72,72,72,72,72,72,72,72,72,72,72,72,72,72,72,72],"card_choices":[{"not_picked":["WindmillStrike","CrushJoints"],"picked":"Prostrate","floor":1},{"not_picked":["Perseverance","ForeignInfluence"],"picked":"FearNoEvil","floor":2},{"not_picked":["FlurryOfBlows","JustLucky"],"picked":"Pray","floor":3},{"not_picked":["FearNoEvil","FollowUp"],"picked":"SashWhip","floor":5},{"not_picked":["FlyingSleeves","Adaptation"],"picked":"Protect","floor":7},{"not_picked":["Consecrate","FollowUp"],"picked":"Worship","floor":8},{"not_picked":["EmptyMind","Scrawl"],"picked":"Evaluate","floor":10},{"not_picked":["Vengeance+1","SashWhip"],"picked":"Wallop","floor":13},{"not_picked":["PathToVictory+1","ForeignInfluence+1"],"picked":"Evaluate+1","floor":14},{"not_picked":["SpiritShield+1","DeusExMachina+1"],"picked":"Omniscience+1","floor":16},{"not_picked":["Evaluate+1","Prostrate+1"],"picked":"Pray+1","floor":18},{"not_picked":["SignatureMove","FollowUp","Meditate+1"],"picked":"SKIP","floor":19},{"not_picked":["ThirdEye+1","Conclude"],"picked":"Protect+1","floor":22}],"player_experience":279426,"relics_obtained":[{"floor":7,"key":"Meat on the Bone"},{"floor":9,"key":"Nunchaku"},{"floor":13,"key":"Toxic Egg 2"}],"event_choices":[{"damage_healed":0,"gold_gain":75,"player_choice":"Gather Gold","damage_taken":11,"max_hp_gain":0,"max_hp_loss":0,"event_name":"World of Goop","floor":4,"gold_loss":0},{"damage_healed":0,"gold_gain":0,"player_choice":"Opened","damage_taken":0,"relics_obtained":["Happy Flower"],"max_hp_gain":0,"max_hp_loss":0,"event_name":"The Mausoleum","floor":20,"gold_loss":0,"cards_obtained":["Writhe"]},{"damage_healed":0,"gold_gain":200,"player_choice":"Gold","damage_taken":0,"max_hp_gain":0,"max_hp_loss":0,"event_name":"Wheel of Change","floor":21,"gold_loss":0}],"is_beta":false,"boss_relics":[{"not_picked":["Runic Pyramid","Sozu"],"picked":"Ectoplasm"}],"items_purged_floors":[],"is_endless":false,"potions_floor_spawned":[1,3,5,14,22],"killed_by":"Gremlin Leader","ascension_level":6}}