{"host":"d2gh6suihlstufn7","time":1614229904,"event":{"mods":["AchievementEnabler","BaseMod","Colored Map","Colored Powertips","Minty Spire (QoL Compilation)","Permanent Neow","Quick Restart","StSLib","SuperFastMode"],"gold_per_floor":[119,119,130,7,82,82,96,107,161,177,177,177,195,212,212,212,212],"floor_reached":16,"language":"KOR","playtime":1846,"items_purged":[],"score":94,"play_id":"b336e837-5352-4563-ad82-63aa3a169f96","local_time":"20210225141144","is_ascension_mode":false,"campfire_choices":[{"data":"Accuracy","floor":6,"key":"SMITH"},{"floor":15,"key":"REST"}],"circlet_count":0,"master_deck":["Strike_G","Strike_G","Strike_G+1","Strike_G","Strike_G+1","Defend_G","Defend_G","Defend_G","Defend_G","Defend_G","Survivor","Neutralize","Adrenaline","Cloak And Dagger","Accuracy+1","Cloak And Dagger"],"relics":["Ring of the Snake","Blood Vial","Orichalcum"],"acts_visited":["Exordium"],"potions_floor_usage":[],"damage_taken":[{"damage":18.0,"enemies":"Jaw Worm","floor":1.0,"turns":7.0},{"damage":0.0,"enemies":"Small Slimes","floor":3.0,"turns":5.0},{"damage":0,"enemies":"2 Louse","floor":7,"turns":3},{"damage":4,"enemies":"Exordium Wildlife","floor":8,"turns":6},{"damage":8,"enemies":"Large Slime","floor":10,"turns":10},{"damage":7,"enemies":"2 Fungi Beasts","floor":13,"turns":3},{"damage":1,"enemies":"Blue Slaver","floor":14,"turns":3},{"damage":51,"enemies":"Hexaghost","floor":16,"turns":15}],"seed_played":"4100060555000018651","potions_obtained":[{"floor":7,"key":"SpeedPotion"},{"floor":8,"key":"Regen Potion"},{"floor":10,"key":"Ancient Potion"},{"floor":14,"key":"LiquidMemories"}],"is_trial":false,"path_per_floor":["M","?","M","$","?","R","M","M","T","M","?","?","M","M","R","B"],"character_chosen":"THE_SILENT","items_purchased":["Accuracy","Cloak And Dagger"],"campfire_rested":1,"item_purchase_floors":[4,4],"current_hp_per_floor":[52,70,70,70,59,59,59,55,55,49,46,32,27,28,49,0,0],"gold":212,"neow_bonus":"ONE_RANDOM_RARE_CARD","is_daily":false,"chose_seed":false,"campfire_upgraded":1,"win_rate":0.0,"timestamp":1614229904,"path_taken":["M","?","M","$","?","R","M","M","T","M","?","?","?","M","R","BOSS"],"items_purchased_type":["Card","Card"],"build_version":"2020-12-22","purchased_purges":0,"victory":false,"max_hp_per_floor":[70,70,70,70,70,70,70,70,70,70,70,70,70,70,70,70,70],"card_choices":[{"not_picked":["Slice","Backstab","Outmaneuver"],"picked":"SKIP","floor":1.0},{"not_picked":["Outmaneuver","Masterful Stab"],"picked":"Cloak And Dagger","floor":3.0},{"not_picked":["Endless Agony","Distraction","Deadly Poison"],"picked":"SKIP","floor":7},{"not_picked":["Deadly Poison","Deflect","Setup"],"picked":"SKIP","floor":8},{"not_picked":["Dodge and Roll","Reflex","Backflip"],"picked":"SKIP","floor":10},{"not_picked":["Outmaneuver","Escape Plan","Distraction"],"picked":"SKIP","floor":13},{"not_picked":["Reflex","Deflect","Dagger Throw"],"picked":"SKIP","floor":14}],"player_experience":52695,"relics_obtained":[{"floor":9,"key":"Blood Vial"}],"event_choices":[{"damage_healed":23.0,"max_hp_gain":0.0,"max_hp_loss":0.0,"gold_gain":0.0,"event_name":"Big Fish","player_choice":"Banana","floor":2.0,"gold_loss":0.0,"damage_taken":0.0},{"damage_healed":0,"gold_gain":75,"player_choice":"Gather Gold","damage_taken":11,"max_hp_gain":0,"max_hp_loss":0,"event_name":"World of Goop","floor":5,"gold_loss":0},{"damage_healed":0,"gold_gain":0,"player_choice":"Success","damage_taken":3,"relics_obtained":["Orichalcum"],"max_hp_gain":0,"max_hp_loss":0,"event_name":"Scrap Ooze","floor":11,"gold_loss":0},{"damage_healed":0,"gold_gain":0,"player_choice":"Entered Light","damage_taken":14,"max_hp_gain":0,"max_hp_loss":0,"event_name":"Shining Light","floor":12,"gold_loss":0,"cards_upgraded":["Strike_G","Strike_G"]}],"is_beta":false,"boss_relics":[],"items_purged_floors":[],"is_endless":false,"potions_floor_spawned":[7,8,10,14],"killed_by":"Hexaghost","ascension_level":0}}