{"host":"c83fcgyuu74iknko","time":1614291195,"event":{"mods":["BaseMod","BetterRewards","Colored Map","Colored Powertips","Minty Spire (QoL Compilation)","Quick Restart","StSLib","The Animator","The Senshi"],"gold_per_floor":[111,129,304,316,316,348,348,348,348],"floor_reached":8,"language":"ENG","playtime":399,"items_purged":["Strike_P"],"score":85,"play_id":"a5f1b185-8046-46e9-95b6-1fdd89f871f9","local_time":"20210225141315","is_ascension_mode":true,"campfire_choices":[{"data":"Wish","floor":7,"key":"SMITH"}],"circlet_count":0,"master_deck":["Strike_P","Strike_P","Strike_P","Defend_P","Defend_P","Defend_P","Defend_P","Eruption","Vigilance","FlyingSleeves","EmptyBody","DeceiveReality","WheelKick","Doubt","SandsOfTime+1","Wish+1"],"relics":["PureWater","Thread and Needle","Ice Cream","Torii","Bag of Preparation"],"acts_visited":["Exordium"],"potions_floor_usage":[],"damage_taken":[{"damage":0,"enemies":"2 Louse","floor":1,"turns":3},{"damage":0,"enemies":"Cultist","floor":2,"turns":3},{"damage":0,"enemies":"Jaw Worm","floor":4,"turns":4},{"damage":0,"enemies":"3 Sentries","floor":6,"turns":10},{"damage":83,"enemies":"Lagavulin","floor":8,"turns":5}],"seed_played":"6398365410368683713","potions_obtained":[{"floor":1,"key":"SpeedPotion"},{"floor":4,"key":"SteroidPotion"},{"floor":6,"key":"FairyPotion"}],"is_trial":false,"path_per_floor":["M","M","?","M","?","E","R","E"],"character_chosen":"WATCHER","items_purchased":[],"campfire_rested":0,"item_purchase_floors":[],"current_hp_per_floor":[22,22,22,22,22,22,22,0,0],"gold":348,"neow_bonus":"","is_daily":false,"chose_seed":false,"campfire_upgraded":1,"win_rate":0.0,"timestamp":1614291195,"path_taken":["M","M","?","M","?","E","R","E"],"items_purchased_type":[],"build_version":"2020-12-22","purchased_purges":1,"victory":false,"max_hp_per_floor":[72,72,72,72,72,72,72,72,72],"card_choices":[{"not_picked":["Fasting2","CutThroughFate"],"picked":"DeceiveReality","floor":1},{"not_picked":["EmptyBody","Vengeance"],"picked":"WheelKick","floor":2},{"not_picked":["Crescendo","Wallop"],"picked":"SandsOfTime","floor":4},{"not_picked":["Pray","WindmillStrike"],"picked":"Wish","floor":6}],"player_experience":279110,"relics_obtained":[{"floor":6,"key":"Bag of Preparation"}],"event_choices":[{"damage_healed":0,"gold_gain":175,"player_choice":"AGREE","damage_taken":0,"max_hp_gain":0,"max_hp_loss":0,"event_name":"Liars Game","floor":3,"gold_loss":0,"cards_obtained":["Doubt"]},{"damage_healed":0,"gold_gain":0,"player_choice":"Upgraded","damage_taken":0,"max_hp_gain":0,"max_hp_loss":0,"event_name":"Upgrade Shrine","floor":5,"gold_loss":0,"cards_upgraded":["SandsOfTime"]}],"is_beta":false,"boss_relics":[],"items_purged_floors":[0],"is_endless":false,"potions_floor_spawned":[1,4,6],"killed_by":"Lagavulin","ascension_level":1}}