{"host":"v54ek091sdz7ha6h","time":1614257175,"event":{"mods":["BaseMod","Colored Map","Colored Powertips","Custom Start","DeckTracker","Highlight Path","KOR Keyword Fix","Minty Spire (QoL Compilation)","Random Character Button","Rare Cards Sparkle","Relic Stats","StSLib","SuperFastMode","everything is the same but u backflip on backflip"],"gold_per_floor":[111,17,34,34,44,77,77,102,102,120,155,170,67,81,81,180,180,200,211,13,32,32,32,32,32,32,32,65,65,92,107,107,206,206,218,229,229,66,81,112,130,130,183,183,233,264,283,315,315,315,315,315,11,40,40],"floor_reached":56,"language":"KOR","playtime":1564,"items_purged":["Shame","Strike_R+1"],"score":1475,"play_id":"cace5a6d-7542-4630-aefd-fbe095ebf5f8","local_time":"20210225214615","is_ascension_mode":false,"campfire_choices":[{"data":"Whirlwind","floor":7.0,"key":"SMITH"},{"data":"Rupture","floor":15.0,"key":"SMITH"},{"data":"Impervious","floor":23.0,"key":"SMITH"},{"data":"Bash","floor":25.0,"key":"SMITH"},{"data":"Dark Embrace","floor":32.0,"key":"SMITH"},{"data":"Feel No Pain","floor":42,"key":"SMITH"},{"floor":44,"key":"RECALL"},{"data":"True Grit","floor":49,"key":"SMITH"},{"data":"Disarm","floor":52,"key":"SMITH"}],"circlet_count":0,"master_deck":["Strike_R+1","Strike_R+1","Strike_R+1","Strike_R+1","Defend_R+1","Defend_R+1","Defend_R+1","Defend_R+1","Bash+1","Twin Strike+1","Whirlwind+1","Rupture+1","Cleave+1","Cleave+1","Thunderclap+1","Reckless Charge+1","Pommel Strike+1","Impervious+1","CurseOfTheBell","Body Slam+1","Power Through+1","Body Slam+1","Power Through","Dark Embrace+1","Reaper+1","Feel No Pain+1","Feel No Pain+1","Disarm+1","Shrug It Off+1","Hemokinesis+1","True Grit+1","Seeing Red+1","Pommel Strike+1","Havoc","Barricade"],"relics":["Burning Blood","Vajra","FossilizedHelix","Molten Egg 2","Matryoshka","Ginger","Boot","Whetstone","Calling Bell","Smiling Mask","Mummified Hand","Unceasing Top","Oddly Smooth Stone","WingedGreaves","Shuriken","Bag of Marbles","Art of War","Coffee Dripper","Toy Ornithopter","Blood Vial","Gambling Chip","Meat on the Bone","Nunchaku","ClockworkSouvenir","Mercury Hourglass"],"acts_visited":["Exordium","TheCity","TheBeyond","TheEnding"],"potions_floor_usage":[40,48,50,55,55,55],"damage_taken":[{"damage":1.0,"enemies":"Jaw Worm","floor":1.0,"turns":4.0},{"damage":0.0,"enemies":"Cultist","floor":3.0,"turns":3.0},{"damage":0.0,"enemies":"2 Louse","floor":5.0,"turns":1.0},{"damage":16.0,"enemies":"Gremlin Nob","floor":6.0,"turns":4.0},{"damage":0.0,"enemies":"Lagavulin","floor":8.0,"turns":4.0},{"damage":0.0,"enemies":"Looter","floor":10.0,"turns":2.0},{"damage":0.0,"enemies":"Gremlin Nob","floor":11.0,"turns":3.0},{"damage":0.0,"enemies":"Blue Slaver","floor":12.0,"turns":2.0},{"damage":0.0,"enemies":"3 Louse","floor":14.0,"turns":2.0},{"damage":0.0,"enemies":"Slime Boss","floor":16.0,"turns":8.0},{"damage":0.0,"enemies":"Chosen","floor":18.0,"turns":3.0},{"damage":4.0,"enemies":"3 Byrds","floor":19.0,"turns":2.0},{"damage":16.0,"enemies":"Centurion and Healer","floor":21.0,"turns":5.0},{"damage":15.0,"enemies":"Slavers","floor":28.0,"turns":4.0},{"damage":0.0,"enemies":"Shelled Parasite and Fungi","floor":31.0,"turns":2.0},{"damage":89.0,"enemies":"Collector","floor":33.0,"turns":10.0},{"damage":4.0,"enemies":"Orb Walker","floor":35.0,"turns":3.0},{"damage":7.0,"enemies":"3 Shapes","floor":36.0,"turns":3.0},{"damage":16.0,"enemies":"Spire Growth","floor":39.0,"turns":4.0},{"damage":0,"enemies":"Reptomancer","floor":40,"turns":6},{"damage":11,"enemies":"Writhing Mass","floor":41,"turns":5},{"damage":0,"enemies":"Mind Bloom Boss Battle","floor":45,"turns":7},{"damage":17,"enemies":"Nemesis","floor":46,"turns":5},{"damage":8,"enemies":"Maw","floor":47,"turns":8},{"damage":0,"enemies":"Reptomancer","floor":48,"turns":2},{"damage":40,"enemies":"Donu and Deca","floor":50,"turns":9},{"damage":83,"enemies":"Shield and Spear","floor":54,"turns":10},{"damage":55,"enemies":"The Heart","floor":55,"turns":12}],"seed_played":"4625248702041227104","potions_obtained":[{"floor":3.0,"key":"Regen Potion"},{"floor":6.0,"key":"AttackPotion"},{"floor":11.0,"key":"Strength Potion"},{"floor":14.0,"key":"Swift Potion"},{"floor":16.0,"key":"EntropicBrew"},{"floor":33.0,"key":"BlessingOfTheForge"},{"floor":46,"key":"AttackPotion"},{"floor":48,"key":"Swift Potion"}],"is_trial":false,"path_per_floor":["M","?","M","$","M","E","R","E","T","M","E","M","$","M","R","B",null,"M","M","$","M","?","R","?","R","T","$","E","?","T","M","R","B",null,"M","M","?","$","M","E","M","R","T","R","?","E","M","E","R","B",null,"R","$","E","B",null],"character_chosen":"IRONCLAD","items_purchased":["Thunderclap+1","Reckless Charge+1","Body Slam+1","Oddly Smooth Stone","Feel No Pain","Disarm","ClockworkSouvenir","PowerPotion","Havoc"],"campfire_rested":0,"item_purchase_floors":[13,13,20,20,38,38,53,53,53],"current_hp_per_floor":[80,80,80,80,80,70,70,76,76,80,80,80,80,80,80,80,80,80,80,80,70,70,70,55,55,55,55,58,58,58,64,64,31,85,85,84,84,84,74,80,75,75,75,75,83,74,83,85,85,69,85,85,85,30,21],"gold":40,"neow_bonus":"RANDOM_COMMON_RELIC","is_daily":false,"chose_seed":false,"campfire_upgraded":8,"win_rate":0.0,"timestamp":1614257175,"path_taken":["M","?","M","$","M","E","R","E","T","M","E","M","?","M","R","BOSS","M","M","$","M","?","R","?","R","T","?","E","?","?","?","R","BOSS","M","M","?","$","M","E","M","R","T","R","?","E","M","E","R","BOSS","R","$","E","BOSS"],"items_purchased_type":["Card","Card","Card","Relic","Card","Card","Relic","Potion","Card"],"build_version":"2020-12-22","purchased_purges":2,"victory":true,"max_hp_per_floor":[80,80,80,80,80,80,80,80,80,80,80,80,80,80,80,80,80,80,80,80,80,80,80,85,85,85,85,85,85,85,85,85,85,85,85,85,85,85,85,85,85,85,85,85,85,85,85,85,85,85,85,85,85,85,85],"relic_stats":{"counters":[28,133],"Ginger":[12],"Whetstone":["Strike_R","Twin Strike"],"Boot":[46],"Smiling Mask":75,"Burning Blood":105,"Mercury Hourglass":[36],"Blood Vial":10,"Nunchaku":[8],"Mummified Hand":[53],"Shuriken":[40],"Gambling Chip":[18],"Art of War":[1],"obtain_stats":[{"Vajra":0,"Ginger":9,"Whetstone":11,"Boot":9,"Smiling Mask":17,"Burning Blood":0,"ClockworkSouvenir":53,"Blood Vial":43,"Nunchaku":48,"Matryoshka":8,"Mummified Hand":17,"Gambling Chip":45,"WingedGreaves":22,"Oddly Smooth Stone":20,"Mercury Hourglass":54,"Calling Bell":17,"Shuriken":26,"Molten Egg 2":6,"Bag of Marbles":28,"Art of War":30,"Coffee Dripper":34,"FossilizedHelix":2,"Unceasing Top":17,"Toy Ornithopter":40,"Meat on the Bone":46},{"Vajra":0,"Ginger":5,"Whetstone":7,"Boot":5,"Smiling Mask":10,"Burning Blood":0,"ClockworkSouvenir":26,"Blood Vial":21,"Nunchaku":25,"Matryoshka":5,"Mummified Hand":10,"Gambling Chip":22,"WingedGreaves":13,"Oddly Smooth Stone":12,"Mercury Hourglass":27,"Calling Bell":10,"Shuriken":13,"Molten Egg 2":4,"Bag of Marbles":14,"Art of War":14,"Coffee Dripper":16,"FossilizedHelix":1,"Unceasing Top":10,"Toy Ornithopter":20,"Meat on the Bone":23},{"Vajra":0,"Ginger":16,"Whetstone":21,"Boot":16,"Smiling Mask":33,"Burning Blood":0,"ClockworkSouvenir":111,"Blood Vial":80,"Nunchaku":102,"Matryoshka":16,"Mummified Hand":33,"Gambling Chip":87,"WingedGreaves":43,"Oddly Smooth Stone":38,"Mercury Hourglass":121,"Calling Bell":33,"Shuriken":43,"Molten Egg 2":12,"Bag of Marbles":47,"Art of War":47,"Coffee Dripper":59,"FossilizedHelix":4,"Unceasing Top":33,"Toy Ornithopter":75,"Meat on the Bone":92}],"Unceasing Top":[12],"Toy Ornithopter":15,"Meat on the Bone":24},"card_choices":[{"not_picked":["Cleave","Armaments"],"picked":"Twin Strike","floor":1.0},{"not_picked":["Twin Strike","Second Wind"],"picked":"Whirlwind","floor":3.0},{"not_picked":["Cleave","Headbutt","Wild Strike"],"picked":"SKIP","floor":5.0},{"not_picked":["Iron Wave+1","Battle Trance"],"picked":"Rupture","floor":6.0},{"not_picked":["Ghostly Armor","Rampage+1","Demon Form"],"picked":"SKIP","floor":8.0},{"not_picked":["Clash+1","Headbutt+1"],"picked":"Cleave+1","floor":10.0},{"not_picked":["Rage","Armaments"],"picked":"Cleave+1","floor":11.0},{"not_picked":["Sentinel","Flex","Headbutt+1"],"picked":"SKIP","floor":12.0},{"not_picked":["Corruption","Body Slam+1"],"picked":"Pommel Strike+1","floor":14.0},{"not_picked":["Bludgeon+1","Barricade"],"picked":"Impervious","floor":16.0},{"not_picked":["Anger+1","Headbutt+1"],"picked":"Body Slam+1","floor":18.0},{"not_picked":["Shrug It Off+1","Warcry"],"picked":"Power Through+1","floor":19.0},{"not_picked":["True Grit","Iron Wave+1","Cleave+1"],"picked":"SKIP","floor":21.0},{"not_picked":["Ghostly Armor","Carnage+1"],"picked":"Power Through","floor":28.0},{"not_picked":["Cleave+1","Metallicize"],"picked":"Dark Embrace","floor":31.0},{"not_picked":["Feed+1","Impervious"],"picked":"Reaper+1","floor":33.0},{"not_picked":["Burning Pact","Uppercut+1"],"picked":"Feel No Pain+1","floor":35.0},{"not_picked":["Inflame","Headbutt+1","Thunderclap+1"],"picked":"SKIP","floor":36.0},{"not_picked":["Wild Strike+1","Cleave+1"],"picked":"Shrug It Off+1","floor":39.0},{"not_picked":["Ghostly Armor","Headbutt+1","Wild Strike+1"],"picked":"SKIP","floor":40},{"not_picked":["Havoc+1","Heavy Blade+1"],"picked":"Hemokinesis+1","floor":41},{"not_picked":["Twin Strike+1","Armaments"],"picked":"True Grit","floor":45},{"not_picked":["Heavy Blade+1","Perfected Strike+1","Headbutt+1"],"picked":"SKIP","floor":46},{"not_picked":["Intimidate+1","Infernal Blade+1"],"picked":"Seeing Red+1","floor":47},{"not_picked":["Armaments","Body Slam+1"],"picked":"Pommel Strike+1","floor":48},{"not_picked":["Headbutt+1","Bloodletting"],"picked":"Barricade","floor":54}],"player_experience":1503204,"relics_obtained":[{"floor":6.0,"key":"Molten Egg 2"},{"floor":8.0,"key":"Matryoshka"},{"floor":9.0,"key":"Ginger"},{"floor":9.0,"key":"Boot"},{"floor":11.0,"key":"Whetstone"},{"floor":17.0,"key":"Smiling Mask"},{"floor":17.0,"key":"Mummified Hand"},{"floor":17.0,"key":"Unceasing Top"},{"floor":26.0,"key":"Shuriken"},{"floor":28.0,"key":"Bag of Marbles"},{"floor":30.0,"key":"Art of War"},{"floor":40,"key":"Toy Ornithopter"},{"floor":43,"key":"Blood Vial"},{"floor":45,"key":"Gambling Chip"},{"floor":46,"key":"Meat on the Bone"},{"floor":48,"key":"Nunchaku"},{"floor":54,"key":"Mercury Hourglass"}],"event_choices":[{"damage_healed":0.0,"max_hp_gain":0.0,"max_hp_loss":0.0,"gold_gain":0.0,"event_name":"WeMeetAgain","player_choice":"Paid Gold","floor":2.0,"gold_loss":94.0,"damage_taken":0.0,"relics_obtained":["FossilizedHelix"]},{"damage_healed":0.0,"max_hp_gain":0.0,"max_hp_loss":0.0,"gold_gain":0.0,"event_name":"Addict","player_choice":"Stole Relic","floor":22.0,"gold_loss":0.0,"damage_taken":0.0,"relics_obtained":["WingedGreaves"],"cards_obtained":["Shame"]},{"damage_healed":0.0,"max_hp_gain":5.0,"max_hp_loss":0.0,"gold_gain":0.0,"event_name":"Forgotten Altar","player_choice":"Shed Blood","floor":24.0,"gold_loss":0.0,"damage_taken":20.0},{"damage_healed":0.0,"max_hp_gain":0.0,"max_hp_loss":0.0,"gold_gain":0.0,"event_name":"Back to Basics","player_choice":"Simplicity","floor":29.0,"gold_loss":0.0,"damage_taken":0.0,"cards_upgraded":["Strike_R","Strike_R","Strike_R","Strike_R","Defend_R","Defend_R","Defend_R","Defend_R"]},{"damage_healed":0.0,"max_hp_gain":0.0,"max_hp_loss":0.0,"gold_gain":0.0,"event_name":"Tomb of Lord Red Mask","player_choice":"Ignored","floor":37.0,"gold_loss":0.0,"damage_taken":0.0},{"damage_healed":0,"gold_gain":0,"player_choice":"Fight","damage_taken":0,"max_hp_gain":0,"max_hp_loss":0,"event_name":"MindBloom","floor":45,"gold_loss":0}],"is_beta":false,"boss_relics":[{"not_picked":["Philosopher\u0027s Stone","Tiny House"],"picked":"Calling Bell"},{"not_picked":["Busted Crown","Cursed Key"],"picked":"Coffee Dripper"}],"items_purged_floors":[38,53],"is_endless":false,"potions_floor_spawned":[3,6,11,14,16,18,28,31,33,36,46,48,54],"ascension_level":0}}