{"host":"opdum64sdiqzxm7l","time":1614278136,"event":{"mods":["Act Like it!","Aspiration","BaseMod","CapriCore","Colored Powertips","Conspire","Energized Spire","Friendly Minions","Jedi Mod","Library of Ruina","Library of Ruina Extra","Lobotomy","LobotomyExtend","Minty Spire (QoL Compilation)","MostiFishMod","Pale of the Ancients","Reliquary","Replay The Spire","RumiaBox-露米娅的神秘盒子","Spicy Shops","StSLib","TestMod","UnlockEverythingMod","Waifu the Spire","[IsaacMod]以撒尖塔","[功能]功能增强和修复MOD","【功能Mod】混沌之环修复补丁","【功能Mod】聪明的最终Boss","【遗物卡牌】REMEMod"],"gold_per_floor":[113,113,23,36,36,67,80,106,106,106,106,17,17,29,29,129,129,140,140,21,34,34,63,63,0,26,35,133,164,175,175,175,270,270,287,287,340,340,306,338,153,168,168,179,239,261,297,144,144,144,144,144,144,7,31,31],"floor_reached":57,"language":"ZHS","playtime":4886,"items_purged":["LightAttack"],"score":1577,"play_id":"1b1d0187-19c6-4ee8-b381-9da315419db9","local_time":"20210226023536","is_ascension_mode":false,"campfire_choices":[{"data":"CrackOfDawn","floor":10.0,"key":"SMITH"},{"data":"Eliminate","floor":13.0,"key":"SMITH"},{"data":"DesperateStruggle","floor":15.0,"key":"SMITH"},{"data":"ForTheFamily","floor":44.0,"key":"SMITH"},{"floor":49.0,"key":"RECALL"},{"data":"MostiFishMod:StarWish","floor":53,"key":"SMITH"}],"circlet_count":0,"master_deck":["FocusedStrikes","MostiFishMod:StarWish","Eliminate+1","ScatteringSlash","Suppress","DesperateStruggle+1","Scorched","LeRegole","SnowQueen","UnforgettableMelody","CrackOfDawn","BindingChains","TendonChords","GoinFirst","Porccubus","NothingThere","InnerArdor+1","IngredientHunt+1","ForTheFamily+1","CleanUp","MostiFishMod:ElfcollectionBox","Preparation","TendonChords+1","BiAn","Variant","Faith+1","WhiteNight","Disposal","MostiFishMod:StarWish+1","TieShanKao","QuickAttack","BlackArmy","Faith+1"],"relics":["PageOfLibrarian","REME_ComplimentaryCards","DaveBox","testmod-TestBox","HushsDoor","HowToJump","testmod-Prudence","FeatherPendant","CogitoBucket","LetterFromLob","testmod-Charity","reliquary:SilkGlove","Shovel","PageOfJudgementBird","REME_CardOfGreed","PageOfPorccubus","AdjustmentMirror","Replay:Bronze Core","PageOfDeadButterflies","MagicBullet_r","LaetitiaHeart","testmod-Maize","ReplayTheSpireMod:TigerMarble","Membership Card","AspirationHeart","Turnip","testmod-KeyOfTheVoid","JudasShadow","testmod-CrystalShield","PageOfLaetitia","FossilizedHelix","testmod-Antiphasic","BackwardClock","MawBank","testmod-CasingShield","PreservedInsect","testmod-TurbochargingSystem","reliquary:Bookmark","DollysMirror","jedi:bottledfury","Civilization","jedi:crownofsimplicity"],"acts_visited":["Exordium","TheCity","TheBeyond","TheEnding"],"potions_floor_usage":[56,56,56],"damage_taken":[{"damage":0.0,"enemies":"Cultist","floor":1.0,"turns":3.0},{"damage":0.0,"enemies":"Small Slimes","floor":4.0,"turns":2.0},{"damage":0.0,"enemies":"3 Sentries","floor":6.0,"turns":1.0},{"damage":0.0,"enemies":"2 Louse","floor":7.0,"turns":3.0},{"damage":0.0,"enemies":"Lagavulin","floor":8.0,"turns":5.0},{"damage":8.0,"enemies":"Blue Slaver","floor":14.0,"turns":4.0},{"damage":32.0,"enemies":"Fading Forest","floor":16.0,"turns":7.0},{"damage":2.0,"enemies":"Spheric Guardian","floor":18.0,"turns":1.0},{"damage":0.0,"enemies":"Chosen","floor":21.0,"turns":1.0},{"damage":2.0,"enemies":"Chosen","floor":22.0,"turns":1.0},{"damage":2.0,"enemies":"conspire:SneckoGhost","floor":23.0,"turns":4.0},{"damage":54.0,"enemies":"3 Cultists","floor":27.0,"turns":3.0},{"damage":2.0,"enemies":"REME_1_Revenger","floor":29.0,"turns":2.0},{"damage":2.0,"enemies":"Shelled Parasite and Fungi","floor":30.0,"turns":3.0},{"damage":22.0,"enemies":"KingOfGreed","floor":33.0,"turns":3.0},{"damage":0.0,"enemies":"3 Shapes","floor":35.0,"turns":2.0},{"damage":0.0,"enemies":"2 Orb Walkers","floor":37.0,"turns":1.0},{"damage":4.0,"enemies":"Reptomancer","floor":40.0,"turns":1.0},{"damage":0.0,"enemies":"Orb Walker","floor":42.0,"turns":4.0},{"damage":11.0,"enemies":"Mind Bloom Boss Battle","floor":45.0,"turns":1.0},{"damage":20.0,"enemies":"Maw","floor":46.0,"turns":2.0},{"damage":0.0,"enemies":"R_Hoarder","floor":47.0,"turns":2.0},{"damage":0,"enemies":"FixerMidnight","floor":50,"turns":1},{"damage":2,"enemies":"FixerMidnight","floor":51,"turns":4},{"damage":0,"enemies":"Shield and Spear","floor":55,"turns":1},{"damage":42,"enemies":"Delirium","floor":56,"turns":18}],"seed_played":"6738117102477877534","potions_obtained":[{"floor":4.0,"key":"SteroidPotion"},{"floor":8.0,"key":"Adrenaline Potion"},{"floor":14.0,"key":"Elixir"},{"floor":29.0,"key":"Explosive Potion"},{"floor":40.0,"key":"Block Potion"},{"floor":42.0,"key":"Block Potion"}],"is_trial":false,"path_per_floor":["M","?","$","M","?","E","M","E","T","R","?","$","R","M","R","B",null,"M","?","$","M","?","E","?","$","T","M","?","E","M","?","R","B",null,"M","?","?","?","$","E","$","M","T","R","?","M","E","$","R","B",null,null,"R","$","E","B",null],"character_chosen":"Librarian","items_purchased":["testmod-Charity","REME_CardOfGreed","PageOfPorccubus","PageOfDeadButterflies","Membership Card","JudasShadow","ForTheFamily","BlowItUp","FossilizedHelix","testmod-Antiphasic","MostiFishMod:ElfcollectionBox","Finesse","Preparation","StrongStrike","EnergyCycle","DefenseOrder","ShrineToMusic","testmod-TurbochargingSystem","reliquary:Bookmark","DollysMirror","jedi:bottledfury","testmod-PerfectCombo","TieShanKao","ChaosCard","QuickAttack","DesperateStruggle","Parry2","Civilization"],"campfire_rested":0,"item_purchase_floors":[3,12,12,20,25,34,39,39,41,41,41,41,41,41,41,41,41,48,48,48,48,48,48,54,54,54,54,54],"current_hp_per_floor":[60,60,60,61,61,62,65,68,68,68,68,68,68,67,67,56,80,79,79,79,80,82,81,81,81,82,45,46,49,52,52,52,37,96,97,97,98,98,98,99,99,100,100,101,102,105,106,106,106,108,108,108,108,108,108,116],"gold":31,"neow_bonus":"","is_daily":false,"chose_seed":false,"campfire_upgraded":5,"win_rate":0.0,"timestamp":1614278136,"path_taken":["M","?","$","?","?","E","?","E","T","R","?","$","R","?","R","BOSS","M","?","$","?","?","E","?","?","T","?","?","E","?","?","R","BOSS","M","?","?","?","$","E","?","?","T","R","?","?","E","$","R","BOSS","R","$","E","BOSS"],"items_purchased_type":["Relic","Relic","Relic","Relic","Relic","Relic","Card","Card","Relic","Relic","Card","Card","Card","Card","Card","Card","Card","Relic","Relic","Relic","Relic","Card","Card","Card","Card","Card","Card","Relic"],"build_version":"2020-12-22","purchased_purges":1,"victory":true,"max_hp_per_floor":[65,65,65,66,66,67,68,69,69,69,69,69,69,79,79,80,80,81,81,81,82,82,83,83,83,84,95,96,107,108,108,108,109,96,97,97,98,98,98,99,99,100,100,101,103,105,107,108,108,108,108,108,108,108,111,120],"card_choices":[{"not_picked":[],"picked":"Bomb","floor":0.0},{"not_picked":["Alriune","OldLady"],"picked":"MeatLantern","floor":1.0},{"not_picked":["SnakesPrey","Parry2","Quickness","Unlock1","FlyingSword","GuidanceOfTheGears","SuppressingShot","OpportunitySpotted"],"picked":"EndlessBattle","floor":1.0},{"not_picked":["Murderer","Bloodbath"],"picked":"ShyLook","floor":4.0},{"not_picked":["SerpentSwordTechnique","MultiHit","BiAn","FieryDragonSlash","DarkCloud","SharpenedBlade","Observe","BackAttack"],"picked":"Eliminate","floor":4.0},{"not_picked":["BeautyBeast","CrumblingArmor"],"picked":"Bloodbath","floor":6.0},{"not_picked":["FrontalAssault","Reload","TasteMyFlamingBat","ToWhereThePrescriptPoints","DesperateStruggle","FervidEmotions","Wallop_lor","Multislash"],"picked":"CrackOfDawn","floor":6.0},{"not_picked":["CherryBlossoms","CrumblingArmor"],"picked":"UniverseFragment","floor":7.0},{"not_picked":["DevastatingThrash","SteelKnuckles","ViolentFlame","EndlessBattle","BiAn","Retaliate","QuickAttack","Suppress"],"picked":"ScatteringSlash","floor":7.0},{"not_picked":["CherryBlossoms","VoidDream"],"picked":"WallGazer","floor":8.0},{"not_picked":["Parry","Guardian_lor","BayonetCombat","EnergyShield","SkyClearingCut","Outburst","UpbeatPerformance","GroundSmash"],"picked":"Suppress","floor":8.0},{"not_picked":["VoidDream","MHz"],"picked":"FairyFestival","floor":14.0},{"not_picked":["Thrust","ClassAndRespect","DimensionalRift","EndlessBattle","ElectricShock","GrazeTheGrass","BizarreAttack","EnergyCycle"],"picked":"DesperateStruggle","floor":14.0},{"not_picked":["CherryBlossoms","VoidDream"],"picked":"Scorched","floor":16.0},{"not_picked":["MindCrush","FormingStorm"],"picked":"LeRegole","floor":16.0},{"not_picked":["Funeral","LittleHelper"],"picked":"SnowQueen","floor":18.0},{"not_picked":["SerpentineBarrier","Gamble+1","NightInTheBackstreets","Outburst+1","CoordinatedAssault","WillOfThePrescript+1","EnergyCycle","Rewind"],"picked":"UnforgettableMelody","floor":18.0},{"not_picked":["Funeral","VoidDream"],"picked":"SpiderBud","floor":21.0},{"not_picked":["DarkCloud","WillOfThePrescript","Pound","StrikeDown+1","FrontalAssault+1","DefenseOrder+1","QuickSuppression+1","BladeWhirl"],"picked":"Deflect_lor","floor":21.0},{"not_picked":["Brawl","Bvapour","TheArtOfRapidSteps","UpbeatPerformance+1","Standoff","PinpointShot","SharpSwipe","FieryWaltz"],"picked":"CrackOfDawn","floor":23.0},{"not_picked":["CherryBlossoms","OSAHOGD"],"picked":"HeroicMonk","floor":27.0},{"not_picked":["WillBeTasty","Quickness","UnavoidableGaze","HiddenBlade+1","InhaleSmoke+1","MindCrush","SmokingPipe","Wallop_lor"],"picked":"BindingChains","floor":27.0},{"not_picked":["VoidDream","CherryBlossoms"],"picked":"LongBird","floor":29.0},{"not_picked":["Zzzzzap","YoureAHindrance","YourShield","FeatherShield","SkyClearingCut","StrongStrike","Pound","SuppressingShot"],"picked":"TendonChords","floor":29.0},{"not_picked":["WhitesApple","Funeral"],"picked":"Alriune","floor":30.0},{"not_picked":["GreatSerpentsImpact+1","SturdyDefense","BattleCommand+1","FierceCharge+1","FendThisOffIfYouCan","CombatPreparation+1","ViolentFlame","Riposte"],"picked":"LawAndOrder+1","floor":30.0},{"not_picked":["OldLady","Wellcheers"],"picked":"Porccubus","floor":33.0},{"not_picked":["SavageMode","RepressedFlesh"],"picked":"GutHarvesting","floor":33.0},{"not_picked":["LittleHelper","GreedKing"],"picked":"NothingThere","floor":35.0},{"not_picked":["StrikeDown","SinglePointStab+1","SuppressingShot+1","Parry2+1","KeepItFresh+1","QuickAttack+1","FleetFootsteps+1","Reload"],"picked":"InnerArdor+1","floor":35.0},{"not_picked":["MHz","BigBadWolf"],"picked":"Laetitia","floor":37.0},{"not_picked":["ShockRound","Wallop_lor+1","Guardian_lor","ForcefulGesture","EnergyCycle","DestructiveImpact+1","BayonetCombat+1","DesperateStruggle"],"picked":"IngredientHunt+1","floor":37.0},{"not_picked":["Mercenary","Rudolta"],"picked":"Scarecrow","floor":40.0},{"not_picked":["AutomatedMovement+1","MultiHit+1","SunsetBlade+1","FleetFootsteps","Juggling","MindPrepared","TrimTheIngredients","EndlessBattle"],"picked":"CleanUp","floor":40.0},{"not_picked":["VoidDream","LittlePrince"],"picked":"FieryBird","floor":42.0},{"not_picked":["FervidEmotions","FleetFootsteps","DarkCloud+1","ExtremeEdge","WaitUp+1","Marionette","EnergyStrike+1","SunsetBlade+1"],"picked":"TendonChords+1","floor":42.0},{"not_picked":["Scarecrow","Woodsman"],"picked":"NakedNest","floor":45.0},{"not_picked":["Multislash+1","PreemptiveStrike+1","YourShield","DevastatingThrash+1","Rewind","Diversion","ExtractFuel","FleetEdge+1"],"picked":"BiAn","floor":45.0},{"not_picked":["WallGazer","WhiteNight"],"picked":"Variant","floor":46.0},{"not_picked":["Unlock1","SnakesPrey","GrazeTheGrass+1","Marionette+1","Laceration","Eliminate+1","DarkCloud","BackAttack"],"picked":"Faith+1","floor":46.0},{"not_picked":["SilentOrchestra","BlueStar"],"picked":"WhiteNight","floor":47.0},{"not_picked":["SteelKnuckles+1","FrontalAssault","Multislash","UnavoidableGaze","QuickSuppression+1","RatsGuideToSurvival+1","Diversion","WillOfThePrescript+1"],"picked":"Disposal","floor":47.0},{"not_picked":["Woodsman","Alriune"],"picked":"BlackArmy","floor":55},{"not_picked":["NightInTheBackstreets","Ripple","EnergyShield","HiddenBlade","IronWall","Duel_lor","SuanNi","CoordinatedAssault+1"],"picked":"Faith+1","floor":55}],"player_experience":4519,"relics_obtained":[{"floor":1.0,"key":"LetterFromLob"},{"floor":6.0,"key":"reliquary:SilkGlove"},{"floor":8.0,"key":"Shovel"},{"floor":9.0,"key":"PageOfJudgementBird"},{"floor":23.0,"key":"testmod-Maize"},{"floor":29.0,"key":"Turnip"},{"floor":37.0,"key":"testmod-CrystalShield"},{"floor":40.0,"key":"PageOfLaetitia"},{"floor":43.0,"key":"MawBank"},{"floor":45.0,"key":"testmod-CasingShield"},{"floor":47.0,"key":"PreservedInsect"},{"floor":55,"key":"jedi:crownofsimplicity"}],"event_choices":[{"damage_healed":0.0,"max_hp_gain":0.0,"max_hp_loss":0.0,"gold_gain":0.0,"event_name":"conspire:Investor","player_choice":"Leave","floor":2.0,"gold_loss":0.0,"damage_taken":0.0},{"damage_healed":0.0,"max_hp_gain":0.0,"max_hp_loss":0.0,"gold_gain":0.0,"event_name":"给自己的盒子","player_choice":"Ignored","floor":5.0,"gold_loss":0.0,"damage_taken":0.0},{"cards_removed":["LightDefense"],"damage_healed":0.0,"max_hp_gain":0.0,"max_hp_loss":0.0,"gold_gain":0.0,"event_name":"Back to Basics","player_choice":"Elegance","floor":19.0,"gold_loss":0.0,"damage_taken":0.0},{"damage_healed":0.0,"max_hp_gain":0.0,"max_hp_loss":0.0,"gold_gain":0.0,"event_name":"Addict","player_choice":"Stole Relic","floor":24.0,"gold_loss":0.0,"damage_taken":0.0,"relics_obtained":["ReplayTheSpireMod:TigerMarble"],"cards_obtained":["Shame"]},{"damage_healed":0.0,"max_hp_gain":0.0,"max_hp_loss":0.0,"gold_gain":99.0,"event_name":"Nest","player_choice":"Stole From Cult","floor":28.0,"gold_loss":0.0,"damage_taken":0.0},{"damage_healed":0.0,"max_hp_gain":0.0,"max_hp_loss":0.0,"gold_gain":0.0,"event_name":"Ghosts","player_choice":"Ignored","floor":31.0,"gold_loss":0.0,"damage_taken":0.0},{"cards_removed":["UniverseFragment"],"damage_healed":0.0,"max_hp_gain":0.0,"max_hp_loss":0.0,"gold_gain":0.0,"event_name":"Falling","player_choice":"Removed Skill","floor":36.0,"gold_loss":0.0,"damage_taken":0.0},{"damage_healed":0.0,"max_hp_gain":0.0,"max_hp_loss":0.0,"gold_gain":0.0,"event_name":"Mysterious Sphere","player_choice":"Fight","floor":37.0,"gold_loss":0.0,"damage_taken":0.0},{"damage_healed":0.0,"max_hp_gain":0.0,"max_hp_loss":0.0,"gold_gain":0.0,"event_name":"Tomb of Lord Red Mask","player_choice":"Ignored","floor":38.0,"gold_loss":0.0,"damage_taken":0.0},{"damage_healed":0.0,"max_hp_gain":0.0,"max_hp_loss":0.0,"gold_gain":0.0,"event_name":"MindBloom","player_choice":"Fight","floor":45.0,"gold_loss":0.0,"damage_taken":0.0}],"is_beta":false,"boss_relics":[{"not_picked":["xbg","testmod-DreamHouse"],"picked":"Replay:Bronze Core"},{"not_picked":[]},{"not_picked":["FixedStarFall","testmod-Recursion"],"picked":"testmod-KeyOfTheVoid"},{"not_picked":[]}],"items_purged_floors":[3],"is_endless":false,"potions_floor_spawned":[4,8,14,14,16,18,22,23,23,27,29,40,42,46,55],"ascension_level":0}}