{"host":"7ue15d6wz1o7m0ar","time":1614224701,"event":{"mods":["BaseMod","Filter the Spire","Hermit","Minty Spire (QoL Compilation)","Replay The Spire","StSLib"],"gold_per_floor":[111,167,194,223,58,88,88,118,143,158,158,190,200,212,212,316,316,316,1,1,1,1,1,1,1,1,1,1,1,1,1,1,1,1,1,1,1,1,1,1,1,1,1,1,1,1,1,1,1,1],"floor_reached":51,"language":"ENG","playtime":2894,"items_purged":["ReplayTheSpireMod:Splinters"],"score":851,"play_id":"47636253-3ee2-40e6-8578-b791c6547618","local_time":"20210224214501","is_ascension_mode":true,"campfire_choices":[{"floor":15,"key":"REST"},{"data":"Burst","floor":28,"key":"SMITH"},{"data":"Accuracy","floor":32,"key":"SMITH"},{"data":"Hidden Blade","floor":41,"key":"SMITH"}],"circlet_count":0,"master_deck":["Defend_G+1","Defend_G+1","Defend_G+1","Defend_G+1","Defend_G+1","Survivor+1","Neutralize+1","Distraction+1","Blade Dance+1","Flying Knee+1","ReplayTheSpireMod:Speed Training+1","Accuracy+1","Backflip+1","Calculated Gamble+1","Cloak And Dagger+1","Dagger Throw+1","Burst+1","Replay:Bag of Tricks+1","Hidden Blade+1","Blade Dance+1","ReplayTheSpireMod:Scrap Shanks+1","Hidden Blade+1","Panache+1","Hidden Blade+1","Cloak And Dagger+1","Blade Dance+1","Acrobatics+1","Hidden Blade+1","Cloak And Dagger+1","Writhe"],"relics":["WristBlade","MawBank","Centennial Puzzle","Anchor","ReplayFunnel","White Beast Statue","Onion Ring","Ectoplasm","Red Mask","The Specimen","MealTicket","Nunchaku","Empty Cage","WingedGreaves","Bottled Lightning","Mark of the Bloom"],"acts_visited":["Exordium","TheCity","TheBeyond"],"potions_floor_usage":[8,16,16,16,29,29,38,40,48,50],"damage_taken":[{"damage":8.0,"enemies":"2 Louse","floor":1.0,"turns":4.0},{"damage":6.0,"enemies":"Small Slimes","floor":3.0,"turns":3.0},{"damage":9,"enemies":"Jaw Worm","floor":4,"turns":2},{"damage":6,"enemies":"3 Sentries","floor":6,"turns":6},{"damage":0,"enemies":"Lagavulin","floor":8,"turns":5},{"damage":0,"enemies":"Large Slime","floor":10,"turns":3},{"damage":9,"enemies":"Gremlin Nob","floor":12,"turns":3},{"damage":0,"enemies":"Exordium Wildlife","floor":13,"turns":2},{"damage":0,"enemies":"Gremlin Gang","floor":14,"turns":2},{"damage":14,"enemies":"Fading Forest","floor":16,"turns":11},{"damage":0,"enemies":"Shell Parasite","floor":18,"turns":2},{"damage":0,"enemies":"Spheric Guardian","floor":20,"turns":1},{"damage":5,"enemies":"Masked Bandits","floor":21,"turns":3},{"damage":0,"enemies":"Gremlin Leader","floor":23,"turns":5},{"damage":2,"enemies":"Snake Plant","floor":24,"turns":2},{"damage":1,"enemies":"Centurion and Healer","floor":27,"turns":2},{"damage":6,"enemies":"Replay:Snechameleon","floor":29,"turns":3},{"damage":0,"enemies":"Sentry and Sphere","floor":30,"turns":2},{"damage":0,"enemies":"3 Cultists","floor":31,"turns":2},{"damage":23,"enemies":"Automaton","floor":33,"turns":5},{"damage":0,"enemies":"3 Darklings","floor":35,"turns":2},{"damage":8,"enemies":"3 Shapes","floor":36,"turns":2},{"damage":5,"enemies":"Maw","floor":38,"turns":4},{"damage":12,"enemies":"4 Shapes","floor":39,"turns":3},{"damage":0,"enemies":"Reptomancer","floor":40,"turns":2},{"damage":0,"enemies":"Spire Growth","floor":46,"turns":2},{"damage":4,"enemies":"Sphere and 2 Shapes","floor":48,"turns":3},{"damage":19,"enemies":"Replay:Hell Engine","floor":50,"turns":3}],"seed_played":"7395923174004114351","potions_obtained":[{"floor":2.0,"key":"AttackPotion"},{"floor":3,"key":"Venom Potion"},{"floor":12,"key":"Strength Potion"},{"floor":13,"key":"Poison Potion"},{"floor":14,"key":"CunningPotion"},{"floor":16,"key":"Energy Potion"},{"floor":18,"key":"Block Potion"},{"floor":20,"key":"PowerPotion"},{"floor":29,"key":"DistilledChaos"},{"floor":30,"key":"Fire Potion"},{"floor":38,"key":"Death Potion"},{"floor":40,"key":"ColorlessPotion"},{"floor":48,"key":"Milkshake"}],"is_trial":false,"path_per_floor":["M","?","M","M","$","E","?","E","T","M","?","E","M","M","R","B",null,"M","$","M","?","?","E","M","?","T","M","R","E","M","M","R","B",null,"M","M","?","M","M","E","R","?","T","?","?","M","$","M","R","B",null],"character_chosen":"THE_SILENT","items_purchased":["Accuracy","Backflip","Blade Dance","ReplayTheSpireMod:Scrap Shanks","Hidden Blade","Panache"],"campfire_rested":1,"item_purchase_floors":[5,5,19,19,19,19],"current_hp_per_floor":[62,62,56,47,47,41,34,34,34,34,22,13,13,13,34,20,58,58,58,58,53,53,53,51,51,51,50,50,44,44,44,44,21,58,58,50,50,45,33,33,33,51,51,51,51,51,51,47,47,28],"gold":1,"neow_bonus":"BOSS_RELIC","is_daily":false,"chose_seed":false,"campfire_upgraded":3,"win_rate":0.0,"timestamp":1614224701,"path_taken":["M","?","M","M","$","E","?","E","T","M","?","E","M","M","R","BOSS","M","$","M","?","?","E","?","?","T","M","R","E","M","M","R","BOSS","M","M","?","?","M","E","R","?","T","?","?","?","?","M","R","BOSS"],"items_purchased_type":["Card","Card","Card","Card","Card","Card"],"build_version":"2020-12-22","purchased_purges":1,"victory":true,"max_hp_per_floor":[70,70,70,70,70,70,70,70,70,70,70,70,70,70,70,70,70,70,70,70,70,70,70,70,70,70,70,70,70,70,70,70,70,70,70,70,70,70,70,70,70,70,70,70,70,70,70,70,61,61],"card_choices":[{"not_picked":["Outmaneuver","Backflip"],"picked":"Distraction","floor":1.0},{"not_picked":["Deadly Poison","Hidden Blade"],"picked":"Blade Dance","floor":2.0},{"not_picked":["Skewer","Quick Slash"],"picked":"Flying Knee","floor":2.0},{"not_picked":["Backflip","Predator","Poison Darts"],"picked":"SKIP","floor":3},{"not_picked":["Eviscerate","Dagger Spray"],"picked":"ReplayTheSpireMod:Speed Training","floor":4},{"not_picked":["Deflect","Replay:Poison Smokescreen"],"picked":"Calculated Gamble","floor":6},{"not_picked":["Eviscerate","Dagger Spray"],"picked":"Cloak And Dagger","floor":8},{"not_picked":["Deadly Poison","Bane"],"picked":"Dagger Throw","floor":10},{"not_picked":["Choke","Blur"],"picked":"Burst","floor":12},{"not_picked":["Flying Knee","Underhanded Strike","Predator"],"picked":"SKIP","floor":13},{"not_picked":["Dagger Spray","ReplayTheSpireMod:Tripwire","Skewer"],"picked":"SKIP","floor":14},{"not_picked":["Venomology","Tools of the Trade"],"picked":"Replay:Bag of Tricks","floor":16},{"not_picked":["Dagger Spray","Sucker Punch+1"],"picked":"Hidden Blade","floor":18},{"not_picked":["ReplayTheSpireMod:Exploit Weakness","All Out Attack+1"],"picked":"Hidden Blade","floor":20},{"not_picked":["Backstab","Predator+1"],"picked":"Cloak And Dagger+1","floor":21},{"not_picked":["Backstab","Dodge and Roll+1"],"picked":"Blade Dance","floor":23},{"not_picked":["Sneak Up","PiercingWail","Dagger Spray"],"picked":"SKIP","floor":24},{"not_picked":["Dagger Spray","PiercingWail","Predator"],"picked":"SKIP","floor":27},{"not_picked":["Bouncing Flask","Terror","Slice"],"picked":"SKIP","floor":29},{"not_picked":["Fluid Movement","Unload"],"picked":"Acrobatics","floor":30},{"not_picked":["Predator","Underhanded Strike"],"picked":"Hidden Blade","floor":31},{"not_picked":["Bane","Sucker Punch+1","Acrobatics+1"],"picked":"SKIP","floor":35},{"not_picked":["Hidden Blade","Acrobatics+1","Outmaneuver+1"],"picked":"SKIP","floor":36},{"not_picked":["Escape Plan","Backflip"],"picked":"Cloak And Dagger","floor":38},{"not_picked":["Dagger Throw+1","Riddle With Holes+1","Escape Plan+1"],"picked":"SKIP","floor":39},{"not_picked":["Dash+1","Dodge and Roll+1","Flechettes+1"],"picked":"SKIP","floor":40},{"not_picked":["Flechettes+1","Underhanded Strike+1","Quick Slash+1"],"picked":"SKIP","floor":46},{"not_picked":["Slice+1","Bane+1","Draining Mist+1"],"picked":"SKIP","floor":48}],"player_experience":532669,"relics_obtained":[{"floor":2.0,"key":"MawBank"},{"floor":6,"key":"Centennial Puzzle"},{"floor":8,"key":"Anchor"},{"floor":9,"key":"ReplayFunnel"},{"floor":12,"key":"Onion Ring"},{"floor":21,"key":"Red Mask"},{"floor":23,"key":"The Specimen"},{"floor":26,"key":"MealTicket"},{"floor":29,"key":"Nunchaku"},{"floor":40,"key":"WingedGreaves"},{"floor":43,"key":"Bottled Lightning"}],"event_choices":[{"cards_removed":["Strike_G"],"damage_healed":0,"gold_gain":0,"player_choice":"Card Removal","damage_taken":7,"max_hp_gain":0,"max_hp_loss":0,"event_name":"Golden Wing","floor":7,"gold_loss":0},{"damage_healed":0,"gold_gain":0,"player_choice":"Success","damage_taken":12,"relics_obtained":["White Beast Statue"],"max_hp_gain":0,"max_hp_loss":0,"event_name":"Scrap Ooze","floor":11,"gold_loss":0},{"damage_healed":0,"gold_gain":0,"player_choice":"Fought Bandits","damage_taken":0,"max_hp_gain":0,"max_hp_loss":0,"event_name":"Masked Bandits","floor":21,"gold_loss":0},{"damage_healed":0,"gold_gain":100,"player_choice":"Pray","damage_taken":0,"max_hp_gain":0,"max_hp_loss":0,"event_name":"Golden Shrine","floor":22,"gold_loss":0},{"cards_removed":["Strike_G"],"damage_healed":0,"gold_gain":0,"player_choice":"Elegance","damage_taken":0,"max_hp_gain":0,"max_hp_loss":0,"event_name":"Back to Basics","floor":25,"gold_loss":0},{"cards_removed":["Strike_G"],"damage_healed":0,"gold_gain":0,"player_choice":"Purged","damage_taken":0,"max_hp_gain":0,"max_hp_loss":0,"event_name":"Purifier","floor":37,"gold_loss":0},{"damage_healed":18,"gold_gain":0,"player_choice":"Writhe","damage_taken":0,"max_hp_gain":0,"max_hp_loss":0,"event_name":"Winding Halls","floor":42,"gold_loss":0,"cards_obtained":["Writhe"]},{"damage_healed":0,"gold_gain":222,"player_choice":"Wore Mask","damage_taken":0,"max_hp_gain":0,"max_hp_loss":0,"event_name":"Tomb of Lord Red Mask","floor":44,"gold_loss":0},{"damage_healed":0,"gold_gain":0,"player_choice":"Upgrade","damage_taken":0,"relics_obtained":["Mark of the Bloom"],"max_hp_gain":0,"max_hp_loss":0,"event_name":"MindBloom","floor":45,"gold_loss":0,"cards_upgraded":["Defend_G","Defend_G","Defend_G","Defend_G","Defend_G","Survivor","Neutralize","Distraction","Blade Dance","Flying Knee","ReplayTheSpireMod:Speed Training","Backflip","Calculated Gamble","Cloak And Dagger","Dagger Throw","Replay:Bag of Tricks","Blade Dance","ReplayTheSpireMod:Scrap Shanks","Hidden Blade","Panache","Hidden Blade","Blade Dance","Acrobatics","Hidden Blade","Cloak And Dagger"]},{"damage_healed":61,"gold_gain":0,"player_choice":"Heal","damage_taken":0,"max_hp_gain":0,"max_hp_loss":9,"event_name":"The Moai Head","floor":49,"gold_loss":0}],"is_beta":false,"boss_relics":[{"not_picked":["ChewingGum","Runic Pyramid"],"picked":"Ectoplasm"},{"not_picked":["Velvet Choker","Snecko Scales"],"picked":"Empty Cage"}],"items_purged_floors":[5],"is_endless":false,"potions_floor_spawned":[3,12,13,14,16,18,20,21,23,24,27,29,30,31,33,35,36,38,39,40,46,48],"ascension_level":5}}