{"host":"gm50ke85n5jz306u","time":1614292502,"event":{"mods":["AchievementEnabler","AlwaysNeverKeys","Aspiration","BaseMod","Beaked The Cultist","Bestiary","Better Altar","Better Match","Better Note","Better Sensory Stone","Better Skull","Better Third Choice","Better Vampires","Better-Laid Plans","BetterRewards","Colored Powertips","Curses Come First","DNKmod","Defuse TimeMaze Blight","Disable Question Mark Monsters","Displayed Cursed Tome","Downfall","Emptier Cage","Extra Virgin Snecko Oil","Filter the Spire","Friendly Minions","Gremlin Skip","Hermit","Hubris","Hyrulean Relics","Ironclad Rager","Koishi","Lobotomy","Marisa????????","Marked Mod","Minty Spire (QoL Compilation)","Permanent Neow","Poor People Problems","Quick Restart","Reimu??????","Relic Filter Mod","Relic Sorter","Remove Card Discount Mod","Reorder Act Four","Replay The Spire","Shop Mod","StSLib","Synergy Search","Td1madao Mod","The Administrix","The Animator","The Blue Laboratory","The Bug Knight","The Construct","The Cursed","The Disciple","The Hierophant","The Necromancer","The Runesmith","The Senshi","The Servant 0.9.4","Thieving Mod","Transform Curses","WarShipGirlsR/????R mod"],"gold_per_floor":[10012,10032,10051,9166,9178,9178,9206,9206,9206,9223,9233,9252,9284,8713,8713,8790,8790,8763,8763,8225,8244,7628,7628,7640,7652,7704,7720,7720,7720,7743,7756,7756,7830,7830,7848,7865,7865,7882,7214,7242,7242,7273,7321,6921,6953,6356,6356,6366,6366,6366],"floor_reached":51,"language":"ENG","playtime":2455,"items_purged":["Bash","Strike_R","Strike_R","Strike_R","Strike_R","Strike_R","Pommel Strike","Headbutt","Body Slam","Twin Strike","Sword Boomerang","Parasite","Sword Boomerang","Inflame+1","Inflame+1","Defend_R","Defend_R","Defend_R","Defend_R","Headbutt+1","Headbutt+1"],"score":1713,"play_id":"444e8b0b-1c28-4804-94e6-fe7dfd5e5525","local_time":"20210225233502","is_ascension_mode":true,"campfire_choices":[{"data":"Body Slam","floor":6.0,"key":"SMITH"},{"data":"Headbutt","floor":8.0,"key":"SMITH"},{"data":"Inflame","floor":15.0,"key":"SMITH"},{"data":"Barricade","floor":23.0,"key":"SMITH"},{"data":"Shrug It Off","floor":29.0,"key":"SMITH"},{"data":"Headbutt","floor":32,"key":"SMITH"},{"floor":41,"key":"REST"},{"data":"Body Slam","floor":47,"key":"SMITH"},{"data":"Entrench","floor":49,"key":"SMITH"}],"circlet_count":0,"master_deck":["AscendersBane","Body Slam+1","Barricade+1","Shrug It Off+1","Entrench+1","Shrug It Off+1","Body Slam+1","Entrench+1"],"relics":["Burning Blood","Snack Pack","Ornamental Fan","aspiration:DSix","hubris:DeckOfHolding","aspiration:MobileForge","aspiration:WatcherSkillbook","aspiration:EmptySkull","ReplayFunnel","Mercury Hourglass","HandDrill","TheAbacus","hubris:ChampionShield","Red Skull","theSenshi:SailorFukuRelic","RuthlessExorcism:ReiMu","hubris:IronBody","Onion Ring","Sling","Lantern","Chemical X","MerchantsRug","hubris:Teleporter","Potion Belt","Lee\u0027s Waffle","Replay:Bottled Steam","Blood Vial","Orrery","Shovel"],"acts_visited":["Exordium","TheCity","TheBeyond"],"potions_floor_usage":[38],"damage_taken":[{"damage":1.0,"enemies":"Cultist","floor":1.0,"turns":3.0},{"damage":9.0,"enemies":"2 Louse","floor":2.0,"turns":2.0},{"damage":7.0,"enemies":"Small Slimes","floor":3.0,"turns":4.0},{"damage":11.0,"enemies":"Blue Slaver","floor":5.0,"turns":3.0},{"damage":35.0,"enemies":"Lagavulin","floor":7.0,"turns":6.0},{"damage":20.0,"enemies":"Exordium Thugs","floor":10.0,"turns":5.0},{"damage":0.0,"enemies":"Large Slime","floor":11.0,"turns":4.0},{"damage":0.0,"enemies":"2 Fungi Beasts","floor":12.0,"turns":2.0},{"damage":4.0,"enemies":"Gremlin Nob","floor":13.0,"turns":3.0},{"damage":34.0,"enemies":"The Guardian","floor":16.0,"turns":12.0},{"damage":13.0,"enemies":"2 Thieves","floor":18.0,"turns":4.0},{"damage":11.0,"enemies":"Spheric Guardian","floor":21.0,"turns":5.0},{"damage":1.0,"enemies":"Snecko","floor":24.0,"turns":6.0},{"damage":0.0,"enemies":"Chosen and Byrds","floor":25.0,"turns":3.0},{"damage":13.0,"enemies":"Snake Plant","floor":27.0,"turns":3.0},{"damage":0.0,"enemies":"3 Cultists","floor":31.0,"turns":4.0},{"damage":9,"enemies":"Champ","floor":33,"turns":10},{"damage":16,"enemies":"Orb Walker","floor":35,"turns":4},{"damage":49,"enemies":"3 Darklings","floor":36,"turns":7},{"damage":17,"enemies":"Writhing Mass","floor":38,"turns":6},{"damage":0,"enemies":"Giant Head","floor":40,"turns":4},{"damage":0,"enemies":"Reptomancer","floor":42,"turns":3},{"damage":0,"enemies":"Nemesis","floor":45,"turns":3},{"damage":0,"enemies":"Maw","floor":48,"turns":3},{"damage":0,"enemies":"Time Eater","floor":50,"turns":4}],"seed_played":"1413231563555362814","potions_obtained":[{"floor":5.0,"key":"Fruit Juice"},{"floor":11.0,"key":"champ:CounterPotion"},{"floor":12.0,"key":"BloodPotion"},{"floor":18.0,"key":"Weak Potion"},{"floor":31.0,"key":"Swift Potion"},{"floor":36,"key":"blueLaboratory:FruitPunch"},{"floor":45,"key":"Guardian:BlockOnCardUsePotion"}],"is_trial":false,"path_per_floor":["M","M","M","$","M","R","E","R","T","M","M","M","E","$","R","B",null,"M","?","$","M","$","R","M","M","T","M","?","R","T","M","R","B",null,"M","M","?","M","$","E","R","E","T","$","E","$","R","M","R","B",null],"character_chosen":"IRONCLAD","items_purchased":["Potion Belt","Onion Ring","Chemical X","MerchantsRug","Explosive Potion","blueLaboratory:BottledHope","Headbutt","Lantern","Inflame","Lee\u0027s Waffle","FairyPotion","Swift Potion","Sling","Ornamental Fan","GamblersBrew","Swift Potion","aspiration:EmptySkull","Mercury Hourglass","TheAbacus","Replay:Bottled Steam","Red Skull","HandDrill","Strength Potion","Body Slam","hubris:ChampionShield","Orrery","FearPotion","Snack Pack","hubris:Teleporter"],"campfire_rested":1,"item_purchase_floors":[4,4,4,4,4,4,14,14,14,14,14,14,20,20,20,20,22,22,22,39,39,39,39,44,44,44,44,46,46],"current_hp_per_floor":[73,70,69,69,64,64,40,40,40,26,32,38,40,87,87,59,80,73,73,73,68,68,68,73,79,79,72,77,77,77,83,83,80,85,75,32,32,23,23,29,54,60,60,60,68,68,68,76,76,84],"gold":6366,"neow_bonus":"DSIX","is_daily":false,"chose_seed":false,"campfire_upgraded":8,"win_rate":0.0,"timestamp":1614292502,"path_taken":["M","M","M","$","?","R","E","R","T","M","M","M","E","$","R","BOSS","M","?","$","M","$","R","M","M","T","M","?","R","?","M","R","BOSS","M","M","?","M","$","E","R","E","T","$","E","?","R","M","R","BOSS"],"items_purchased_type":["Relic","Relic","Relic","Relic","Potion","Potion","Card","Card","Card","Relic","Potion","Potion","Relic","Relic","Potion","Potion","Relic","Relic","Relic","Relic","Relic","Relic","Potion","Card","Relic","Relic","Potion","Relic","Relic"],"build_version":"2020-12-22","purchased_purges":21,"victory":true,"max_hp_per_floor":[75,75,75,75,75,75,80,80,80,80,80,80,80,87,87,87,87,87,87,87,87,87,87,87,87,87,87,87,87,87,87,87,87,87,87,87,87,89,86,86,86,86,86,86,86,86,86,86,86,86],"card_choices":[{"not_picked":["Clothesline","Havoc"],"picked":"Body Slam","floor":1.0},{"not_picked":["Abandon","Seeing Red"],"picked":"Twin Strike","floor":2.0},{"not_picked":["Eclipse","Body Slam"],"picked":"Headbutt","floor":3.0},{"not_picked":["Massacre","Warcry"],"picked":"Pommel Strike","floor":5.0},{"not_picked":["Exhume","Feed"],"picked":"Twin Strike","floor":7.0},{"not_picked":["Replay:Undeath\u0027s Touch","Shockwave","Abandon"],"picked":"SKIP","floor":10.0},{"not_picked":["Iron Wave","Heavy Blade"],"picked":"Headbutt","floor":11.0},{"not_picked":["Flex","Corruption"],"picked":"Sword Boomerang","floor":12.0},{"not_picked":["ReplayTheSpireMod:Stacked","Searing Blow"],"picked":"Body Slam","floor":13.0},{"not_picked":["Offering","Eclipse"],"picked":"Barricade","floor":16.0},{"not_picked":["Dropkick","Dual Wield+1","Clash","Twin Strike"],"picked":"SKIP","floor":18.0},{"not_picked":["Ghostly Armor","Armaments","ReplayTheSpireMod:Muscle Training","Run Through"],"picked":"SKIP","floor":21.0},{"not_picked":["Anger","Shockwave","Heavy Blade","Wild Strike"],"picked":"SKIP","floor":24.0},{"not_picked":["ReplayTheSpireMod:Strike From Hell","Run Through","Anger"],"picked":"Shrug It Off","floor":25.0},{"not_picked":["Clothesline","Massacre","ReplayTheSpireMod:Muscle Training"],"picked":"Sword Boomerang","floor":27.0},{"not_picked":["Second Wind","Perfected Strike","ReplayTheSpireMod:LeadingStrike"],"picked":"Entrench+1","floor":31.0},{"not_picked":["Headbutt+1","ReplayTheSpireMod:Strike From Hell","Seeing Red+1","Abandon+1"],"picked":"SKIP","floor":35},{"not_picked":["Anger","Armaments","Sever Soul","Evolve"],"picked":"SKIP","floor":36},{"not_picked":["Replay:Undeath\u0027s Touch","Sword Boomerang","Burning Pact"],"picked":"Shrug It Off+1","floor":38},{"not_picked":["Replay:Undeath\u0027s Touch","Second Wind","Intimidate+1","ReplayReversal"],"picked":"SKIP","floor":40},{"not_picked":["Armaments","Demon Form","ReplayTheSpireMod:Limb From Limb","Replay:Undeath\u0027s Touch+1"],"picked":"SKIP","floor":42},{"not_picked":["Corruption","Inflame","Pummel"],"picked":"Entrench","floor":44},{"not_picked":["Power Through+1","Double Tap","Bloodletting","Armaments"],"picked":"SKIP","floor":45},{"not_picked":["Battle Trance","Flex","Uppercut","Havoc"],"picked":"SKIP","floor":48}],"player_experience":496511,"relics_obtained":[{"floor":7.0,"key":"hubris:IronBody"},{"floor":13.0,"key":"hubris:DeckOfHolding"},{"floor":26.0,"key":"ReplayFunnel"},{"floor":30.0,"key":"theSenshi:SailorFukuRelic"},{"floor":40,"key":"Replay:Baseball"},{"floor":42,"key":"Blood Vial"},{"floor":43,"key":"RuthlessExorcism:ReiMu"},{"floor":45,"key":"Shovel"}],"event_choices":[{"damage_healed":0.0,"max_hp_gain":0.0,"max_hp_loss":0.0,"gold_gain":0.0,"event_name":"Duplicator","player_choice":"Copied","floor":19.0,"gold_loss":0.0,"damage_taken":0.0,"cards_obtained":["Inflame"]},{"cards_removed":["Twin Strike"],"damage_healed":5.0,"max_hp_gain":0.0,"max_hp_loss":0.0,"gold_gain":0.0,"event_name":"Bonfire Elementals","player_choice":"Offered Common","floor":28.0,"gold_loss":0.0,"damage_taken":0.0},{"cards_removed":["Twin Strike"],"damage_healed":5.0,"max_hp_gain":0.0,"max_hp_loss":0.0,"gold_gain":0.0,"event_name":"Bonfire Elementals","player_choice":"Offered Special","floor":28.0,"gold_loss":0.0,"damage_taken":0.0},{"damage_healed":0,"gold_gain":0,"player_choice":"Ignored","damage_taken":0,"max_hp_gain":0,"max_hp_loss":0,"event_name":"betterNote:BetterNote","floor":37,"gold_loss":0,"cards_obtained":["Apotheosis"]}],"is_beta":false,"boss_relics":[{"not_picked":["Coffee Dripper","ReplayTheSpireMod:Onyx Gauntlets"],"picked":"aspiration:WatcherSkillbook"},{"not_picked":["Runic Pyramid","beaked:SacredDeck"],"picked":"aspiration:MobileForge"}],"items_purged_floors":[4,4,4,4,14,14,14,14,14,22,39,39,39,39,39,39,39,39,39,44,44],"is_endless":false,"potions_floor_spawned":[5,7,11,12,16,18,24,25,31,36,42,45],"ascension_level":18}}