{"host":"clf2hd4adhiiw0zf","time":1614296194,"event":{"mods":["AchievementEnabler","Aspiration","BaseMod","Beaked The Cultist","Bestiary","Dark Map","Downfall","Gremlin Mod","Hermit","Hubris","Infinite Spire","Jorbs\u0027s Wanderer Trilogy","Marisa????????","Minty Spire (QoL Compilation)","Monster B Gone","Quick Restart","Reliquary","Replay The Spire","Shop Mod","Spire Arcade","StSLib","The Construct","The Cursed","The Disciple","The Marked","Wide Potions"],"gold_per_floor":[115,135,135,235,252,280,280,293,319,319,346,361,361,371,371,472,472,492,506,221,221,221],"floor_reached":20,"language":"ENG","playtime":1467,"items_purged":[],"score":288,"play_id":"9f60aa6b-472f-430c-bf01-3d7a7707bb78","local_time":"20210225163634","is_ascension_mode":true,"campfire_choices":[{"data":"ReplayUltimateDefense","floor":10.0,"key":"SMITH"}],"circlet_count":0,"master_deck":["AscendersBane","Guardian:Strike_Guardian","Guardian:Strike_Guardian","Guardian:Strike_Guardian","Guardian:Strike_Guardian","Guardian:Defend_Guardian","Guardian:Defend_Guardian","Guardian:Defend_Guardian","Guardian:CurlUp","Guardian:TwinSlam","beaked:Strike_Y","ReplayUltimateDefense+1","Guardian:PiercingHide","Guardian:Suspension","Guardian:SentryBeam+1","Guardian:Reroute","Guardian:TimeBomb","Guardian:StasisStrike","Guardian:DonusPower","Guardian:BronzeOrb","Guardian:ChargeCore","Guardian:Gem_Red","Guardian:StasisStrike","Guardian:TemporalShield","Guardian:BronzeOrb"],"relics":["Guardian:ModeShifterPlus","Toy Ornithopter","Question Card","infinitespire:Satchel","reliquary:TuningFork","hubris:Spice"],"acts_visited":["Exordium","TheCity"],"potions_floor_usage":[16,20],"damage_taken":[{"damage":15.0,"enemies":"Small Slimes","floor":1.0,"turns":3.0},{"damage":5.0,"enemies":"2 Louse","floor":2.0,"turns":4.0},{"damage":3.0,"enemies":"Cultist","floor":5.0,"turns":4.0},{"damage":17.0,"enemies":"3 Sentries","floor":6.0,"turns":9.0},{"damage":6.0,"enemies":"Exordium Wildlife","floor":8.0,"turns":5.0},{"damage":12.0,"enemies":"Gremlin Nob","floor":11.0,"turns":4.0},{"damage":10.0,"enemies":"Gremlin Gang","floor":12.0,"turns":4.0},{"damage":8.0,"enemies":"2 Fungi Beasts","floor":14.0,"turns":3.0},{"damage":10,"enemies":"Fading Forest","floor":16,"turns":11},{"damage":0,"enemies":"3 Byrds","floor":18,"turns":2},{"damage":0,"enemies":"Spheric Guardian","floor":19,"turns":5},{"damage":15,"enemies":"hubris:Merchant","floor":20,"turns":6}],"seed_played":"-2914057399737272120","potions_obtained":[{"floor":5.0,"key":"Weak Potion"},{"floor":6.0,"key":"Elixir"},{"floor":11.0,"key":"AttackPotion"},{"floor":13.0,"key":"SneckoOil"},{"floor":19,"key":"SkillPotion"}],"is_trial":false,"path_per_floor":["M","M","?","?","M","E","T","M","T","R","E","M","?","M","R","B",null,"M","M","$"],"character_chosen":"GUARDIAN","items_purchased":["hubris:Spice"],"campfire_rested":0,"item_purchase_floors":[20],"current_hp_per_floor":[57,52,52,52,49,32,32,26,26,26,14,14,14,6,6,6,62,62,62,65,65,65],"gold":221,"neow_bonus":"RANDOM_COLORLESS_2","is_daily":false,"chose_seed":false,"campfire_upgraded":1,"win_rate":0.0,"timestamp":1614296194,"path_taken":["M","M","?","?","?","E","?","?","T","R","E","M","?","M","R","BOSS","M","?","?"],"items_purchased_type":["Relic"],"build_version":"2020-12-22","purchased_purges":0,"victory":false,"max_hp_per_floor":[80,80,80,80,80,80,80,80,80,80,80,80,80,80,80,80,80,80,80,88,88,88],"card_choices":[{"not_picked":["Magnetism","Metamorphosis"],"picked":"ReplayUltimateDefense","floor":0.0},{"not_picked":["Guardian:TemporalShield","Guardian:Emergency"],"picked":"Guardian:PiercingHide","floor":1.0},{"not_picked":["Guardian:Gem_Green","Guardian:Planning"],"picked":"Guardian:Suspension","floor":2.0},{"not_picked":["Guardian:ChargeCore","Guardian:WalkerClaw"],"picked":"Guardian:Reroute","floor":5.0},{"not_picked":["Guardian:Incinerate","Guardian:Recover"],"picked":"Guardian:TimeBomb","floor":6.0},{"not_picked":["Guardian:Gem_Purple","Guardian:Gem_Green","Guardian:TemporalStrike"],"picked":"Guardian:StasisStrike","floor":8.0},{"not_picked":["Guardian:GemFire","Guardian:Suspension","Guardian:Gem_Cyan"],"picked":"Guardian:DonusPower","floor":11.0},{"not_picked":["Guardian:PrimingBeam","Guardian:Reroute","Guardian:CrystalBeam"],"picked":"Guardian:BronzeOrb","floor":12.0},{"not_picked":["Guardian:FloatingOrbs","Guardian:RollAttack","Guardian:EvasiveProtocol"],"picked":"Guardian:ChargeCore","floor":14.0},{"not_picked":["Guardian:GemFinder","Guardian:AncientConstruct","Guardian:BaubleBeam"],"picked":"Guardian:StasisStrike","floor":16},{"not_picked":["Guardian:Harden","Guardian:BodySlam","Guardian:ShieldCharger"],"picked":"Guardian:TemporalShield","floor":18},{"not_picked":["Guardian:ChargeCore","Guardian:RefractedBeam","Guardian:Incinerate"],"picked":"Guardian:BronzeOrb","floor":19}],"player_experience":414248,"relics_obtained":[{"floor":6.0,"key":"Toy Ornithopter"},{"floor":7.0,"key":"Question Card"},{"floor":9.0,"key":"infinitespire:Satchel"},{"floor":11.0,"key":"reliquary:TuningFork"}],"event_choices":[{"damage_healed":0.0,"max_hp_gain":0.0,"max_hp_loss":0.0,"gold_gain":100.0,"event_name":"Golden Shrine","player_choice":"Pray","floor":4.0,"gold_loss":0.0,"damage_taken":0.0},{"damage_healed":0.0,"max_hp_gain":0.0,"max_hp_loss":0.0,"gold_gain":0.0,"event_name":"Lab","player_choice":"Got Potions","floor":13.0,"gold_loss":0.0,"damage_taken":0.0}],"is_beta":false,"boss_relics":[{"not_picked":["Velvet Choker","reliquary:Ember"],"picked":"Guardian:ModeShifterPlus"}],"items_purged_floors":[],"is_endless":false,"potions_floor_spawned":[5,6,11,19],"killed_by":"hubris:Merchant","ascension_level":11}}