{"host":"nihqlga4zpmrcpl9","time":1614266441,"event":{"mods":["BaseMod","LagranYue(拉格朗・月)","Marisa（F雨　魔理沙）","Minty Spire (QoL Compilation)","Replay The Spire","Shop Mod","StSLib","The Bug Knight","The Cursed","The Hierophant","The Servant 0.9.4"],"gold_per_floor":[12,27,38,48,48,82,153,197,197,197,236,236,267,26,123,249,249,289,309,309,337,10,10,52,151,151,177,177,228,276,301,301,420,420,460,536,572,625,645,645],"floor_reached":39,"language":"ZHS","playtime":8698,"items_purged":[],"score":608,"play_id":"b335575a-55cf-427b-805d-b5461967b2b1","local_time":"20210225232041","is_ascension_mode":true,"campfire_choices":[{"data":"Cloak And Dagger","floor":12.0,"key":"SMITH"},{"data":"Footwork","floor":23,"key":"SMITH"},{"data":"Footwork","floor":32,"key":"SMITH"}],"circlet_count":0,"master_deck":["Strike_G","Strike_G","Strike_G","Strike_G","Strike_G","Defend_G","Defend_G","Defend_G","Defend_G","Defend_G","Survivor","Neutralize","Infinite Blades","Cloak And Dagger+1","Blade Dance","Deflect","PiercingWail","ReplayTheSpireMod:Splinters","ReplayTheSpireMod:Shiv Toss","Backflip","Hidden Blade","Dagger Spray","Cloak And Dagger","Footwork+1","Footwork+1","Hidden Blade","Outmaneuver","Wraith Form v2","Acrobatics","Prepared+1","Slice","Deep Breath","Adrenaline","Skewer+1","Fluid Movement","Quick Slash+1","Prepared","Dodge and Roll+1","ReplayTheSpireMod:Scrap Shanks","Envenom","Fluid Movement","Outmaneuver","Dash","Finisher+1"],"relics":["Ring of the Snake","LagranYue:RandomDrawCardRelic","CaptainsWheel","Letter Opener","Pen Nib","Replay:Bandana","Gambling Chip","Replay:WaspNest","MealTicket","MerchantsRug","Busted Crown","Turnip","Snack Pack","Pear","Art of War","Painkiller Herb","TungstenRod","LagranYue:RareGoldArmorRelic"],"acts_visited":["Exordium","TheCity","TheBeyond"],"potions_floor_usage":[33,38,39],"damage_taken":[{"damage":2.0,"enemies":"Jaw Worm","floor":1.0,"turns":6.0},{"damage":0.0,"enemies":"2 Louse","floor":2.0,"turns":4.0},{"damage":0.0,"enemies":"Small Slimes","floor":3.0,"turns":3.0},{"damage":0.0,"enemies":"Red Slaver","floor":4.0,"turns":5.0},{"damage":22.0,"enemies":"HollowMod:MossKnight","floor":6.0,"turns":6.0},{"damage":26.0,"enemies":"Replay:BlueRogue","floor":8.0,"turns":7.0},{"damage":0.0,"enemies":"HollowMod:MossKnight","floor":11.0,"turns":7.0},{"damage":1.0,"enemies":"Lots of Slimes","floor":13.0,"turns":4.0},{"damage":30.0,"enemies":"The Guardian","floor":16.0,"turns":12.0},{"damage":0.0,"enemies":"Spheric Guardian","floor":18.0,"turns":4.0},{"damage":26.0,"enemies":"Chosen and Byrds","floor":19.0,"turns":7.0},{"damage":27,"enemies":"Snecko","floor":21,"turns":5},{"damage":0,"enemies":"3 Cultists","floor":24,"turns":6},{"damage":0,"enemies":"Centurion and Healer","floor":27,"turns":6},{"damage":15,"enemies":"Gremlin Leader","floor":29,"turns":5},{"damage":7,"enemies":"Sentry and Sphere","floor":31,"turns":6},{"damage":47,"enemies":"Champ","floor":33,"turns":12},{"damage":8,"enemies":"3 Shapes","floor":35,"turns":5},{"damage":0,"enemies":"Mind Bloom Boss Battle","floor":36,"turns":6},{"damage":22,"enemies":"3 Darklings","floor":37,"turns":6},{"damage":63,"enemies":"2 Orb Walkers","floor":38,"turns":7},{"damage":9,"enemies":"Transient","floor":39,"turns":3}],"seed_played":"3860311031725556377","potions_obtained":[{"floor":1.0,"key":"Fire Potion"},{"floor":2.0,"key":"SmokeBomb"},{"floor":7.0,"key":"Block Potion"},{"floor":16.0,"key":"Block Potion"},{"floor":18.0,"key":"GamblersBrew"},{"floor":19.0,"key":"PowerPotion"},{"floor":31,"key":"EssenceOfSteel"},{"floor":33,"key":"Swift Potion"},{"floor":38,"key":"Elixir"}],"is_trial":false,"path_per_floor":["M","M","M","M","?","E","?","E","T","?","E","R","M","$","R","B",null,"M","M","?","M","$","R","M","?","T","M","?","E","T","M","R","B",null,"?","?","?","?","?"],"character_chosen":"THE_SILENT","items_purchased":["Footwork","Hidden Blade","MerchantsRug","Outmaneuver","Turnip","Fluid Movement"],"campfire_rested":0,"item_purchase_floors":[14,14,14,14,22,22],"current_hp_per_floor":[68,68,68,68,65,43,43,17,17,40,40,40,39,54,54,24,59,59,33,33,6,21,21,21,21,21,29,29,28,28,27,27,4,61,61,75,61,6,0,0],"gold":645,"neow_bonus":"ONE_RARE_RELIC","is_daily":false,"chose_seed":false,"campfire_upgraded":3,"win_rate":0.0,"timestamp":1614266441,"path_taken":["M","M","M","M","?","E","?","E","T","?","E","R","M","$","R","BOSS","M","M","?","M","?","R","?","?","T","M","?","E","?","M","R","BOSS","?","?","?","?","?"],"items_purchased_type":["Card","Card","Relic","Card","Relic","Card"],"build_version":"2020-12-22","purchased_purges":0,"victory":false,"max_hp_per_floor":[70,70,70,70,70,70,70,70,70,70,70,70,70,70,70,70,70,70,70,70,70,70,70,70,70,70,70,70,80,80,80,80,80,80,80,80,80,80,80,80],"card_choices":[{"not_picked":["Hidden Blade","Acrobatics"],"picked":"Infinite Blades","floor":1.0},{"not_picked":["Sucker Punch","Underhanded Strike"],"picked":"Cloak And Dagger","floor":2.0},{"not_picked":["Prepared","Noxious Fumes"],"picked":"Blade Dance","floor":3.0},{"not_picked":["Quick Slash","Sucker Punch"],"picked":"Deflect","floor":4.0},{"not_picked":["Backflip","Die Die Die"],"picked":"PiercingWail","floor":6.0},{"not_picked":["Flying Knee","Terror"],"picked":"ReplayTheSpireMod:Shiv Toss","floor":7.0},{"not_picked":["ReplayTheSpireMod:Tripwire","Slice"],"picked":"Backflip","floor":7.0},{"not_picked":["ReplayTheSpireMod:Exploit Weakness","Deadly Poison"],"picked":"Hidden Blade","floor":8.0},{"not_picked":["Bane","Deflect"],"picked":"Dagger Spray","floor":11.0},{"not_picked":["Dash","Fluid Movement"],"picked":"Cloak And Dagger","floor":13.0},{"not_picked":["ReplayTheSpireMod:Necrosis","Unload"],"picked":"Wraith Form v2","floor":16.0},{"not_picked":[],"picked":"Acrobatics","floor":18.0},{"not_picked":[],"picked":"Prepared+1","floor":19.0},{"not_picked":[],"picked":"Skewer+1","floor":21},{"not_picked":[],"picked":"Quick Slash+1","floor":24},{"not_picked":[],"picked":"Prepared","floor":27},{"not_picked":[],"picked":"Dodge and Roll+1","floor":29},{"not_picked":[],"picked":"ReplayTheSpireMod:Scrap Shanks","floor":31},{"not_picked":[],"picked":"Envenom","floor":33},{"not_picked":[],"picked":"Fluid Movement","floor":35},{"not_picked":[],"picked":"Outmaneuver","floor":36},{"not_picked":[],"picked":"Dash","floor":37},{"not_picked":[],"picked":"Finisher+1","floor":38}],"player_experience":822000,"relics_obtained":[{"floor":6.0,"key":"Pen Nib"},{"floor":7.0,"key":"Replay:Bandana"},{"floor":8.0,"key":"Gambling Chip"},{"floor":9.0,"key":"Replay:WaspNest"},{"floor":11.0,"key":"MealTicket"},{"floor":26,"key":"Snack Pack"},{"floor":29,"key":"Pear"},{"floor":30,"key":"Art of War"},{"floor":36,"key":"TungstenRod"},{"floor":38,"key":"LagranYue:RareGoldArmorRelic"}],"event_choices":[{"damage_healed":0.0,"max_hp_gain":0.0,"max_hp_loss":0.0,"gold_gain":0.0,"event_name":"Scrap Ooze","player_choice":"Success","floor":5.0,"gold_loss":0.0,"damage_taken":3.0,"relics_obtained":["Letter Opener"]},{"damage_healed":23.0,"max_hp_gain":0.0,"max_hp_loss":0.0,"gold_gain":0.0,"event_name":"Big Fish","player_choice":"Banana","floor":10.0,"gold_loss":0.0,"damage_taken":0.0},{"damage_healed":0.0,"max_hp_gain":0.0,"max_hp_loss":0.0,"gold_gain":0.0,"event_name":"Match and Keep!","player_choice":"3 cards matched","floor":20.0,"gold_loss":0.0,"damage_taken":0.0,"cards_obtained":["Slice","Deep Breath","Adrenaline"]},{"damage_healed":0,"gold_gain":99,"player_choice":"Stole From Cult","damage_taken":0,"max_hp_gain":0,"max_hp_loss":0,"event_name":"Nest","floor":25,"gold_loss":0},{"damage_healed":0,"gold_gain":0,"player_choice":"Ignored","damage_taken":0,"max_hp_gain":0,"max_hp_loss":0,"event_name":"The Mausoleum","floor":28,"gold_loss":0},{"damage_healed":0,"gold_gain":0,"player_choice":"Fight","damage_taken":0,"max_hp_gain":0,"max_hp_loss":0,"event_name":"MindBloom","floor":36,"gold_loss":0},{"damage_healed":0,"gold_gain":0,"player_choice":"Fight","damage_taken":0,"max_hp_gain":0,"max_hp_loss":0,"event_name":"Mysterious Sphere","floor":38,"gold_loss":0}],"is_beta":false,"boss_relics":[{"not_picked":["Black Star","Pandora\u0027s Box"],"picked":"Busted Crown"},{"not_picked":["Philosopher\u0027s Stone","Ring of Chaos"],"picked":"Painkiller Herb"}],"items_purged_floors":[],"is_endless":false,"potions_floor_spawned":[1,2,8,13,16,18,19,31,33,38],"killed_by":"Transient","ascension_level":5}}