{"host":"v54ek091sdz7ha6h","time":1614265755,"event":{"mods":["BaseMod","Colored Map","Colored Powertips","Custom Start","DeckTracker","Highlight Path","KOR Keyword Fix","Minty Spire (QoL Compilation)","Random Character Button","Rare Cards Sparkle","Relic Stats","StSLib","SuperFastMode","everything is the same but u backflip on backflip"],"gold_per_floor":[114,161,161,177,177,177,212,226,276,131,151,176,195,211,211,312,312,332,78,78,89,109,128,128,147,147,162,162,172,203,218,218,218,218,230,247,51,65,65,65,84,84,84,0,27,41,41,73,73,73,73,73,25,53,53],"floor_reached":56,"language":"KOR","playtime":2375,"items_purged":["Strike_G","Defend_G","Blade Dance"],"score":1418,"play_id":"9e0bfabc-53b8-460f-9115-a2b68f5b791c","local_time":"20210226000915","is_ascension_mode":false,"campfire_choices":[{"data":"Acrobatics","floor":6.0,"key":"SMITH"},{"data":"Tactician","floor":15.0,"key":"SMITH"},{"data":"Reflex","floor":32.0,"key":"SMITH"},{"data":"Tactician","floor":40,"key":"SMITH"},{"floor":42,"key":"RECALL"},{"data":"Accuracy","floor":47,"key":"SMITH"},{"data":"Well Laid Plans","floor":49,"key":"SMITH"},{"data":"Calculated Gamble","floor":52,"key":"SMITH"}],"circlet_count":0,"master_deck":["Defend_G","Defend_G","Survivor","Neutralize+1","Acrobatics+1","Predator","Blade Dance","Dagger Throw+1","Accuracy+1","Tactician+1","Reflex+1","Grand Finale","Flying Knee+1","Footwork+1","Crippling Poison+1","Calculated Gamble+1","Backflip","Cloak And Dagger+1","Blur","Tactician+1","Setup+1","Outmaneuver+1","Parasite","Well Laid Plans+1"],"relics":["Ring of the Snake","NeowsBlessing","Vajra","Bottled Lightning","Akabeko","Nunchaku","Mummified Hand","Astrolabe","Medical Kit","Turnip","Kunai","Eternal Feather","Empty Cage","Red Mask","Pear","Orichalcum","Whetstone"],"acts_visited":["Exordium","TheCity","TheBeyond","TheEnding"],"potions_floor_usage":[53,55,55,55,55,55,55],"damage_taken":[{"damage":0.0,"enemies":"Cultist","floor":1.0,"turns":1.0},{"damage":0.0,"enemies":"2 Louse","floor":4.0,"turns":1.0},{"damage":0.0,"enemies":"3 Sentries","floor":7.0,"turns":1.0},{"damage":0.0,"enemies":"Jaw Worm","floor":8.0,"turns":2.0},{"damage":0.0,"enemies":"Large Slime","floor":11.0,"turns":2.0},{"damage":8.0,"enemies":"Gremlin Nob","floor":12.0,"turns":3.0},{"damage":0.0,"enemies":"Exordium Wildlife","floor":13.0,"turns":2.0},{"damage":0.0,"enemies":"Lots of Slimes","floor":14.0,"turns":2.0},{"damage":29.0,"enemies":"The Guardian","floor":16.0,"turns":16.0},{"damage":0.0,"enemies":"Spheric Guardian","floor":18.0,"turns":3.0},{"damage":13.0,"enemies":"2 Thieves","floor":21.0,"turns":4.0},{"damage":0.0,"enemies":"Snecko","floor":22.0,"turns":3.0},{"damage":2.0,"enemies":"Chosen and Byrds","floor":23.0,"turns":3.0},{"damage":6.0,"enemies":"Snake Plant","floor":25.0,"turns":5.0},{"damage":12.0,"enemies":"Shelled Parasite and Fungi","floor":27.0,"turns":3.0},{"damage":9.0,"enemies":"Centurion and Healer","floor":29.0,"turns":4.0},{"damage":13.0,"enemies":"Slavers","floor":30.0,"turns":2.0},{"damage":5.0,"enemies":"Sentry and Sphere","floor":31.0,"turns":3.0},{"damage":0.0,"enemies":"Collector","floor":33.0,"turns":8.0},{"damage":11,"enemies":"3 Shapes","floor":35,"turns":2},{"damage":0,"enemies":"3 Darklings","floor":36,"turns":1},{"damage":0,"enemies":"Spire Growth","floor":38,"turns":4},{"damage":0,"enemies":"Jaw Worm Horde","floor":41,"turns":2},{"damage":0,"enemies":"Reptomancer","floor":45,"turns":7},{"damage":0,"enemies":"Writhing Mass","floor":46,"turns":9},{"damage":38,"enemies":"Giant Head","floor":48,"turns":10},{"damage":0,"enemies":"Donu and Deca","floor":50,"turns":8},{"damage":18,"enemies":"Shield and Spear","floor":54,"turns":6},{"damage":42,"enemies":"The Heart","floor":55,"turns":11}],"seed_played":"2473394402900752634","potions_obtained":[{"floor":3.0,"key":"Fruit Juice"},{"floor":3.0,"key":"Regen Potion"},{"floor":3.0,"key":"Dexterity Potion"},{"floor":7.0,"key":"LiquidMemories"},{"floor":22.0,"key":"Block Potion"},{"floor":25.0,"key":"SmokeBomb"},{"floor":30.0,"key":"Energy Potion"},{"floor":31.0,"key":"Swift Potion"},{"floor":38,"key":"EntropicBrew"},{"floor":41,"key":"Fruit Juice"}],"is_trial":false,"path_per_floor":["M","T","?","M","T","R","E","M","T","$","M","E","M","M","R","B",null,"M","$","?","M","M","M","?","M","T","M","?","M","E","M","R","B",null,"M","M","$","M","?","R","M","R","T","?","E","M","R","E","R","B",null,"R","$","E","B",null],"character_chosen":"THE_SILENT","items_purchased":["Accuracy","Medical Kit","Blur","Strength Potion"],"campfire_rested":0,"item_purchase_floors":[10,19,37,53],"current_hp_per_floor":[70,70,70,70,70,70,75,75,75,75,75,67,67,67,67,38,75,75,75,75,62,62,60,60,68,68,56,56,47,34,29,41,41,75,64,64,64,64,64,75,75,75,75,75,85,85,85,47,59,59,85,85,90,72,45],"gold":53,"neow_bonus":"THREE_ENEMY_KILL","is_daily":false,"chose_seed":false,"campfire_upgraded":7,"win_rate":0.0,"timestamp":1614265755,"path_taken":["M","?","?","?","?","R","E","M","T","?","M","E","M","?","R","BOSS","M","$","?","M","M","M","?","M","T","M","?","M","E","M","R","BOSS","M","M","$","M","?","R","?","R","T","?","E","M","R","E","R","BOSS","R","$","E","BOSS"],"items_purchased_type":["Card","Relic","Card","Potion"],"build_version":"2020-12-22","purchased_purges":3,"victory":true,"max_hp_per_floor":[70,70,70,70,70,70,75,75,75,75,75,75,75,75,75,75,75,75,75,75,75,75,75,75,75,75,75,75,75,75,75,75,75,75,75,75,75,75,75,75,75,75,75,75,85,85,85,85,85,85,85,85,90,90,90],"relic_stats":{"Nunchaku":[40],"counters":[29,128],"Mummified Hand":[48],"Astrolabe":["Flying Knee","Footwork","All Out Attack"],"Eternal Feather":35,"Turnip":[10],"Kunai":[66],"Whetstone":["Dagger Throw","Neutralize"],"Orichalcum":[0],"Medical Kit":[12],"obtain_stats":[{"Pear":45,"NeowsBlessing":0,"Astrolabe":17,"Vajra":2,"Eternal Feather":30,"Whetstone":54,"Orichalcum":48,"Medical Kit":19,"Empty Cage":34,"Akabeko":7,"Nunchaku":9,"Mummified Hand":12,"Turnip":26,"Red Mask":44,"Bottled Lightning":5,"Kunai":28,"Ring of the Snake":0},{"Pear":24,"NeowsBlessing":0,"Astrolabe":9,"Vajra":1,"Eternal Feather":17,"Whetstone":28,"Orichalcum":26,"Medical Kit":10,"Empty Cage":19,"Akabeko":3,"Nunchaku":4,"Mummified Hand":6,"Turnip":14,"Red Mask":23,"Bottled Lightning":2,"Kunai":15,"Ring of the Snake":0},{"Pear":84,"NeowsBlessing":0,"Astrolabe":30,"Vajra":1,"Eternal Feather":57,"Whetstone":117,"Orichalcum":103,"Medical Kit":33,"Empty Cage":68,"Akabeko":3,"Nunchaku":5,"Mummified Hand":10,"Turnip":48,"Red Mask":77,"Bottled Lightning":2,"Kunai":51,"Ring of the Snake":0}],"Ring of the Snake":[58]},"card_choices":[{"not_picked":["Expertise","Quick Slash"],"picked":"Acrobatics","floor":1.0},{"not_picked":["Prepared","Bullet Time"],"picked":"Predator","floor":4.0},{"not_picked":["Predator","Sucker Punch"],"picked":"Blade Dance","floor":7.0},{"not_picked":["Blade Dance","Flechettes"],"picked":"Dagger Throw","floor":8.0},{"not_picked":["Poisoned Stab","Quick Slash"],"picked":"Tactician","floor":11.0},{"not_picked":["Well Laid Plans","Endless Agony","All Out Attack"],"picked":"SKIP","floor":12.0},{"not_picked":["Choke","Leg Sweep"],"picked":"Reflex","floor":13.0},{"not_picked":["Acrobatics","Bane","Dagger Throw"],"picked":"SKIP","floor":14.0},{"not_picked":["Tools of the Trade","Corpse Explosion"],"picked":"Grand Finale","floor":16.0},{"not_picked":["PiercingWail","Quick Slash"],"picked":"Crippling Poison+1","floor":18.0},{"not_picked":["Expertise+1","Dagger Spray"],"picked":"Calculated Gamble","floor":21.0},{"not_picked":["Finisher","Predator","Deadly Poison"],"picked":"SKIP","floor":22.0},{"not_picked":["Accuracy","Underhanded Strike"],"picked":"Backflip","floor":23.0},{"not_picked":["Flechettes+1","Deadly Poison"],"picked":"Cloak And Dagger+1","floor":25.0},{"not_picked":["Glass Knife","Dodge and Roll","Cloak And Dagger"],"picked":"SKIP","floor":27.0},{"not_picked":["Poisoned Stab","Slice","Dodge and Roll"],"picked":"SKIP","floor":29.0},{"not_picked":["Cloak And Dagger","Expertise","Glass Knife"],"picked":"SKIP","floor":30.0},{"not_picked":["Poisoned Stab","Skewer+1","Sucker Punch"],"picked":"SKIP","floor":31.0},{"not_picked":["Expertise+1","Dash+1"],"picked":"Blade Dance","floor":35},{"not_picked":["Dagger Throw+1","Flying Knee+1","Bane+1"],"picked":"SKIP","floor":36},{"not_picked":["Outmaneuver+1","Catalyst+1"],"picked":"Tactician","floor":38},{"not_picked":["Underhanded Strike+1","Masterful Stab","Setup+1"],"picked":"SKIP","floor":41},{"not_picked":["Underhanded Strike+1","Masterful Stab"],"picked":"Setup+1","floor":41},{"not_picked":["Backflip+1","Flying Knee"],"picked":"Outmaneuver+1","floor":45},{"not_picked":["Storm of Steel","Poisoned Stab","Setup"],"picked":"SKIP","floor":46},{"not_picked":["Dodge and Roll","Crippling Poison"],"picked":"Well Laid Plans","floor":48},{"not_picked":["Dagger Throw","Skewer","Choke+1"],"picked":"SKIP","floor":54}],"player_experience":1509587,"relics_obtained":[{"floor":2.0,"key":"Vajra"},{"floor":5.0,"key":"Bottled Lightning"},{"floor":7.0,"key":"Akabeko"},{"floor":9.0,"key":"Nunchaku"},{"floor":12.0,"key":"Mummified Hand"},{"floor":26.0,"key":"Turnip"},{"floor":30.0,"key":"Eternal Feather"},{"floor":45,"key":"Pear"},{"floor":48,"key":"Orichalcum"},{"floor":54,"key":"Whetstone"}],"event_choices":[{"damage_healed":0.0,"max_hp_gain":0.0,"max_hp_loss":0.0,"gold_gain":0.0,"event_name":"Lab","player_choice":"Got Potions","floor":3.0,"gold_loss":0.0,"damage_taken":0.0},{"damage_healed":0.0,"max_hp_gain":0.0,"max_hp_loss":0.0,"gold_gain":0.0,"event_name":"Vampires","player_choice":"Ignored","floor":20.0,"gold_loss":0.0,"damage_taken":0.0},{"cards_removed":["Strike_G"],"damage_healed":0.0,"max_hp_gain":0.0,"max_hp_loss":0.0,"gold_gain":0.0,"event_name":"Back to Basics","player_choice":"Elegance","floor":24.0,"gold_loss":0.0,"damage_taken":0.0},{"damage_healed":0.0,"max_hp_gain":0.0,"max_hp_loss":0.0,"gold_gain":0.0,"event_name":"The Mausoleum","player_choice":"Opened","floor":28.0,"gold_loss":0.0,"damage_taken":0.0,"relics_obtained":["Kunai"]},{"cards_removed":["All Out Attack"],"damage_healed":0,"gold_gain":0,"player_choice":"Purged","damage_taken":0,"max_hp_gain":0,"max_hp_loss":0,"event_name":"Purifier","floor":39,"gold_loss":0},{"damage_healed":0,"gold_gain":0,"player_choice":"Paid","damage_taken":0,"relics_obtained":["Red Mask"],"max_hp_gain":0,"max_hp_loss":0,"event_name":"Tomb of Lord Red Mask","floor":44,"gold_loss":84}],"is_beta":false,"boss_relics":[{"not_picked":["WristBlade","Snecko Eye"],"picked":"Astrolabe"},{"not_picked":["Ring of the Serpent","Calling Bell"],"picked":"Empty Cage"}],"items_purged_floors":[10,19,37],"is_endless":false,"potions_floor_spawned":[7,11,13,14,22,25,30,31,38,41,46],"ascension_level":0}}