{"host":"gf5stwjue315gxui","time":1614226407,"event":{"mods":["BaseMod","Downfall","Minty Spire (QoL Compilation)","Replay The Spire","StSLib","The Cursed","The Necromancer","The Servant 0.9.4"],"gold_per_floor":[99,113,123,133,133,148,174,174,77,89,89,100,117,147,164,260,260,230,243,243,47,47,47,47,47],"floor_reached":23,"language":"ENG","playtime":5083,"items_purged":[],"score":218,"play_id":"9ad81190-0637-4e80-8ca9-371d5076191c","local_time":"20210224201327","is_ascension_mode":false,"campfire_choices":[{"floor":1,"key":"DIG"},{"data":"hexamod:HeatCrush","floor":8,"key":"SMITH"}],"circlet_count":0,"master_deck":["hexamod:Defend","hexamod:Defend","hexamod:Defend","hexamod:Sear","hexamod:Float","hexamod:EmpoweredFlame","hexamod:HeatCrush+1","hexamod:GhostflameBarrier","hexamod:BurningTouch","hexamod:FastForward+1","hexamod:ThermalTransfer","hexamod:GhostOfSpirePast+1","hexamod:BacktrackSmack","hexamod:InspiringFlames","hexamod:RadiantFlame","hexamod:EmpoweredFlame","hexamod:ParanormalForm","hexamod:GhostShield","hexamod:TimeOfNeed","hexamod:ExtraCrispy","Bite","Bite","Bite","Bite","Bite","hexamod:NecessarySacrifice+1","hexamod:EmpoweredFlame+1"],"relics":["hexamod:SpiritBrand","Juzu Bracelet","Omamori","Matryoshka","Calling Bell","Pen Nib","Golden Egg","Gambling Chip","downfall:HeartBlessingGreen","Potion Belt","Enchiridion"],"acts_visited":["Exordium","TheCity"],"potions_floor_usage":[14,14,16,19],"damage_taken":[{"damage":1,"enemies":"2 Louse","floor":2,"turns":3},{"damage":0,"enemies":"Cultist","floor":3,"turns":3},{"damage":11,"enemies":"Jaw Worm","floor":4,"turns":3},{"damage":10,"enemies":"Large Slime","floor":6,"turns":6},{"damage":0,"enemies":"downfall:FleeingMerchant","floor":9,"turns":4},{"damage":0,"enemies":"3 Louse","floor":10,"turns":4},{"damage":0,"enemies":"downfall:LooterAlt","floor":12,"turns":3},{"damage":3,"enemies":"Red Slaver","floor":13,"turns":3},{"damage":15,"enemies":"3 Sentries","floor":14,"turns":7},{"damage":8,"enemies":"Gremlin Gang","floor":15,"turns":3},{"damage":16,"enemies":"SI_SHIV_ARCHETYPE","floor":16,"turns":9},{"damage":17,"enemies":"Spheric Guardian","floor":19,"turns":5},{"damage":15,"enemies":"downfall:FleeingMerchant","floor":21,"turns":4},{"damage":41,"enemies":"Book of Stabbing","floor":23,"turns":5}],"seed_played":"-5872471634656194763","potions_obtained":[{"floor":4,"key":"DuplicationPotion"},{"floor":6,"key":"hexamod:EctoCoolerPotion"},{"floor":14,"key":"SpeedPotion"},{"floor":15,"key":"Dexterity Potion"}],"is_trial":false,"path_per_floor":["R","M","M","M","?","M","T","R","$","M","?","M","M","E","M","B",null,"R","M","?","$","?","E"],"character_chosen":"THE_SPIRIT","items_purchased":["hexamod:GhostOfSpirePast","hexamod:BacktrackSmack","Potion Belt","hexamod:EmpoweredFlame"],"campfire_rested":0,"item_purchase_floors":[9,9,21,21],"current_hp_per_floor":[77,76,76,65,65,55,55,55,55,55,55,55,52,37,29,13,77,77,60,53,44,28,0,0,0],"gold":47,"neow_bonus":"TEN_PERCENT_HP_BONUS","is_daily":false,"chose_seed":false,"campfire_upgraded":1,"win_rate":0.0,"timestamp":1614226407,"path_taken":["R","M","M","M","?","M","T","R","$","M","?","M","M","E","M","BOSS","R","M","?","$","?","E"],"items_purchased_type":["Card","Card","Relic","Card"],"build_version":"2020-12-22","purchased_purges":0,"victory":false,"max_hp_per_floor":[77,77,77,77,77,77,77,77,77,77,77,77,77,77,77,77,77,77,77,53,53,53,53,53,53],"card_choices":[{"not_picked":["hexamod:AdvancingGuard","hexamod:HauntingEcho"],"picked":"hexamod:EmpoweredFlame","floor":2},{"not_picked":["hexamod:BacktrackSmack","hexamod:SpectersWail"],"picked":"hexamod:HeatCrush","floor":3},{"not_picked":["hexamod:AdvancingGuard","hexamod:SwordOfDarkness"],"picked":"hexamod:GhostflameBarrier","floor":4},{"not_picked":["hexamod:SkipABeat","hexamod:ShieldOfDarkness"],"picked":"hexamod:FastForward","floor":6},{"not_picked":["hexamod:Haunt","hexamod:TurnItUp"],"picked":"hexamod:ThermalTransfer","floor":9},{"not_picked":["hexamod:EmpoweredFlame","hexamod:Hexaguard"],"picked":"hexamod:InspiringFlames","floor":10},{"not_picked":["hexamod:BacktrackSmack","hexamod:Again"],"picked":"hexamod:RadiantFlame","floor":12},{"not_picked":["hexamod:ThermalTransfer","hexamod:RecurringNightmare"],"picked":"hexamod:EmpoweredFlame","floor":13},{"not_picked":["hexamod:NecessarySacrifice","hexamod:Hexaguard"],"picked":"hexamod:ParanormalForm","floor":14},{"not_picked":["hexamod:FastForward","hexamod:Firestarter"],"picked":"hexamod:GhostShield","floor":15},{"not_picked":["hexamod:UnleashSpirits","hexamod:TurnItUp"],"picked":"hexamod:TimeOfNeed","floor":16},{"not_picked":["hexamod:CatchUp","hexamod:GhostOfSpireFuture"],"picked":"hexamod:ExtraCrispy","floor":19},{"not_picked":["hexamod:GhostOfSpireFuture","hexamod:SwordOfDarkness"],"picked":"hexamod:NecessarySacrifice","floor":21}],"player_experience":111340,"relics_obtained":[{"floor":1,"key":"Juzu Bracelet"},{"floor":7,"key":"Omamori"},{"floor":14,"key":"Matryoshka"},{"floor":17,"key":"Pen Nib"},{"floor":17,"key":"Golden Egg"},{"floor":17,"key":"Gambling Chip"},{"floor":22,"key":"Enchiridion"}],"event_choices":[{"damage_healed":0,"gold_gain":0,"player_choice":"Became a vampire","damage_taken":0,"max_hp_gain":0,"max_hp_loss":24,"event_name":"Vampires","floor":20,"gold_loss":0,"cards_obtained":["Bite","Bite","Bite","Bite","Bite"]}],"is_beta":false,"boss_relics":[{"not_picked":["Astrolabe","Coffee Dripper"],"picked":"Calling Bell"}],"items_purged_floors":[],"is_endless":false,"potions_floor_spawned":[4,6,14,15],"killed_by":"Book of Stabbing","ascension_level":0}}