{"host":"sc0o2qwpf9j16a4i","time":1614277898,"event":{"mods":["AchievementEnabler","BaseMod","BetterRewards","Block Reminder","Colored Map","Colored Powertips","Custom Start","Highlight Path","Minty Spire (QoL Compilation)","Relic Stats"],"gold_per_floor":[113,113,113,43,43,70,70,102,102,157,171,199,199,273,273,372,372,416,416,101,101,201,229,229,256,256,287,396,490,563,598,598,702,702,772,898,898,1897,1943,1970,1970,2005,2005,2076,2076,2111,2120,2140,2140,2140],"floor_reached":51,"language":"ENG","playtime":3138,"items_purged":[],"score":1560,"play_id":"c8850ee3-2914-49d6-aec9-d5434ce68d54","local_time":"20210225203138","daily_mods":["SealedDeck","Purple Cards","Elite Swarm"],"is_ascension_mode":false,"campfire_choices":[{"data":"Omniscience","floor":7,"key":"SMITH"},{"data":"Wish","floor":13,"key":"SMITH"},{"data":"Meditate","floor":15,"key":"SMITH"},{"data":"Ragnarok","floor":24,"key":"SMITH"},{"floor":32,"key":"REST"},{"floor":41,"key":"DIG"},{"floor":47,"key":"REST"},{"data":"1","floor":49,"key":"LIFT"}],"circlet_count":0,"master_deck":["Sanctity+1","Evaluate+1","CutThroughFate+1","SignatureMove+1","Crescendo","ClearTheMind+1","EmptyMind+1","Meditate+1","Skewer+1","ClearTheMind","Escape Plan+1","Predator","FollowUp","Omniscience+1","Wish+1","Ragnarok+1","Prostrate","LessonLearned+1","Protect+1","Malaise+1","Wish+1","Bullet Time+1","Night Terror","Meditate","Adrenaline+1","PiercingWail","Wish+1","Ragnarok","CurseOfTheBell","Worship","Normality","Normality","Wish+1","Night Terror","Omniscience","Omniscience","LikeWater+1"],"relics":["Ring of the Snake","StrikeDummy","White Beast Statue","Pear","Art of War","Matryoshka","Snecko Eye","Dead Branch","Centennial Puzzle","Happy Flower","Dream Catcher","Blue Candle","Regal Pillow","InkBottle","Shovel","Bottled Lightning","Bag of Preparation","Calling Bell","Blood Vial","Singing Bowl","The Specimen","Tough Bandages","Calipers","CeramicFish","Question Card","Girya","Snake Skull","Incense Burner"],"acts_visited":["Exordium","TheCity","TheBeyond"],"potions_floor_usage":[10,10,12,23,23,30,36,36,40],"damage_taken":[{"damage":0,"enemies":"Cultist","floor":1,"turns":2},{"damage":0,"enemies":"Lagavulin","floor":6,"turns":2},{"damage":0,"enemies":"Gremlin Nob","floor":8,"turns":2},{"damage":0,"enemies":"Lagavulin","floor":10,"turns":4},{"damage":0,"enemies":"Jaw Worm","floor":11,"turns":1},{"damage":2,"enemies":"3 Sentries","floor":12,"turns":4},{"damage":9,"enemies":"2 Louse","floor":14,"turns":2},{"damage":0,"enemies":"Slime Boss","floor":16,"turns":4},{"damage":28,"enemies":"2 Thieves","floor":18,"turns":3},{"damage":4,"enemies":"Chosen","floor":22,"turns":4},{"damage":0,"enemies":"Gremlin Leader","floor":23,"turns":6},{"damage":0,"enemies":"Slavers","floor":25,"turns":4},{"damage":0,"enemies":"Book of Stabbing","floor":27,"turns":2},{"damage":8,"enemies":"Centurion and Healer","floor":28,"turns":3},{"damage":0,"enemies":"Gremlin Leader","floor":29,"turns":2},{"damage":0,"enemies":"Sentry and Sphere","floor":30,"turns":2},{"damage":0,"enemies":"Book of Stabbing","floor":31,"turns":6},{"damage":0,"enemies":"Collector","floor":33,"turns":6},{"damage":10,"enemies":"Orb Walker","floor":35,"turns":2},{"damage":24,"enemies":"3 Shapes","floor":36,"turns":6},{"damage":2,"enemies":"2 Orb Walkers","floor":39,"turns":4},{"damage":2,"enemies":"Nemesis","floor":40,"turns":5},{"damage":2,"enemies":"Giant Head","floor":42,"turns":7},{"damage":2,"enemies":"Reptomancer","floor":44,"turns":7},{"damage":2,"enemies":"Giant Head","floor":46,"turns":3},{"damage":1,"enemies":"Spire Growth","floor":48,"turns":2},{"damage":1,"enemies":"Donu and Deca","floor":50,"turns":3}],"seed_played":"-4019117316682825614","potions_obtained":[{"floor":1,"key":"LiquidMemories"},{"floor":6,"key":"DuplicationPotion"},{"floor":10,"key":"Swift Potion"},{"floor":11,"key":"GhostInAJar"},{"floor":12,"key":"SneckoOil"},{"floor":14,"key":"Weak Potion"},{"floor":22,"key":"Fire Potion"},{"floor":23,"key":"Explosive Potion"},{"floor":25,"key":"GhostInAJar"},{"floor":30,"key":"LiquidMemories"},{"floor":36,"key":"Fruit Juice"},{"floor":39,"key":"SteroidPotion"},{"floor":40,"key":"Swift Potion"}],"is_trial":true,"path_per_floor":["M","?","?","$","?","E","R","E","T","E","M","E","R","M","R","B",null,"M","?","$","T","M","E","R","E","T","E","M","E","M","E","R","B",null,"M","M","?","?","?","E","R","E","T","E","?","E","R","M","R","B",null],"character_chosen":"THE_SILENT","items_purchased":["Predator","Dead Branch"],"campfire_rested":2,"item_purchase_floors":[4,20],"current_hp_per_floor":[70,75,75,75,75,75,75,75,85,85,85,83,83,74,74,74,85,57,57,57,57,53,53,53,53,53,53,45,45,45,45,85,85,85,77,55,51,51,53,58,58,58,58,58,58,58,95,96,96,96],"gold":2140,"neow_bonus":"","is_daily":false,"chose_seed":false,"campfire_upgraded":4,"win_rate":0.0,"timestamp":1614277898,"path_taken":["M","?","?","$","?","E","R","E","T","E","?","E","R","M","R","BOSS","M","?","$","?","M","E","R","E","T","E","?","E","M","E","R","BOSS","M","M","?","?","?","E","R","E","T","E","?","E","R","M","R","BOSS"],"items_purchased_type":["Card","Relic"],"build_version":"2020-12-22","purchased_purges":0,"victory":true,"max_hp_per_floor":[70,75,75,75,75,75,75,75,85,85,85,85,85,85,85,85,85,85,85,85,85,85,85,85,85,85,85,85,85,85,85,85,85,85,87,87,93,93,95,100,100,100,100,100,95,95,95,97,97,97],"relic_stats":{"Regal Pillow":24,"Happy Flower":[24],"Singing Bowl":12,"counters":[27,98],"Dead Branch":[153],"Blue Candle":[12],"CeramicFish":36,"Snake Skull":[1],"Bag of Preparation":[10],"Question Card":4,"Blood Vial":13,"Centennial Puzzle":[19],"Dream Catcher":2,"Tough Bandages":[9],"Shovel":1,"Snecko Eye":[133,177,138,144],"Art of War":[22],"obtain_stats":[{"Regal Pillow":26,"Calipers":40,"Singing Bowl":34,"CeramicFish":41,"Snake Skull":44,"Bag of Preparation":31,"Incense Burner":46,"Blood Vial":34,"Centennial Puzzle":21,"Dream Catcher":23,"Tough Bandages":39,"Matryoshka":12,"Shovel":27,"InkBottle":26,"Ring of the Snake":0,"Girya":43,"Pear":9,"Happy Flower":21,"The Specimen":34,"Dead Branch":20,"Blue Candle":25,"Question Card":42,"White Beast Statue":8,"Calling Bell":34,"Snecko Eye":17,"Art of War":10,"Bottled Lightning":29,"StrikeDummy":6},{"Regal Pillow":12,"Calipers":22,"Singing Bowl":18,"CeramicFish":22,"Snake Skull":24,"Bag of Preparation":17,"Incense Burner":25,"Blood Vial":18,"Centennial Puzzle":9,"Dream Catcher":11,"Tough Bandages":21,"Matryoshka":6,"Shovel":13,"InkBottle":12,"Ring of the Snake":0,"Girya":23,"Pear":3,"Happy Flower":9,"The Specimen":18,"Dead Branch":9,"Blue Candle":12,"Question Card":23,"White Beast Statue":3,"Calling Bell":18,"Snecko Eye":8,"Art of War":4,"Bottled Lightning":15,"StrikeDummy":2},{"Regal Pillow":38,"Calipers":76,"Singing Bowl":59,"CeramicFish":76,"Snake Skull":90,"Bag of Preparation":53,"Incense Burner":93,"Blood Vial":59,"Centennial Puzzle":24,"Dream Catcher":34,"Tough Bandages":71,"Matryoshka":15,"Shovel":40,"InkBottle":38,"Ring of the Snake":0,"Girya":83,"Pear":6,"Happy Flower":24,"The Specimen":59,"Dead Branch":24,"Blue Candle":38,"Question Card":83,"White Beast Statue":6,"Calling Bell":59,"Snecko Eye":21,"Art of War":10,"Bottled Lightning":45,"StrikeDummy":4}],"InkBottle":[19],"Ring of the Snake":[54]},"card_choices":[{"not_picked":["WheelKick","Endless Agony"],"picked":"Escape Plan","floor":1},{"not_picked":["Phantasmal Killer","Die Die Die"],"picked":"Omniscience","floor":6},{"not_picked":["Phantasmal Killer","Establishment"],"picked":"Wish","floor":8},{"not_picked":["LessonLearned","Doppelganger"],"picked":"Ragnarok","floor":10},{"not_picked":["Slice","Acrobatics"],"picked":"Prostrate","floor":11},{"not_picked":["Judgement","Night Terror"],"picked":"LessonLearned","floor":12},{"not_picked":["Evaluate","Prepared"],"picked":"Protect","floor":14},{"not_picked":["Storm of Steel","MasterReality"],"picked":"Malaise","floor":16},{"not_picked":["Cloak And Dagger","PathToVictory","ThirdEye+1"],"picked":"SKIP","floor":18},{"not_picked":["ClearTheMind","Sanctity+1","CrushJoints"],"picked":"SKIP","floor":22},{"not_picked":["Devotion","ConjureBlade"],"picked":"Bullet Time","floor":23},{"not_picked":["Establishment","Envenom","Tools of the Trade"],"picked":"SKIP","floor":25},{"not_picked":["Adrenaline","SpiritShield"],"picked":"Night Terror","floor":27},{"not_picked":["Indignation","All Out Attack"],"picked":"Meditate","floor":28},{"not_picked":["ConjureBlade","Judgement"],"picked":"Adrenaline","floor":29},{"not_picked":["EmptyFist","Bouncing Flask"],"picked":"PiercingWail","floor":30},{"not_picked":["Devotion","Burst"],"picked":"Wish","floor":31},{"not_picked":["Grand Finale","Burst"],"picked":"Ragnarok","floor":33},{"not_picked":["Prostrate+1","FollowUp+1","Blade Dance"],"picked":"Singing Bowl","floor":35},{"not_picked":["Dagger Spray+1","ThirdEye"],"picked":"Worship","floor":36},{"not_picked":["Trip","Secret Weapon","Transmutation"],"picked":"Singing Bowl","floor":37},{"not_picked":["Bandage Up","Blind","Secret Technique"],"picked":"Singing Bowl","floor":37},{"not_picked":["Secret Weapon","Madness","Mayhem"],"picked":"Singing Bowl","floor":37},{"not_picked":["Backflip+1","Skewer","Dagger Spray"],"picked":"Singing Bowl","floor":39},{"not_picked":["Storm of Steel","Night Terror"],"picked":"Wish","floor":40},{"not_picked":["Tools of the Trade","Adrenaline"],"picked":"Night Terror","floor":42},{"not_picked":["Night Terror","Ragnarok","ConjureBlade"],"picked":"Omniscience","floor":44},{"not_picked":["Blasphemy","Alpha","Ragnarok"],"picked":"Omniscience","floor":46},{"not_picked":["Protect","PiercingWail","Deadly Poison"],"picked":"LikeWater+1","floor":47},{"not_picked":["Outmaneuver+1","Acrobatics+1","Expertise","All Out Attack"],"picked":"Singing Bowl","floor":48}],"player_experience":1563164,"relics_obtained":[{"floor":6,"key":"StrikeDummy"},{"floor":8,"key":"White Beast Statue"},{"floor":9,"key":"Pear"},{"floor":10,"key":"Art of War"},{"floor":12,"key":"Matryoshka"},{"floor":21,"key":"Centennial Puzzle"},{"floor":21,"key":"Happy Flower"},{"floor":23,"key":"Dream Catcher"},{"floor":25,"key":"Blue Candle"},{"floor":26,"key":"Regal Pillow"},{"floor":26,"key":"InkBottle"},{"floor":27,"key":"Shovel"},{"floor":29,"key":"Bottled Lightning"},{"floor":31,"key":"Bag of Preparation"},{"floor":34,"key":"Blood Vial"},{"floor":34,"key":"Singing Bowl"},{"floor":34,"key":"The Specimen"},{"floor":39,"key":"Tough Bandages"},{"floor":40,"key":"Calipers"},{"floor":41,"key":"CeramicFish"},{"floor":42,"key":"Question Card"},{"floor":43,"key":"Girya"},{"floor":44,"key":"Snake Skull"},{"floor":46,"key":"Incense Burner"}],"event_choices":[{"damage_healed":0,"gold_gain":0,"player_choice":"Donut","damage_taken":0,"max_hp_gain":5,"max_hp_loss":0,"event_name":"Big Fish","floor":2,"gold_loss":0},{"damage_healed":0,"gold_gain":0,"player_choice":"Grow","damage_taken":0,"max_hp_gain":0,"max_hp_loss":0,"event_name":"Living Wall","floor":3,"gold_loss":0,"cards_upgraded":["Skewer"]},{"damage_healed":0,"gold_gain":0,"player_choice":"1 cards matched","damage_taken":0,"max_hp_gain":0,"max_hp_loss":0,"event_name":"Match and Keep!","floor":5,"gold_loss":0,"cards_obtained":["FollowUp"]},{"damage_healed":0,"gold_gain":0,"player_choice":"Copied","damage_taken":0,"max_hp_gain":0,"max_hp_loss":0,"event_name":"Duplicator","floor":19,"gold_loss":0,"cards_obtained":["Wish"]},{"damage_healed":0,"gold_gain":0,"player_choice":"Memory 3","damage_taken":10,"max_hp_gain":0,"max_hp_loss":0,"event_name":"SensoryStone","floor":37,"gold_loss":0},{"damage_healed":0,"gold_gain":999,"player_choice":"Gold","damage_taken":0,"max_hp_gain":0,"max_hp_loss":0,"event_name":"MindBloom","floor":38,"gold_loss":0,"cards_obtained":["Normality","Normality"]},{"damage_healed":0,"gold_gain":0,"player_choice":"Fight","damage_taken":0,"max_hp_gain":0,"max_hp_loss":0,"event_name":"Mysterious Sphere","floor":39,"gold_loss":0},{"damage_healed":0,"gold_gain":0,"player_choice":"Max HP","damage_taken":0,"max_hp_gain":0,"max_hp_loss":5,"event_name":"Winding Halls","floor":45,"gold_loss":0}],"is_beta":false,"boss_relics":[{"not_picked":["Cursed Key","Tiny House"],"picked":"Snecko Eye"},{"not_picked":["Coffee Dripper","Philosopher\u0027s Stone"],"picked":"Calling Bell"}],"items_purged_floors":[],"is_endless":false,"potions_floor_spawned":[1,6,10,11,12,14,16,18,22,23,25,27,28,29,30,31,33,35,36,39,40,42,44,46,48],"ascension_level":0}}