{"host":"8rwnpls8n88jrgbg","time":1614227230,"event":{"mods":["AchievementEnabler","BaseMod","Colored Map","Colored Powertips","DeckTracker","Keyboard Shortcuts","Minty Spire (QoL Compilation)","Relic Stats","StSLib","SuperFastMode"],"gold_per_floor":[19,19,19,34,52,80,95,95,95,95,122,122,140,140,140,214,214,231,231,248,173,173,183,183,195,195,195,228,83,83,103,103,103,103],"floor_reached":33,"language":"KOR","playtime":1403,"items_purged":["Pain"],"score":481,"play_id":"bfd65deb-e318-4730-9e71-aed403791184","local_time":"20210225132710","is_ascension_mode":true,"campfire_choices":[{"data":"Night Terror","floor":8.0,"key":"SMITH"},{"data":"Bouncing Flask","floor":10.0,"key":"SMITH"},{"floor":15.0,"key":"REST"},{"floor":24.0,"key":"REST"},{"data":"Wraith Form v2","floor":27,"key":"SMITH"},{"floor":30,"key":"REST"},{"floor":32,"key":"REST"}],"circlet_count":0,"master_deck":["AscendersBane","Survivor","Neutralize","Violence","Riddle With Holes","Bouncing Flask+1","Bane","Night Terror+1","Acrobatics","Corpse Explosion","Wraith Form v2+1","Endless Agony","Envenom","Tools of the Trade","Sucker Punch","Malaise","After Image","Masterful Stab","Masterful Stab","Well Laid Plans","Tactician"],"relics":["Ring of the Snake","CaptainsWheel","Matryoshka","InkBottle","Pandora\u0027s Box","WarpedTongs","NlothsMask","Question Card","Singing Bowl","Blood Vial"],"acts_visited":[],"potions_floor_usage":[31,31,33],"damage_taken":[{"damage":5.0,"enemies":"Small Slimes","floor":1.0,"turns":5.0},{"damage":0.0,"enemies":"2 Louse","floor":4.0,"turns":3.0},{"damage":0.0,"enemies":"Cultist","floor":5.0,"turns":3.0},{"damage":23.0,"enemies":"Gremlin Nob","floor":6.0,"turns":4.0},{"damage":1.0,"enemies":"Blue Slaver","floor":7.0,"turns":3.0},{"damage":10.0,"enemies":"Lagavulin","floor":11.0,"turns":4.0},{"damage":7.0,"enemies":"Exordium Wildlife","floor":13.0,"turns":4.0},{"damage":17.0,"enemies":"The Guardian","floor":16.0,"turns":11.0},{"damage":11.0,"enemies":"Shell Parasite","floor":18.0,"turns":5.0},{"damage":14.0,"enemies":"Spheric Guardian","floor":20.0,"turns":4.0},{"damage":15.0,"enemies":"Snake Plant","floor":23.0,"turns":3.0},{"damage":1,"enemies":"Snecko","floor":25,"turns":4},{"damage":25,"enemies":"Book of Stabbing","floor":28,"turns":6},{"damage":23,"enemies":"Centurion and Healer","floor":31,"turns":5},{"damage":35,"enemies":"Collector","floor":33,"turns":2}],"seed_played":"1427703386747210336","potions_obtained":[{"floor":6.0,"key":"GhostInAJar"},{"floor":7.0,"key":"Poison Potion"},{"floor":13.0,"key":"BlessingOfTheForge"},{"floor":16.0,"key":"Weak Potion"},{"floor":31,"key":"GamblersBrew"}],"is_trial":false,"path_per_floor":["M","$","?","M","M","E","M","R","T","R","E","?","M","?","R","B",null,"M","?","M","$","?","M","R","M","T","R","E","$","R","M","R","B"],"character_chosen":"THE_SILENT","items_purchased":["Blood Vial"],"campfire_rested":4,"item_purchase_floors":[29],"current_hp_per_floor":[54,54,54,54,54,31,30,30,30,30,20,20,13,6,25,8,52,41,41,27,27,27,12,31,30,30,30,5,5,24,5,25,0,0],"gold":103,"neow_bonus":"RANDOM_COLORLESS_2","is_daily":false,"chose_seed":true,"campfire_upgraded":3,"win_rate":0.0,"timestamp":1614227230,"path_taken":["M","$","?","M","M","E","M","R","T","R","E","?","?","?","R","BOSS","M","?","?","$","?","M","R","M","T","R","E","?","R","M","R","BOSS"],"items_purchased_type":["Relic"],"build_version":"2020-12-22","purchased_purges":1,"victory":false,"max_hp_per_floor":[66,66,66,66,66,66,66,66,66,66,66,66,66,66,66,66,66,66,66,66,66,66,66,66,66,66,66,66,66,66,68,68,68,68],"relic_stats":{"Blood Vial":4,"Singing Bowl":2,"counters":[7,29],"Pandora\u0027s Box":[],"Question Card":2,"obtain_stats":[{"Blood Vial":29,"CaptainsWheel":0,"Matryoshka":0,"Singing Bowl":28,"Pandora\u0027s Box":0,"Question Card":26,"InkBottle":0,"Ring of the Snake":0,"WarpedTongs":19,"NlothsMask":22},{"Blood Vial":5,"CaptainsWheel":0,"Matryoshka":0,"Singing Bowl":5,"Pandora\u0027s Box":0,"Question Card":4,"InkBottle":0,"Ring of the Snake":0,"WarpedTongs":1,"NlothsMask":2},{"Blood Vial":22,"CaptainsWheel":0,"Matryoshka":0,"Singing Bowl":22,"Pandora\u0027s Box":0,"Question Card":16,"InkBottle":0,"Ring of the Snake":0,"WarpedTongs":5,"NlothsMask":9}],"InkBottle":[9],"Ring of the Snake":[15],"WarpedTongs":[24]},"card_choices":[{"not_picked":["Mayhem","Sadistic Nature"],"picked":"Violence","floor":0.0},{"not_picked":["Cloak And Dagger","Sucker Punch","Bane"],"picked":"SKIP","floor":1.0},{"not_picked":["Bane","Dagger Throw"],"picked":"Bouncing Flask","floor":4.0},{"not_picked":["Riddle With Holes","PiercingWail"],"picked":"Bane","floor":5.0},{"not_picked":["Accuracy","Slice"],"picked":"Night Terror","floor":6.0},{"not_picked":["Quick Slash","Underhanded Strike"],"picked":"Acrobatics","floor":7.0},{"not_picked":["Finisher","Acrobatics"],"picked":"Corpse Explosion","floor":11.0},{"not_picked":["Dagger Throw","Deflect","Escape Plan"],"picked":"SKIP","floor":13.0},{"not_picked":["Malaise","Tools of the Trade"],"picked":"Wraith Form v2","floor":16.0},{"not_picked":["Dagger Spray","All Out Attack","Cloak And Dagger"],"picked":"SKIP","floor":18.0},{"not_picked":["Backflip","Sucker Punch","Accuracy"],"picked":"SKIP","floor":20.0},{"not_picked":["Acrobatics","Quick Slash"],"picked":"Well Laid Plans","floor":23.0},{"not_picked":["Outmaneuver","Dagger Spray","Poisoned Stab"],"picked":"SKIP","floor":25},{"not_picked":["Endless Agony","Caltrops+1","Predator"],"picked":"Tactician","floor":28},{"not_picked":["Bane","A Thousand Cuts","Caltrops","Dagger Throw"],"picked":"Singing Bowl","floor":31}],"player_experience":1533629,"relics_obtained":[{"floor":6.0,"key":"CaptainsWheel"},{"floor":9.0,"key":"Matryoshka"},{"floor":11.0,"key":"InkBottle"},{"floor":26,"key":"Question Card"},{"floor":28,"key":"Singing Bowl"}],"event_choices":[{"damage_healed":0.0,"max_hp_gain":0.0,"max_hp_loss":0.0,"gold_gain":0.0,"cards_transformed":["Strike_G"],"event_name":"Living Wall","player_choice":"Change","floor":3.0,"gold_loss":0.0,"damage_taken":0.0,"cards_obtained":["Riddle With Holes"]},{"damage_healed":0.0,"max_hp_gain":0.0,"max_hp_loss":0.0,"gold_gain":0.0,"event_name":"Match and Keep!","player_choice":"0 cards matched","floor":12.0,"gold_loss":0.0,"damage_taken":0.0,"cards_obtained":[]},{"cards_removed":["Strike_G"],"damage_healed":0.0,"max_hp_gain":0.0,"max_hp_loss":0.0,"gold_gain":0.0,"event_name":"Golden Wing","player_choice":"Card Removal","floor":14.0,"gold_loss":0.0,"damage_taken":7.0},{"damage_healed":0.0,"max_hp_gain":0.0,"max_hp_loss":0.0,"gold_gain":0.0,"event_name":"Accursed Blacksmith","player_choice":"Rummage","floor":19.0,"gold_loss":0.0,"damage_taken":0.0,"relics_obtained":["WarpedTongs"],"cards_obtained":["Pain"]},{"damage_healed":0.0,"max_hp_gain":0.0,"max_hp_loss":0.0,"gold_gain":0.0,"event_name":"FaceTrader","player_choice":"Trade","floor":22.0,"gold_loss":0.0,"damage_taken":0.0,"relics_obtained":["NlothsMask"]}],"is_beta":false,"boss_relics":[{"not_picked":["Empty Cage","Fusion Hammer"],"picked":"Pandora\u0027s Box"}],"items_purged_floors":[21],"is_endless":false,"potions_floor_spawned":[6,7,13,16,20,31],"killed_by":"Collector","ascension_level":15}}