{"host":"u5p72gjg7qm9i6r4","time":1614232329,"event":{"mods":["AchievementEnabler","BaseMod","Curses Come First","Highlight Path","Minty Spire (QoL Compilation)","Rare Cards Sparkle","StSLib"],"gold_per_floor":[111,124,136,154,154,185,185,200,200,200,219,236,255,281,281,380,380,398,55,71,71,83,83,99,127,127,127,156,156,156,187,187,285,285,300,312,331,343,354,354,380,380,380,412,461,511,232,249,249,249,249,249,43,43,43],"floor_reached":54,"language":"ENG","playtime":2656,"items_purged":["Strike_G","Strike_G"],"score":1104,"play_id":"46c9dd94-8a63-4362-b72a-51c58b427606","local_time":"20210224235209","is_ascension_mode":true,"campfire_choices":[{"floor":7,"key":"REST"},{"floor":10,"key":"REST"},{"data":"Catalyst","floor":15,"key":"SMITH"},{"floor":23,"key":"REST"},{"floor":27,"key":"RECALL"},{"floor":29,"key":"REST"},{"floor":32,"key":"REST"},{"floor":40,"key":"REST"},{"floor":42,"key":"REST"},{"floor":49,"key":"REST"},{"floor":52,"key":"REST"}],"circlet_count":0,"master_deck":["Strike_G","Strike_G","Defend_G","Defend_G","Defend_G","Defend_G","Defend_G","Survivor","Neutralize","Dagger Spray","Poisoned Stab","Bouncing Flask","Corpse Explosion","Catalyst+1","Flying Knee","Bullet Time+1","Bouncing Flask","Footwork","Footwork","Backflip","Blur","Dodge and Roll","Glass Knife","Footwork","Crippling Poison+1","Adrenaline","Footwork+1","Dash+1","PiercingWail","Backflip+1","PiercingWail"],"relics":["Ring of the Serpent","Unceasing Top","Eternal Feather","Bronze Scales","Fusion Hammer","DollysMirror","Ginger","Bird Faced Urn","Tingsha","Ninja Scroll","Sundial","Juzu Bracelet","Lizard Tail","Pocketwatch","Lantern","TwistedFunnel"],"acts_visited":["Exordium","TheCity","TheBeyond","TheEnding"],"potions_floor_usage":[14,25,25,28,31,37,39,39,44,45,50,54,54],"damage_taken":[{"damage":4,"enemies":"Small Slimes","floor":1,"turns":4},{"damage":6,"enemies":"Cultist","floor":2,"turns":5},{"damage":0,"enemies":"2 Louse","floor":3,"turns":2},{"damage":7,"enemies":"Red Slaver","floor":4,"turns":5},{"damage":24,"enemies":"3 Sentries","floor":6,"turns":9},{"damage":18,"enemies":"Large Slime","floor":8,"turns":5},{"damage":4,"enemies":"3 Louse","floor":11,"turns":2},{"damage":8,"enemies":"Looter","floor":12,"turns":3},{"damage":0,"enemies":"2 Fungi Beasts","floor":13,"turns":2},{"damage":36,"enemies":"Gremlin Nob","floor":14,"turns":4},{"damage":19,"enemies":"Hexaghost","floor":16,"turns":6},{"damage":22,"enemies":"2 Thieves","floor":18,"turns":2},{"damage":1,"enemies":"3 Byrds","floor":20,"turns":2},{"damage":9,"enemies":"Centurion and Healer","floor":22,"turns":4},{"damage":0,"enemies":"Snake Plant","floor":24,"turns":2},{"damage":11,"enemies":"Slavers","floor":25,"turns":3},{"damage":12,"enemies":"Book of Stabbing","floor":28,"turns":5},{"damage":20,"enemies":"Slavers","floor":31,"turns":3},{"damage":78,"enemies":"Automaton","floor":33,"turns":11},{"damage":5,"enemies":"3 Shapes","floor":35,"turns":3},{"damage":6,"enemies":"Orb Walker","floor":36,"turns":4},{"damage":0,"enemies":"3 Darklings","floor":37,"turns":2},{"damage":22,"enemies":"Writhing Mass","floor":38,"turns":4},{"damage":40,"enemies":"Spire Growth","floor":39,"turns":5},{"damage":51,"enemies":"Giant Head","floor":41,"turns":9},{"damage":1,"enemies":"Reptomancer","floor":44,"turns":6},{"damage":14,"enemies":"2 Orb Walkers","floor":45,"turns":3},{"damage":8,"enemies":"Mind Bloom Boss Battle","floor":46,"turns":6},{"damage":2,"enemies":"4 Shapes","floor":48,"turns":5},{"damage":44,"enemies":"Awakened One","floor":50,"turns":18},{"damage":138,"enemies":"Shield and Spear","floor":54,"turns":9}],"seed_played":"-3265388166805916849","potions_obtained":[{"floor":1,"key":"SkillPotion"},{"floor":6,"key":"Strength Potion"},{"floor":8,"key":"DistilledChaos"},{"floor":16,"key":"Swift Potion"},{"floor":22,"key":"Weak Potion"},{"floor":28,"key":"Energy Potion"},{"floor":31,"key":"Strength Potion"},{"floor":33,"key":"Explosive Potion"},{"floor":37,"key":"Strength Potion"},{"floor":38,"key":"Regen Potion"},{"floor":41,"key":"Dexterity Potion"},{"floor":44,"key":"Fruit Juice"},{"floor":46,"key":"Block Potion"},{"floor":48,"key":"EssenceOfSteel"}],"is_trial":false,"path_per_floor":["M","M","M","M","?","E","R","M","T","R","M","M","M","E","R","B",null,"M","$","M","?","M","R","M","E","T","R","E","R","?","E","R","B",null,"M","M","M","M","M","R","E","R","T","E","?","?","$","M","R","B",null,"R","$","E"],"character_chosen":"THE_SILENT","items_purchased":["Footwork","DollysMirror","Backflip","Lantern","PiercingWail","TwistedFunnel","PiercingWail"],"campfire_rested":9,"item_purchase_floors":[19,19,19,47,47,53,53],"current_hp_per_floor":[66,60,60,53,53,29,52,34,34,66,62,54,54,18,27,8,60,38,38,37,37,28,63,63,52,52,64,56,77,77,57,77,1,58,53,51,55,39,14,52,7,45,45,50,40,40,40,46,77,33,66,77,77,0,0],"gold":43,"neow_bonus":"TEN_PERCENT_HP_BONUS","is_daily":false,"chose_seed":false,"campfire_upgraded":1,"win_rate":0.0,"timestamp":1614232329,"path_taken":["M","M","M","M","?","E","R","M","T","R","?","M","M","E","R","BOSS","M","$","?","?","?","R","M","E","T","R","E","R","?","E","R","BOSS","M","M","M","M","M","R","E","R","T","E","?","?","$","M","R","BOSS","R","$","E"],"items_purchased_type":["Card","Relic","Card","Relic","Card","Relic","Card"],"build_version":"2020-12-22","purchased_purges":2,"victory":false,"max_hp_per_floor":[77,77,77,77,77,77,77,77,77,77,77,77,77,77,77,77,77,77,77,77,77,77,77,77,77,77,77,77,77,77,77,77,77,77,77,77,77,77,77,77,77,77,77,77,77,77,77,77,77,77,77,77,77,82,82],"card_choices":[{"not_picked":["Finisher","Underhanded Strike","Prepared"],"picked":"SKIP","floor":1},{"not_picked":["Setup","Bouncing Flask"],"picked":"Dagger Spray","floor":2},{"not_picked":["Outmaneuver","Endless Agony"],"picked":"Poisoned Stab","floor":3},{"not_picked":["Expertise","Poisoned Stab"],"picked":"Bouncing Flask","floor":4},{"not_picked":["Quick Slash","Slice","Poisoned Stab"],"picked":"SKIP","floor":6},{"not_picked":["Setup","Expertise"],"picked":"Corpse Explosion","floor":8},{"not_picked":["Blade Dance","Slice"],"picked":"Catalyst","floor":11},{"not_picked":["Slice","Blade Dance","Bane"],"picked":"SKIP","floor":12},{"not_picked":["Skewer","Quick Slash","Accuracy"],"picked":"SKIP","floor":13},{"not_picked":["Acrobatics","Blade Dance"],"picked":"Flying Knee","floor":14},{"not_picked":["Storm of Steel","Venomology"],"picked":"Bullet Time","floor":16},{"not_picked":["Masterful Stab","Sucker Punch"],"picked":"Bouncing Flask","floor":18},{"not_picked":["Dagger Throw","Poisoned Stab+1","Dagger Spray"],"picked":"SKIP","floor":20},{"not_picked":["Terror","Reflex+1","Well Laid Plans"],"picked":"SKIP","floor":22},{"not_picked":["Poisoned Stab","Flying Knee","All Out Attack"],"picked":"SKIP","floor":24},{"not_picked":["Flechettes+1","Noxious Fumes+1"],"picked":"Blur","floor":25},{"not_picked":["Escape Plan","Well Laid Plans","Endless Agony"],"picked":"SKIP","floor":28},{"not_picked":["Eviscerate","Terror","Dagger Spray"],"picked":"SKIP","floor":31},{"not_picked":["Phantasmal Killer","Unload"],"picked":"Glass Knife","floor":33},{"not_picked":["Underhanded Strike","Well Laid Plans","Flying Knee"],"picked":"SKIP","floor":35},{"not_picked":["Catalyst+1","Caltrops+1"],"picked":"Footwork","floor":36},{"not_picked":["Acrobatics","Escape Plan","Heel Hook+1"],"picked":"SKIP","floor":37},{"not_picked":["Well Laid Plans+1","Flying Knee+1","Bane+1"],"picked":"SKIP","floor":38},{"not_picked":["Terror+1","Deadly Poison"],"picked":"Crippling Poison+1","floor":39},{"not_picked":["Backflip","Underhanded Strike"],"picked":"Adrenaline","floor":41},{"not_picked":["Flying Knee","Backflip","Deflect"],"picked":"SKIP","floor":44},{"not_picked":["Bouncing Flask","Dagger Throw"],"picked":"Footwork+1","floor":45},{"not_picked":["Tactician","Quick Slash"],"picked":"Dash+1","floor":46},{"not_picked":["Sucker Punch+1","Prepared"],"picked":"Backflip+1","floor":48}],"player_experience":164691,"relics_obtained":[{"floor":6,"key":"Unceasing Top"},{"floor":9,"key":"Eternal Feather"},{"floor":14,"key":"Bronze Scales"},{"floor":25,"key":"Ginger"},{"floor":26,"key":"Bird Faced Urn"},{"floor":28,"key":"Tingsha"},{"floor":31,"key":"Ninja Scroll"},{"floor":41,"key":"Sundial"},{"floor":44,"key":"Juzu Bracelet"},{"floor":45,"key":"Lizard Tail"},{"floor":46,"key":"Pocketwatch"}],"event_choices":[{"cards_removed":["Strike_G"],"damage_healed":0,"gold_gain":0,"player_choice":"Card Removal","damage_taken":0,"max_hp_gain":0,"max_hp_loss":0,"event_name":"Wheel of Change","floor":5,"gold_loss":0},{"damage_healed":0,"gold_gain":0,"player_choice":"Upgraded","damage_taken":0,"max_hp_gain":0,"max_hp_loss":0,"event_name":"Upgrade Shrine","floor":21,"gold_loss":0,"cards_upgraded":["Bullet Time"]},{"damage_healed":0,"gold_gain":0,"player_choice":"Read","damage_taken":0,"max_hp_gain":0,"max_hp_loss":0,"event_name":"The Library","floor":30,"gold_loss":0,"cards_obtained":["Dodge and Roll"]},{"damage_healed":0,"gold_gain":0,"player_choice":"Fight","damage_taken":0,"max_hp_gain":0,"max_hp_loss":0,"event_name":"Mysterious Sphere","floor":45,"gold_loss":0},{"damage_healed":0,"gold_gain":0,"player_choice":"Fight","damage_taken":0,"max_hp_gain":0,"max_hp_loss":0,"event_name":"MindBloom","floor":46,"gold_loss":0}],"is_beta":false,"boss_relics":[{"not_picked":["Pandora\u0027s Box","Cursed Key"],"picked":"Fusion Hammer"},{"not_picked":["Astrolabe","Velvet Choker"],"picked":"Ring of the Serpent"}],"items_purged_floors":[19,47],"is_endless":false,"potions_floor_spawned":[1,6,8,16,22,28,31,33,37,38,41,44,46,48],"killed_by":"Shield and Spear","ascension_level":8}}