{"host":"03jd0k347uuzjnun","time":1614261366,"event":{"mods":["BaseMod","Bestiary","Minty Spire (QoL Compilation)","Permanent Neow","Quick Restart","Random Character Button","Relic Stats"],"gold_per_floor":[111,111,129,144,157,182,182,211,211,241,264,292,59,71,71,150,200,210,228,128,144,160,190,190,190,242,258,288,308,322,350,350,425,425,438,454,454,454,473,498,498,524,524,557,574,604,604,634,634,634,634],"floor_reached":50,"language":"ENG","playtime":4339,"items_purged":["Strike_P","Strike_P"],"score":1714,"play_id":"a10476eb-9265-40b4-b0da-e882f941cbf8","local_time":"20210225145606","is_ascension_mode":true,"campfire_choices":[{"data":"Blasphemy","floor":7.0,"key":"SMITH"},{"data":"WheelKick","floor":15.0,"key":"SMITH"},{"data":"WheelKick","floor":24,"key":"SMITH"},{"floor":32,"key":"REST"},{"data":"TalkToTheHand","floor":47,"key":"SMITH"},{"floor":49,"key":"RECALL"}],"circlet_count":0,"master_deck":["AscendersBane","Strike_P","Strike_P","Defend_P","Defend_P","Eruption","Vigilance+1","FlurryOfBlows+1","Blasphemy+1","Tantrum","Consecrate","InnerPeace","WheelKick+1","ThirdEye","WheelKick+1","CrushJoints+1","FlyingSleeves","Devotion","ThirdEye","Adaptation","Prostrate+1","Wireheading","SashWhip+1","EmptyFist","TalkToTheHand+1","MentalFortress","Omniscience","EmptyFist+1","FlurryOfBlows","EmptyMind+1","Crescendo+1"],"relics":["PureWater","Vajra","Question Card","InkBottle","Pocketwatch","Art of War","Du-Vu Doll","PreservedInsect","Tiny House","Potion Belt","Strawberry","Lantern","Kunai","Coffee Dripper","Smiling Mask","Bag of Preparation","White Beast Statue","Whetstone","Ancient Tea Set"],"acts_visited":["Exordium","TheCity","TheBeyond"],"potions_floor_usage":[28,35,40,40,44,48,50,50,50],"damage_taken":[{"damage":2.0,"enemies":"Small Slimes","floor":1.0,"turns":4.0},{"damage":0.0,"enemies":"Cultist","floor":3.0,"turns":1.0},{"damage":1.0,"enemies":"2 Louse","floor":4.0,"turns":2.0},{"damage":0.0,"enemies":"Blue Slaver","floor":5.0,"turns":1.0},{"damage":22.0,"enemies":"3 Sentries","floor":6.0,"turns":8.0},{"damage":0.0,"enemies":"Lagavulin","floor":8.0,"turns":4.0},{"damage":0.0,"enemies":"3 Sentries","floor":10.0,"turns":2.0},{"damage":0.0,"enemies":"Gremlin Nob","floor":12.0,"turns":2.0},{"damage":0.0,"enemies":"2 Fungi Beasts","floor":14.0,"turns":1.0},{"damage":16.0,"enemies":"Hexaghost","floor":16.0,"turns":4.0},{"damage":0,"enemies":"Chosen","floor":18,"turns":2},{"damage":5,"enemies":"3 Byrds","floor":19,"turns":3},{"damage":5,"enemies":"Snake Plant","floor":21,"turns":2},{"damage":12,"enemies":"Cultist and Chosen","floor":22,"turns":3},{"damage":0,"enemies":"Gremlin Leader","floor":23,"turns":2},{"damage":6,"enemies":"Snecko","floor":27,"turns":3},{"damage":0,"enemies":"Book of Stabbing","floor":28,"turns":1},{"damage":0,"enemies":"Snake Plant","floor":29,"turns":2},{"damage":12,"enemies":"Centurion and Healer","floor":30,"turns":4},{"damage":0,"enemies":"Gremlin Leader","floor":31,"turns":2},{"damage":13,"enemies":"Champ","floor":33,"turns":9},{"damage":0,"enemies":"3 Shapes","floor":35,"turns":2},{"damage":0,"enemies":"3 Darklings","floor":36,"turns":2},{"damage":10,"enemies":"4 Shapes","floor":39,"turns":2},{"damage":8,"enemies":"Nemesis","floor":40,"turns":3},{"damage":2,"enemies":"Giant Head","floor":42,"turns":4},{"damage":25,"enemies":"Nemesis","floor":44,"turns":3},{"damage":0,"enemies":"Maw","floor":45,"turns":4},{"damage":1,"enemies":"Giant Head","floor":46,"turns":4},{"damage":2,"enemies":"Nemesis","floor":48,"turns":3},{"damage":1,"enemies":"Donu and Deca","floor":50,"turns":5}],"seed_played":"-324022054266274253","potions_obtained":[{"floor":5.0,"key":"DistilledChaos"},{"floor":6.0,"key":"BottledMiracle"},{"floor":8.0,"key":"Explosive Potion"},{"floor":14.0,"key":"Ambrosia"},{"floor":16.0,"key":"SteroidPotion"},{"floor":23,"key":"DistilledChaos"},{"floor":27,"key":"Dexterity Potion"},{"floor":28,"key":"Weak Potion"},{"floor":39,"key":"EssenceOfSteel"},{"floor":44,"key":"Dexterity Potion"},{"floor":45,"key":"LiquidMemories"},{"floor":46,"key":"Fire Potion"},{"floor":48,"key":"SkillPotion"}],"is_trial":false,"path_per_floor":["M","?","M","M","M","E","R","E","T","E","T","E","$","M","R","B",null,"M","M","$","M","M","E","R","?","T","M","E","M","M","E","R","B",null,"M","M","?","?","M","E","?","E","T","E","M","E","R","E","R","B"],"character_chosen":"WATCHER","items_purchased":["PreservedInsect"],"campfire_rested":1,"item_purchase_floors":[13],"current_hp_per_floor":[59,59,59,58,58,36,36,36,36,36,36,36,36,36,36,20,57,57,52,52,47,35,35,35,35,42,36,36,36,24,24,46,33,64,64,64,64,64,54,46,46,44,44,19,19,18,18,16,16,15,15],"gold":634,"neow_bonus":"REMOVE_TWO","is_daily":false,"chose_seed":false,"campfire_upgraded":4,"win_rate":0.0,"timestamp":1614261366,"path_taken":["M","?","?","M","M","E","R","E","T","E","?","E","$","M","R","BOSS","M","M","$","M","M","E","R","?","T","M","E","M","M","E","R","BOSS","M","M","?","?","M","E","?","E","T","E","M","E","R","E","R","BOSS"],"items_purchased_type":["Relic"],"build_version":"2020-12-22","purchased_purges":2,"victory":false,"max_hp_per_floor":[62,62,62,62,62,62,62,62,62,62,62,62,62,62,62,62,67,67,67,67,67,67,67,67,67,74,74,74,74,74,74,74,74,74,74,74,70,70,70,70,70,70,70,70,70,70,70,70,70,70,70],"relic_stats":{"counters":[31,94],"PreservedInsect":548,"Art of War":[14],"Bag of Preparation":[10],"Kunai":[36],"Whetstone":["FlurryOfBlows","CrushJoints"],"Question Card":25,"Smiling Mask":0,"obtain_stats":[{"Potion Belt":23,"Lantern":28,"Tiny House":17,"Vajra":6,"PreservedInsect":13,"Bag of Preparation":42,"Whetstone":46,"Question Card":8,"Smiling Mask":40,"Ancient Tea Set":48,"White Beast Statue":44,"Du-Vu Doll":12,"Strawberry":26,"Art of War":11,"Coffee Dripper":34,"Kunai":31,"PureWater":0,"InkBottle":9,"Pocketwatch":10},{"Potion Belt":15,"Lantern":17,"Tiny House":10,"Vajra":5,"PreservedInsect":8,"Bag of Preparation":26,"Whetstone":29,"Question Card":6,"Smiling Mask":25,"Ancient Tea Set":30,"White Beast Statue":27,"Du-Vu Doll":8,"Strawberry":15,"Art of War":7,"Coffee Dripper":21,"Kunai":20,"PureWater":0,"InkBottle":6,"Pocketwatch":7},{"Potion Belt":41,"Lantern":45,"Tiny House":29,"Vajra":16,"PreservedInsect":24,"Bag of Preparation":75,"Whetstone":86,"Question Card":20,"Smiling Mask":71,"Ancient Tea Set":89,"White Beast Statue":78,"Du-Vu Doll":24,"Strawberry":41,"Art of War":22,"Coffee Dripper":62,"Kunai":53,"PureWater":0,"InkBottle":20,"Pocketwatch":22}],"InkBottle":[38],"Pocketwatch":[54]},"card_choices":[{"not_picked":["FollowUp","ThirdEye"],"picked":"FlurryOfBlows","floor":1.0},{"not_picked":["ThirdEye","SignatureMove"],"picked":"InnerPeace","floor":3.0},{"not_picked":["Evaluate","WreathOfFlame"],"picked":"EmptyBody","floor":4.0},{"not_picked":["Prostrate","Collect","SignatureMove"],"picked":"SKIP","floor":5.0},{"not_picked":["Halt","EmptyBody"],"picked":"WheelKick","floor":6.0},{"not_picked":["SashWhip","CrushJoints"],"picked":"ThirdEye","floor":8.0},{"not_picked":["WindmillStrike","Blasphemy","EmptyFist"],"picked":"WheelKick","floor":10.0},{"not_picked":["BowlingBash","Crescendo","MasterReality"],"picked":"CrushJoints","floor":12.0},{"not_picked":["FearNoEvil","EmptyBody","JustLucky"],"picked":"FlyingSleeves","floor":14.0},{"not_picked":["Judgement","Blasphemy","DevaForm"],"picked":"Devotion","floor":16.0},{"not_picked":["BattleHymn","Crescendo","Protect"],"picked":"ThirdEye","floor":17},{"not_picked":["Indignation","CrushJoints","Nirvana"],"picked":"Adaptation","floor":18},{"not_picked":["Consecrate","Swivel","Protect+1"],"picked":"Prostrate+1","floor":19},{"not_picked":["Alpha","BowlingBash","Protect"],"picked":"Wireheading","floor":21},{"not_picked":["Collect","JustLucky","BowlingBash","ClearTheMind+1"],"picked":"SKIP","floor":22},{"not_picked":["FlyingSleeves","ClearTheMind","BowlingBash"],"picked":"SashWhip+1","floor":23},{"not_picked":["JustLucky","Ragnarok","ReachHeaven"],"picked":"EmptyFist","floor":27},{"not_picked":["Tantrum","BowlingBash","CrushJoints+1","ThirdEye"],"picked":"SKIP","floor":28},{"not_picked":["WaveOfTheHand+1","Crescendo","CrushJoints+1"],"picked":"TalkToTheHand","floor":29},{"not_picked":["CutThroughFate","Wireheading","MasterReality","EmptyBody"],"picked":"SKIP","floor":30},{"not_picked":["Weave+1","BowlingBash","Halt+1"],"picked":"MentalFortress","floor":31},{"not_picked":["Alpha","Devotion","Establishment"],"picked":"Omniscience","floor":33},{"not_picked":["ReachHeaven","ClearTheMind","Protect+1","Collect+1"],"picked":"SKIP","floor":35},{"not_picked":["FollowUp","Adaptation","Conclude","Evaluate"],"picked":"SKIP","floor":36},{"not_picked":["Consecrate","FlyingSleeves","Evaluate","LikeWater"],"picked":"SKIP","floor":39},{"not_picked":["Halt+1","CrushJoints","MasterReality","WreathOfFlame"],"picked":"SKIP","floor":40},{"not_picked":["BowlingBash+1","Tantrum","Consecrate"],"picked":"EmptyFist+1","floor":42},{"not_picked":["Conclude","Prostrate","Collect"],"picked":"FlurryOfBlows","floor":44},{"not_picked":["LikeWater","Wallop","Nirvana"],"picked":"EmptyMind+1","floor":45},{"not_picked":["EmptyFist","DeceiveReality","FlyingSleeves","Protect"],"picked":"SKIP","floor":46},{"not_picked":["Blasphemy","FlyingSleeves","JustLucky"],"picked":"Crescendo+1","floor":48}],"player_experience":1471042,"relics_obtained":[{"floor":6.0,"key":"Vajra"},{"floor":8.0,"key":"Question Card"},{"floor":9.0,"key":"InkBottle"},{"floor":10.0,"key":"Pocketwatch"},{"floor":11.0,"key":"Art of War"},{"floor":12.0,"key":"Du-Vu Doll"},{"floor":23,"key":"Potion Belt"},{"floor":26,"key":"Strawberry"},{"floor":28,"key":"Lantern"},{"floor":31,"key":"Kunai"},{"floor":40,"key":"Smiling Mask"},{"floor":42,"key":"Bag of Preparation"},{"floor":44,"key":"White Beast Statue"},{"floor":46,"key":"Whetstone"},{"floor":48,"key":"Ancient Tea Set"}],"event_choices":[{"damage_healed":0.0,"max_hp_gain":0.0,"max_hp_loss":0.0,"gold_gain":0.0,"event_name":"Match and Keep!","player_choice":"3 cards matched","floor":2.0,"gold_loss":0.0,"damage_taken":0.0,"cards_obtained":["Blasphemy","Tantrum","Consecrate"]},{"damage_healed":0,"gold_gain":0,"player_choice":"Ignored","damage_taken":0,"max_hp_gain":0,"max_hp_loss":0,"event_name":"The Mausoleum","floor":25,"gold_loss":0},{"damage_healed":0,"gold_gain":0,"player_choice":"Max HP","damage_taken":0,"max_hp_gain":0,"max_hp_loss":4,"event_name":"Winding Halls","floor":37,"gold_loss":0},{"damage_healed":0,"gold_gain":0,"player_choice":"Ignored","damage_taken":0,"max_hp_gain":0,"max_hp_loss":0,"event_name":"Tomb of Lord Red Mask","floor":38,"gold_loss":0},{"cards_removed":["EmptyBody"],"damage_healed":0,"gold_gain":0,"player_choice":"Removed Skill","damage_taken":0,"max_hp_gain":0,"max_hp_loss":0,"event_name":"Falling","floor":41,"gold_loss":0}],"is_beta":false,"boss_relics":[{"not_picked":["Velvet Choker","SacredBark"],"picked":"Tiny House"},{"not_picked":["Runic Dome","Sozu"],"picked":"Coffee Dripper"}],"items_purged_floors":[13,20],"is_endless":false,"potions_floor_spawned":[5,6,8,10,14,16,18,19,23,27,28,39,44,45,46,48],"killed_by":"Donu and Deca","ascension_level":20}}