{"host":"oznsyg6emn3rt4qs","time":1614218511,"event":{"mods":["AchievementEnabler","BaseMod","Better Altar","Better Match","Better Note","Better Sensory Stone","Better Skull","Better Third Choice","Colored Map","Colored Powertips","Highlight Path","Minty Spire (QoL Compilation)","Permanent Neow","StSLib","Synergy Search"],"gold_per_floor":[363,328,328,346,27,60,60,135,135,135,135],"floor_reached":10,"language":"ENG","playtime":791,"items_purged":[],"score":64,"play_id":"e2c876f0-bb66-48ac-b13a-64fb483c4406","local_time":"20210224200151","is_ascension_mode":false,"campfire_choices":[{"floor":7,"key":"REST"}],"circlet_count":0,"master_deck":["Strike_P","Strike_P","Strike_P","Strike_P","Defend_P","Defend_P","Defend_P","Defend_P","Eruption","Vigilance","Collect","FlurryOfBlows","CarveReality","MasterReality","Indignation","CutThroughFate","Establishment"],"relics":["PureWater","Golden Idol","Blood Vial","Matryoshka"],"acts_visited":["Exordium"],"potions_floor_usage":[],"damage_taken":[{"damage":0,"enemies":"Cultist","floor":1,"turns":2},{"damage":18,"enemies":"Jaw Worm","floor":4,"turns":4},{"damage":24,"enemies":"3 Sentries","floor":6,"turns":7},{"damage":81,"enemies":"Gremlin Nob","floor":10,"turns":3}],"seed_played":"2137166857261174689","potions_obtained":[{"floor":4,"key":"Energy Potion"}],"is_trial":false,"path_per_floor":["M","?","?","M","$","E","R","?","T","E"],"character_chosen":"WATCHER","items_purchased":["CarveReality","MasterReality","Indignation","CutThroughFate"],"campfire_rested":1,"item_purchase_floors":[5,5,5,5],"current_hp_per_floor":[51,69,67,49,49,25,45,34,34,0,0],"gold":135,"neow_bonus":"TWO_FIFTY_GOLD","is_daily":false,"chose_seed":false,"campfire_upgraded":0,"win_rate":0.0,"timestamp":1614218511,"path_taken":["M","?","?","M","$","E","R","?","T","E"],"items_purchased_type":["Card","Card","Card","Card"],"build_version":"2020-12-22","purchased_purges":0,"victory":false,"max_hp_per_floor":[72,72,67,67,67,67,67,67,67,67,67],"card_choices":[{"not_picked":["EmptyFist","BowlingBash"],"picked":"Collect","floor":1},{"not_picked":["Halt","Wallop"],"picked":"FlurryOfBlows","floor":4},{"not_picked":["EmptyMind","BowlingBash"],"picked":"Establishment","floor":6}],"player_experience":83796,"relics_obtained":[{"floor":6,"key":"Blood Vial"},{"floor":9,"key":"Matryoshka"}],"event_choices":[{"damage_healed":18,"gold_gain":0,"player_choice":"Healed","damage_taken":0,"max_hp_gain":0,"max_hp_loss":0,"event_name":"The Cleric","floor":2,"gold_loss":35},{"damage_healed":0,"gold_gain":0,"player_choice":"Lose Max HP","damage_taken":0,"relics_obtained":["Golden Idol"],"max_hp_gain":0,"max_hp_loss":5,"event_name":"Golden Idol","floor":3,"gold_loss":0},{"damage_healed":0,"gold_gain":75,"player_choice":"Gold","damage_taken":11,"max_hp_gain":0,"max_hp_loss":0,"event_name":"betterThird:BetterGoop","floor":8,"gold_loss":0}],"is_beta":false,"boss_relics":[],"items_purged_floors":[],"is_endless":false,"potions_floor_spawned":[4],"killed_by":"Gremlin Nob","ascension_level":0}}