{"host":"ocllwaoi18j60ltd","time":1614245395,"event":{"mods":["BaseMod","DeckTracker","Minty Spire (QoL Compilation)","Permanent Neow","Quick Restart","StSLib","SuperFastMode"],"gold_per_floor":[110,24,24,41,55,80,92,92,92,92,107,107,107,17,17,88,88,104,29,29,56,69,69,69,69,116,116,128,128,158,173,173,244,244,260,3,22,41,41,41,373,373,373,393,191,202,202,235,235,235,235],"floor_reached":50,"language":"KOR","playtime":1126,"items_purged":["Strike_G","Writhe","Strike_G"],"score":1036,"play_id":"f17d3f85-3e3d-42e9-9127-f7ff25b93788","local_time":"20210225182955","is_ascension_mode":true,"campfire_choices":[{"data":"Accuracy","floor":8.0,"key":"SMITH"},{"data":"Blade Dance","floor":10.0,"key":"SMITH"},{"data":"Accuracy","floor":15.0,"key":"SMITH"},{"data":"After Image","floor":23.0,"key":"SMITH"},{"data":"Prepared","floor":25.0,"key":"SMITH"},{"data":"Blade Dance","floor":27.0,"key":"SMITH"},{"floor":29.0,"key":"REST"},{"floor":32.0,"key":"REST"},{"data":"After Image","floor":40.0,"key":"SMITH"},{"floor":42.0,"key":"REST"},{"floor":47,"key":"REST"},{"floor":49,"key":"RECALL"}],"circlet_count":0,"master_deck":["AscendersBane","Strike_G","Strike_G","Defend_G","Defend_G","Defend_G","Defend_G","Defend_G","Survivor","Neutralize","Blade Dance+1","Accuracy+1","Dagger Spray","Blade Dance+1","Backflip","Prepared+1","Accuracy+1","After Image+1","Acrobatics","Dodge and Roll+1","Cloak And Dagger","After Image+1","Cloak And Dagger","Unload","Concentrate","Footwork","Parasite","Cloak And Dagger"],"relics":["Ring of the Snake","NeowsBlessing","Letter Opener","Bag of Marbles","Pear","Runic Pyramid","Red Mask","Incense Burner","Oddly Smooth Stone","Ancient Tea Set","Sozu","Medical Kit","Old Coin","InkBottle"],"acts_visited":["Exordium","TheCity","TheBeyond"],"potions_floor_usage":[],"damage_taken":[{"damage":0.0,"enemies":"Cultist","floor":1.0,"turns":1.0},{"damage":0.0,"enemies":"Jaw Worm","floor":4.0,"turns":1.0},{"damage":0.0,"enemies":"2 Louse","floor":5.0,"turns":1.0},{"damage":12.0,"enemies":"3 Sentries","floor":6.0,"turns":5.0},{"damage":0.0,"enemies":"Lots of Slimes","floor":7.0,"turns":1.0},{"damage":0.0,"enemies":"Large Slime","floor":11.0,"turns":3.0},{"damage":29.0,"enemies":"Hexaghost","floor":16.0,"turns":5.0},{"damage":7.0,"enemies":"2 Thieves","floor":18.0,"turns":4.0},{"damage":14.0,"enemies":"Masked Bandits","floor":21.0,"turns":3.0},{"damage":10.0,"enemies":"Spheric Guardian","floor":22.0,"turns":5.0},{"damage":0.0,"enemies":"Snecko","floor":28.0,"turns":4.0},{"damage":23.0,"enemies":"Slavers","floor":30.0,"turns":6.0},{"damage":2.0,"enemies":"Snake Plant","floor":31.0,"turns":4.0},{"damage":22.0,"enemies":"Champ","floor":33.0,"turns":10.0},{"damage":0.0,"enemies":"Orb Walker","floor":35.0,"turns":3.0},{"damage":0.0,"enemies":"3 Shapes","floor":37.0,"turns":4.0},{"damage":26.0,"enemies":"Jaw Worm Horde","floor":38.0,"turns":5.0},{"damage":44.0,"enemies":"Reptomancer","floor":41.0,"turns":7.0},{"damage":0,"enemies":"4 Shapes","floor":44,"turns":3},{"damage":0,"enemies":"Writhing Mass","floor":46,"turns":7},{"damage":5,"enemies":"Giant Head","floor":48,"turns":8},{"damage":56,"enemies":"Time Eater","floor":50,"turns":10}],"seed_played":"6770271587994421974","potions_obtained":[{"floor":6.0,"key":"Poison Potion"},{"floor":16.0,"key":"Swift Potion"},{"floor":21.0,"key":"PowerPotion"}],"is_trial":false,"path_per_floor":["M","$","T","M","M","E","M","R","T","R","M","?","?","$","R","B",null,"M","$","?","?","M","R","?","R","T","R","M","R","E","M","R","B",null,"M","$","M","M","?","R","E","R","T","M","$","M","R","E","R","B"],"character_chosen":"THE_SILENT","items_purchased":["Accuracy","Accuracy","Medical Kit","Footwork"],"campfire_rested":4,"item_purchase_floors":[2,14,36,45],"current_hp_per_floor":[59,59,59,59,59,47,47,47,57,57,57,62,62,62,62,33,69,62,62,62,48,38,38,38,38,38,38,38,62,39,37,61,39,71,71,71,71,45,45,45,1,25,25,25,25,25,49,44,44,0,0],"gold":235,"neow_bonus":"THREE_ENEMY_KILL","is_daily":false,"chose_seed":false,"campfire_upgraded":7,"win_rate":0.0,"timestamp":1614245395,"path_taken":["M","?","?","M","?","E","M","R","T","R","M","?","?","$","R","BOSS","M","?","?","?","M","R","?","R","T","R","?","R","E","M","R","BOSS","M","$","?","M","?","R","E","R","T","M","$","M","R","E","R","BOSS"],"items_purchased_type":["Card","Card","Relic","Card"],"build_version":"2020-12-22","purchased_purges":3,"victory":false,"max_hp_per_floor":[66,66,66,66,66,66,66,66,76,76,76,81,81,81,81,81,81,81,81,81,81,81,81,81,81,81,81,81,81,81,81,81,81,81,81,81,81,81,81,81,81,81,81,81,81,81,81,81,81,81,81],"card_choices":[{"not_picked":["Slice","Underhanded Strike"],"picked":"Blade Dance","floor":1.0},{"not_picked":["Quick Slash","Infinite Blades"],"picked":"Dagger Spray","floor":4.0},{"not_picked":["Concentrate","Catalyst"],"picked":"Blade Dance","floor":5.0},{"not_picked":["Reflex","Expertise"],"picked":"Backflip","floor":6.0},{"not_picked":["Distraction","Leg Sweep","Bane"],"picked":"SKIP","floor":7.0},{"not_picked":["Outmaneuver","Escape Plan"],"picked":"Prepared","floor":11.0},{"not_picked":["Doppelganger","Malaise"],"picked":"After Image","floor":16.0},{"not_picked":["Deflect+1","Infinite Blades","Setup"],"picked":"SKIP","floor":18.0},{"not_picked":["Masterful Stab","Sucker Punch+1"],"picked":"Acrobatics","floor":21.0},{"not_picked":["Underhanded Strike","Outmaneuver","Slice+1"],"picked":"SKIP","floor":22.0},{"not_picked":["Venomology","Bouncing Flask"],"picked":"Dodge and Roll+1","floor":28.0},{"not_picked":["Masterful Stab","Dodge and Roll","Eviscerate+1"],"picked":"SKIP","floor":30.0},{"not_picked":["Backflip+1","Masterful Stab"],"picked":"Cloak And Dagger","floor":31.0},{"not_picked":["Burst","Phantasmal Killer"],"picked":"After Image","floor":33.0},{"not_picked":["Escape Plan","Dodge and Roll","Dagger Spray"],"picked":"SKIP","floor":35.0},{"not_picked":["Predator","Deadly Poison"],"picked":"Cloak And Dagger","floor":37.0},{"not_picked":["Quick Slash","Tools of the Trade","Outmaneuver"],"picked":"SKIP","floor":38.0},{"not_picked":["Predator","Acrobatics","Sucker Punch"],"picked":"SKIP","floor":41.0},{"not_picked":["Poisoned Stab+1","Bane+1"],"picked":"Concentrate","floor":44},{"not_picked":["Crippling Poison","Backflip"],"picked":"Cloak And Dagger","floor":46},{"not_picked":["Noxious Fumes","Deflect","Grand Finale"],"picked":"SKIP","floor":48}],"player_experience":867572,"relics_obtained":[{"floor":3.0,"key":"Letter Opener"},{"floor":6.0,"key":"Bag of Marbles"},{"floor":9.0,"key":"Pear"},{"floor":21.0,"key":"Red Mask"},{"floor":26.0,"key":"Oddly Smooth Stone"},{"floor":30.0,"key":"Ancient Tea Set"},{"floor":41.0,"key":"Old Coin"},{"floor":48,"key":"InkBottle"}],"event_choices":[{"damage_healed":0.0,"max_hp_gain":5.0,"max_hp_loss":0.0,"gold_gain":0.0,"event_name":"Big Fish","player_choice":"Donut","floor":12.0,"gold_loss":0.0,"damage_taken":0.0},{"cards_removed":["Strike_G"],"damage_healed":0.0,"max_hp_gain":0.0,"max_hp_loss":0.0,"gold_gain":0.0,"event_name":"Purifier","player_choice":"Purged","floor":13.0,"gold_loss":0.0,"damage_taken":0.0},{"damage_healed":0.0,"max_hp_gain":0.0,"max_hp_loss":0.0,"gold_gain":0.0,"event_name":"Cursed Tome","player_choice":"Ignored","floor":20.0,"gold_loss":0.0,"damage_taken":0.0},{"damage_healed":0.0,"max_hp_gain":0.0,"max_hp_loss":0.0,"gold_gain":0.0,"event_name":"Masked Bandits","player_choice":"Fought Bandits","floor":21.0,"gold_loss":0.0,"damage_taken":0.0},{"damage_healed":0.0,"max_hp_gain":0.0,"max_hp_loss":0.0,"gold_gain":0.0,"event_name":"The Mausoleum","player_choice":"Opened","floor":24.0,"gold_loss":0.0,"damage_taken":0.0,"relics_obtained":["Incense Burner"],"cards_obtained":["Writhe"]},{"damage_healed":0.0,"max_hp_gain":0.0,"max_hp_loss":0.0,"gold_gain":0.0,"event_name":"Match and Keep!","player_choice":"1 cards matched","floor":39.0,"gold_loss":0.0,"damage_taken":0.0,"cards_obtained":["Unload"]}],"is_beta":false,"boss_relics":[{"not_picked":["Snecko Eye","SlaversCollar"],"picked":"Runic Pyramid"},{"not_picked":["Black Star","Empty Cage"],"picked":"Sozu"}],"items_purged_floors":[19,36,45],"is_endless":false,"potions_floor_spawned":[6,16,21,22,35,38,41,46],"killed_by":"Time Eater","ascension_level":20}}