{"host":"lvs2wt6hnb8ekxok","time":1614237958,"event":{"mods":["Act Like it!","Arknights","Ascension Reborn","Bartender","BaseMod","BetterRewards","Card Forge","Challenge The Spire","Custom Start","Downfall","Elementarium","Friendly Minions","Gensokyo","GifTheSpireLib","Halation","Hallownest","Hero for Fun","Hubris","Infinite Spire","Kiyohime????","Lobotomy","Menagerie","Minty Spire (QoL Compilation)","Relic Filter","Relic Stats","Replay The Spire","Reworked Bosses","Ruina","SOS???????","StSLib","Stuff the Spire","Td1madao Mod","The Animator","The Bladedancer","The Bug Knight","The Death Knight","The Exalted","The Forsaken","The Servant 0.9.4","Wandering Minibosses","???Mod??????Boss","???mod?????"],"gold_per_floor":[99,113,45,45,65,55,55,82,82,82,82,82,82,161,192,208,220,323,323,323,336,356,367,142,242,269,269,295,295,321,341,233,251,262,361,361,361,372,392,174,186,186,186,196,211,403,403,413,444,444,465,475,475,475],"floor_reached":52,"language":"ENG","playtime":3725,"items_purged":[],"score":713,"play_id":"709147bc-df29-485b-ac19-f4ecc42b50de","local_time":"20210224232558","is_ascension_mode":true,"campfire_choices":[{"floor":9,"key":"REST"},{"floor":13,"key":"REST"},{"floor":27,"key":"REST"},{"floor":29,"key":"REST"},{"floor":37,"key":"REST"},{"floor":42,"key":"REST"}],"circlet_count":0,"master_deck":["Slimebound:Strike_Slimebound+1","Slimebound:Strike_Slimebound+1","Slimebound:Tackle+1","Slimebound:Defend_Slimebound+1","Slimebound:Defend_Slimebound+1","Slimebound:Defend_Slimebound+1","Slimebound:Split+1","Slimebound:CorrosiveSpit+1","Slimebound:SamplingLick+1","Slimebound:SplitAcid+1","Slimebound:OneTwoCombo+1","Slimebound:LeechEnergy+1","Slimebound:LivingWall+1","Slimebound:ForwardTackle+1","Slimebound:SlimeTap+1","Slimebound:CorrosiveSpit+1","Slimebound:LeadByExample+1","Slimebound:Gluttony+1","Slimebound:LeechingTouch+1","Slimebound:MassRepurpose+1","Slimebound:OozeBath+1","Slimebound:SpikyOuterGoop+1","Slimebound:DouseInSlime+1","Slimebound:RollThrough+1","Slimebound:MegaLick+1","Slimebound:TongueLash+1","Slimebound:RainOfGoop+1","Slimebound:BestDefense+1","Slimebound:Chomp+1","Slimebound:SplitLeeching+1","Slimebound:FormOfPuddle+1","Slimebound:Gluttony+1","Slimebound:Gluttony+1","Slimebound:Repurpose+1","Slimebound:GoopTackle+1","Slimebound:SlimeSpikes+1","Slimebound:Dissolve+1","Slimebound:SelfFormingGoo+1","Slimebound:ComboTackle+1","Slimebound:LivingWall+1","Slimebound:ComboTackle+1","Slimebound:ProtectTheBoss+1","Replay:SS_hec_1+1","Slimebound:Replication+1","Slimebound:ViciousTackle+1","Slimebound:SplitAcid+1","Slimebound:MegaLick+1","Slimebound:SplitLeeching+1","Slimebound:SlimeSpikes+1","Slimebound:FlameTackle+1","Slimebound:SplitLeeching+1"],"relics":["Slimebound:AbsorbEndCombat","Anvil of the Gods","Mercury Hourglass","War Paint","wanderingMiniBosses:ThiefScarf","Hammer of Thor","Seething Fire","theForsaken:Kindling","Membership Card","Ancient Tea Set","hubris:Spice","Busted Crown","Shuriken","Bag of Marbles","infinitespire:Joker Card","halation:IllGainedPizza","Bromod:ArcaneGrace","StuffTheSpire:MayFlowers"],"acts_visited":["Exordium","TheCity","TheBeyond"],"potions_floor_usage":[33,35,35,52],"damage_taken":[{"damage":5,"enemies":"2 Louse","floor":2,"turns":3},{"damage":6,"enemies":"downfall:FleeingMerchant","floor":3,"turns":7},{"damage":8,"enemies":"Small Slimes","floor":5,"turns":2},{"damage":3,"enemies":"Jaw Worm","floor":6,"turns":5},{"damage":16,"enemies":"3 Sentries","floor":8,"turns":5},{"damage":16,"enemies":"Red Slaver","floor":14,"turns":2},{"damage":0,"enemies":"Gremlin Nob","floor":15,"turns":3},{"damage":7,"enemies":"3 Louse","floor":16,"turns":3},{"damage":0,"enemies":"Exordium Wildlife","floor":17,"turns":3},{"damage":23,"enemies":"IC_STATUS_ARCHETYPE","floor":18,"turns":5},{"damage":7,"enemies":"3 Byrds","floor":21,"turns":3},{"damage":12,"enemies":"Spheric Guardian","floor":22,"turns":4},{"damage":9,"enemies":"Cultist and Chosen","floor":23,"turns":5},{"damage":0,"enemies":"downfall:FleeingMerchant","floor":24,"turns":4},{"damage":27,"enemies":"Nightmare","floor":28,"turns":7},{"damage":13,"enemies":"Replay:Snechameleon","floor":30,"turns":5},{"damage":4,"enemies":"Snecko","floor":31,"turns":4},{"damage":8,"enemies":"downfall:FleeingMerchant","floor":32,"turns":4},{"damage":25,"enemies":"Snake Plant","floor":33,"turns":4},{"damage":20,"enemies":"Sentry and Sphere","floor":34,"turns":4},{"damage":33,"enemies":"SI_MIRROR_ARCHETYPE","floor":35,"turns":6},{"damage":9,"enemies":"3 Shapes","floor":38,"turns":4},{"damage":0,"enemies":"Orb Walker","floor":39,"turns":3},{"damage":0,"enemies":"downfall:FleeingMerchant","floor":40,"turns":4},{"damage":74,"enemies":"4 Shapes","floor":41,"turns":4},{"damage":4,"enemies":"Maw","floor":44,"turns":5},{"damage":33,"enemies":"3 Darklings","floor":45,"turns":5},{"damage":0,"enemies":"downfall:FleeingMerchant","floor":46,"turns":3},{"damage":32,"enemies":"Spire Growth","floor":48,"turns":3},{"damage":9,"enemies":"Nemesis","floor":49,"turns":7},{"damage":3,"enemies":"Maw","floor":51,"turns":9},{"damage":13,"enemies":"DF_ARCHETYPE_ORBS","floor":52,"turns":3}],"seed_played":"8907914277014859811","potions_obtained":[{"floor":5,"key":"DeathKnight:RimePotion"},{"floor":8,"key":"Reflective Coating"},{"floor":34,"key":"LiquidBronze"},{"floor":38,"key":"Strength Potion"},{"floor":41,"key":"LiquidBronze"}],"is_trial":false,"path_per_floor":["R","M","$","?","M","M","T","E","R","PTL","PTL","?","R","M","E","M","M","B",null,"R","M","M","M","$","?","T","R","NM","R","E","M","$","M","M","B",null,"R","M","M","$","M","R","T","M","M","$","?","M","E","?","M","B"],"character_chosen":"SLIMEBOUND","items_purchased":["Slimebound:LeechEnergy","Membership Card","Slimebound:TongueLash","Slimebound:RainOfGoop","Slimebound:Gluttony","Slimebound:Repurpose","Slimebound:GoopTackle","Shuriken","Slimebound:ProtectTheBoss","Replay:SS_hec_1","infinitespire:Joker Card","Slimebound:SplitLeeching"],"campfire_rested":6,"item_purchase_floors":[3,24,24,24,32,32,32,40,40,40,46,46],"current_hp_per_floor":[71,68,68,68,60,65,65,51,71,71,71,71,71,57,61,56,60,45,71,71,68,56,55,63,63,63,76,57,81,80,80,74,51,37,12,89,94,89,93,94,24,57,57,61,34,36,36,12,7,10,11,0,0,0],"gold":475,"neow_bonus":"TEN_PERCENT_HP_BONUS","is_daily":false,"chose_seed":false,"campfire_upgraded":0,"win_rate":0.0,"timestamp":1614237958,"path_taken":["R","M","$","?","M","M","T","E","R","PTL","PTL","?","R","?","E","M","M","BOSS","R","M","M","M","$","?","T","R","NM","R","E","M","$","M","M","BOSS","R","M","M","$","M","R","T","M","M","$","?","M","E","?","M","BOSS"],"items_purchased_type":["Card","Relic","Card","Card","Card","Card","Card","Relic","Card","Card","Relic","Card"],"build_version":"2020-12-22","purchased_purges":0,"victory":false,"max_hp_per_floor":[71,71,71,71,71,71,71,71,71,71,71,71,71,71,71,71,71,71,71,71,71,71,71,71,71,71,76,76,81,89,89,89,89,89,89,89,94,94,94,94,94,99,99,99,99,99,99,99,99,102,102,102,102,102],"relic_stats":{"Busted Crown":24,"counters":[32,134],"Shuriken":[1],"War Paint":["Slimebound:LivingWall"],"obtain_stats":[{"Bromod:ArcaneUltimatum":39,"Replay:Accelerometer":39,"Calipers":17,"Gremlin Horn":48,"Vajra":49,"Hammer of Thor":0,"Ginger":21,"Boot":38,"HollowMod:StagPassRelic":51,"halation:PrussianBluePaint":15,"hubris:AstralHammer":31,"Iron Hammer":15,"StuffTheSpire:NeowsTribute":24,"wanderingMiniBosses:ThiefScarf":14,"halation:QuantumPhysicsTextbook":28,"Eternal Feather":28,"infinitespire:Magic Flask":35,"War Paint":8,"Bromod:ArcaneConsequence":23,"Anvil of the Gods":0,"infinitespire:Broken Mirror":18,"Shuriken":40,"StuffTheSpire:MayFlowers":52,"DeathKnight:PutricidesVial":45,"Bromod:ArcaneEnergize":46,"halation:PenCase":51,"hubris:ToyBattleship":18,"Black Star":22,"Unceasing Top":40,"Pocketwatch":44,"halation:TrafficLight":44,"halation:WeightlessCrab":22,"Replay:Multitool":33,"Replay:Mystery Machine":45,"Ancient Tea Set":28,"ClockworkSouvenir":48,"StuffTheSpire:Experiment12":16,"Matryoshka":32,"Slimebound:MaxSlimesRelic":49,"theForsaken:Kindling":15,"Pantograph":16,"Bromod:ArcaneTempo":17,"hubris:ScarierMask":34,"infinitespire:Eraser":23,"Bromod:ArcaneGuardian":41,"Runic Pyramid":38,"StuffTheSpire:TintedRock":35,"Bromod:ArcaneGrace":52,"Quantum Egg":33,"halation:IllGainedPizza":49,"hubris:MedicalManual":34,"infinitespire:Joker Card":46,"Seething Fire":0,"infinitespire:CheckeredPen":31,"Medical Kit":21,"Mercury Hourglass":7,"Anchor":40,"Busted Crown":36,"hubris:Spice":30,"Slimebound:AbsorbEndCombat":0,"StuffTheSpire:Kangaroo":30,"Bag of Marbles":43,"Membership Card":24,"DeathKnight:SindragosasSkull":41},{"Bromod:ArcaneUltimatum":22,"Replay:Accelerometer":22,"Calipers":8,"Gremlin Horn":28,"Vajra":29,"Hammer of Thor":0,"Ginger":10,"Boot":21,"HollowMod:StagPassRelic":30,"halation:PrussianBluePaint":6,"hubris:AstralHammer":16,"Iron Hammer":6,"StuffTheSpire:NeowsTribute":13,"wanderingMiniBosses:ThiefScarf":6,"halation:QuantumPhysicsTextbook":14,"Eternal Feather":14,"infinitespire:Magic Flask":20,"War Paint":5,"Bromod:ArcaneConsequence":12,"Anvil of the Gods":0,"infinitespire:Broken Mirror":9,"Shuriken":24,"StuffTheSpire:MayFlowers":31,"DeathKnight:PutricidesVial":26,"Bromod:ArcaneEnergize":27,"halation:PenCase":30,"hubris:ToyBattleship":9,"Black Star":11,"Unceasing Top":23,"Pocketwatch":25,"halation:TrafficLight":25,"halation:WeightlessCrab":11,"Replay:Multitool":18,"Replay:Mystery Machine":26,"Ancient Tea Set":15,"ClockworkSouvenir":28,"StuffTheSpire:Experiment12":7,"Matryoshka":17,"Slimebound:MaxSlimesRelic":29,"theForsaken:Kindling":7,"Pantograph":7,"Bromod:ArcaneTempo":8,"hubris:ScarierMask":19,"infinitespire:Eraser":12,"Bromod:ArcaneGuardian":24,"Runic Pyramid":21,"StuffTheSpire:TintedRock":20,"Bromod:ArcaneGrace":31,"Quantum Egg":18,"halation:IllGainedPizza":30,"hubris:MedicalManual":19,"infinitespire:Joker Card":28,"Seething Fire":0,"infinitespire:CheckeredPen":16,"Medical Kit":10,"Mercury Hourglass":4,"Anchor":23,"Busted Crown":21,"hubris:Spice":16,"Slimebound:AbsorbEndCombat":0,"StuffTheSpire:Kangaroo":15,"Bag of Marbles":25,"Membership Card":14,"DeathKnight:SindragosasSkull":24},{"Bromod:ArcaneUltimatum":88,"Replay:Accelerometer":88,"Calipers":29,"Gremlin Horn":112,"Vajra":115,"Hammer of Thor":0,"Ginger":37,"Boot":85,"HollowMod:StagPassRelic":122,"halation:PrussianBluePaint":23,"hubris:AstralHammer":63,"Iron Hammer":23,"StuffTheSpire:NeowsTribute":48,"wanderingMiniBosses:ThiefScarf":23,"halation:QuantumPhysicsTextbook":52,"Eternal Feather":52,"infinitespire:Magic Flask":79,"War Paint":21,"Bromod:ArcaneConsequence":43,"Anvil of the Gods":0,"infinitespire:Broken Mirror":32,"Shuriken":95,"StuffTheSpire:MayFlowers":131,"DeathKnight:PutricidesVial":104,"Bromod:ArcaneEnergize":109,"halation:PenCase":122,"hubris:ToyBattleship":32,"Black Star":40,"Unceasing Top":91,"Pocketwatch":99,"halation:TrafficLight":99,"halation:WeightlessCrab":40,"Replay:Multitool":71,"Replay:Mystery Machine":104,"Ancient Tea Set":58,"ClockworkSouvenir":112,"StuffTheSpire:Experiment12":26,"Matryoshka":67,"Slimebound:MaxSlimesRelic":115,"theForsaken:Kindling":26,"Pantograph":26,"Bromod:ArcaneTempo":29,"hubris:ScarierMask":75,"infinitespire:Eraser":43,"Bromod:ArcaneGuardian":95,"Runic Pyramid":85,"StuffTheSpire:TintedRock":79,"Bromod:ArcaneGrace":131,"Quantum Egg":71,"halation:IllGainedPizza":122,"hubris:MedicalManual":75,"infinitespire:Joker Card":112,"Seething Fire":0,"infinitespire:CheckeredPen":63,"Medical Kit":37,"Mercury Hourglass":17,"Anchor":91,"Busted Crown":85,"hubris:Spice":63,"Slimebound:AbsorbEndCombat":0,"StuffTheSpire:Kangaroo":58,"Bag of Marbles":99,"Membership Card":52,"DeathKnight:SindragosasSkull":95}],"Mercury Hourglass":[425]},"card_choices":[{"not_picked":["Slimebound:ItLooksTasty","Slimebound:HauntingLick"],"picked":"Slimebound:SplitAcid","floor":2},{"not_picked":["Slimebound:LeechEnergy","Slimebound:SplitLeeching"],"picked":"Slimebound:OneTwoCombo","floor":3},{"not_picked":["Slimebound:ViciousTackle","Slimebound:Replication"],"picked":"Slimebound:LivingWall","floor":5},{"not_picked":["Slimebound:RollThrough","Slimebound:SplitAcid"],"picked":"Slimebound:ForwardTackle","floor":6},{"not_picked":["Slimebound:SplitBruiser","Slimebound:LivingWall"],"picked":"Slimebound:SlimeTap","floor":8},{"not_picked":["Slimebound:ProtectTheBoss","Slimebound:HauntingLick"],"picked":"Slimebound:LeadByExample","floor":14},{"not_picked":["Slimebound:Schlurp","Slimebound:LivingWall"],"picked":"Slimebound:Gluttony","floor":15},{"not_picked":["Slimebound:SplitBruiser","Slimebound:Prepare"],"picked":"Slimebound:LeechingTouch","floor":16},{"not_picked":["Slimebound:FlameTackle","Slimebound:FormOfPuddle"],"picked":"Slimebound:MassRepurpose","floor":17},{"not_picked":["Slimebound:FirmFortitude","Slimebound:OneTwoCombo"],"picked":"Slimebound:OozeBath","floor":18},{"not_picked":["Slimebound:Schlurp+1","Slimebound:HauntingLick"],"picked":"Slimebound:SpikyOuterGoop","floor":21},{"not_picked":["Slimebound:SlimeSpikes","Slimebound:DisruptingSlam+1"],"picked":"Slimebound:DouseInSlime","floor":22},{"not_picked":["Slimebound:ComboTackle+1","Slimebound:Schlurp"],"picked":"Slimebound:RollThrough","floor":23},{"not_picked":["Slimebound:Nibble+1","Slimebound:LivingWall+1"],"picked":"Slimebound:MegaLick","floor":24},{"not_picked":["Slimebound:SlimeSpikes","Slimebound:GoopSpray"],"picked":"Slimebound:BestDefense","floor":28},{"not_picked":["Slimebound:SamplingLick","Slimebound:LivingWall+1"],"picked":"Slimebound:Chomp","floor":30},{"not_picked":["Slimebound:HauntingLick","Slimebound:LeechEnergy"],"picked":"Slimebound:SplitLeeching","floor":31},{"not_picked":["Slimebound:RainOfGoop","Slimebound:ComboTackle"],"picked":"Slimebound:FormOfPuddle","floor":32},{"not_picked":["Slimebound:MegaLick","Slimebound:LivingWall"],"picked":"Slimebound:SlimeSpikes","floor":33},{"not_picked":["Slimebound:SlimeTap","Slimebound:SamplingLick"],"picked":"Slimebound:Dissolve","floor":34},{"not_picked":["Slimebound:FirmFortitude","Slimebound:SlimeSlap"],"picked":"Slimebound:SelfFormingGoo","floor":35},{"not_picked":[],"picked":"Slimebound:ComboTackle+1","floor":38},{"not_picked":[],"picked":"Slimebound:LivingWall","floor":39},{"not_picked":[],"picked":"Slimebound:ComboTackle","floor":40},{"not_picked":[],"picked":"Slimebound:Replication+1","floor":41},{"not_picked":[],"picked":"Slimebound:ViciousTackle+1","floor":44},{"not_picked":[],"picked":"Slimebound:SplitAcid+1","floor":45},{"not_picked":[],"picked":"Slimebound:MegaLick+1","floor":46},{"not_picked":[],"picked":"Slimebound:SlimeSpikes","floor":48},{"not_picked":[],"picked":"Slimebound:FlameTackle","floor":49},{"not_picked":[],"picked":"Slimebound:SplitLeeching+1","floor":51}],"player_experience":108744,"relics_obtained":[{"floor":7,"key":"Mercury Hourglass"},{"floor":8,"key":"War Paint"},{"floor":14,"key":"wanderingMiniBosses:ThiefScarf"},{"floor":14,"key":"Hammer of Thor"},{"floor":14,"key":"Seething Fire"},{"floor":15,"key":"theForsaken:Kindling"},{"floor":28,"key":"Ancient Tea Set"},{"floor":30,"key":"hubris:Spice"},{"floor":43,"key":"Bag of Marbles"},{"floor":49,"key":"halation:IllGainedPizza"}],"event_choices":[{"damage_healed":0,"gold_gain":0,"player_choice":"Full Heal","damage_taken":0,"max_hp_gain":0,"max_hp_loss":0,"event_name":"Wheel of Change","floor":20,"gold_loss":0}],"is_beta":false,"boss_relics":[{"not_picked":["Replay:Drink Me","Runic Dome","Empty Cage"]},{"not_picked":["halation:Prosthetics","Coffee Dripper"],"picked":"Busted Crown"}],"items_purged_floors":[],"is_endless":true,"potions_floor_spawned":[5,8,15,16,17,21,22,28,30,33,34,38,41,44,49],"killed_by":"DF_ARCHETYPE_ORBS","ascension_level":0}}