{"host":"vk2xyavtylxbvrfq","time":1614229274,"event":{"mods":["Bard","BaseMod","Bestiary","Better Altar","Better Match","Better Note","Better Sensory Stone","Better Skull","Better Vampires","Block Reminder","Bossed Relics","Colored Map","Curses Come First","Displayed Cursed Tome","Downfall","Extra Virgin Snecko Oil","Fox Events","Hermit","Ironclad Rager","Marked Mod","Minty Spire (QoL Compilation)","Quick Restart","Rare Cards Sparkle","Relic Sorter","Reliquary","Robot Space Explorer","StSLib","The Hayseed","The Runesmith","Unceasing Turn Reminder"],"gold_per_floor":[118,132,192,205,205,230,230,258,258,258,333,359,14,44,44,139,139,154,154,154,154,173,173,178,178],"floor_reached":24,"language":"ENG","playtime":942,"items_purged":[],"score":283,"play_id":"684f9818-3c5e-4fb3-a9c7-a037ba03f6e4","local_time":"20210225000114","is_ascension_mode":true,"campfire_choices":[{"floor":7,"key":"REST"},{"floor":10,"key":"REST"},{"data":"hermit:HeroicBravado","floor":15,"key":"SMITH"},{"floor":23,"key":"REST"}],"circlet_count":0,"master_deck":["hermit:Strike_Hermit","hermit:Strike_Hermit","hermit:Defend_Hermit","hermit:Defend_Hermit","hermit:Defend_Hermit","hermit:Defend_Hermit","hermit:Snapshot","hermit:Covet","Sadistic Nature","hermit:TrackingShot","hermit:Quickdraw","hermit:Enervate","Regret","hermit:HeroicBravado+1","hermit:RoundhouseKick","hermit:FlashPowder","hermit:Combo","HandOfGreed","hermit:CalledShot","hermit:TrackingShot","hermit:FromBeyond","hermit:WideOpen","hermit:Scavenge","hermit:Headshot+1"],"relics":["hermit:Momento","hermit:Spyglass","Omamori","reliquary:PartyBalloon","reliquary:HotPoker","Smiling Mask","Empty Cage","sneckomod:BabySnecko"],"acts_visited":["Exordium","TheCity"],"potions_floor_usage":[6,6,8,18],"damage_taken":[{"damage":8.0,"enemies":"Jaw Worm","floor":1.0,"turns":4.0},{"damage":0.0,"enemies":"Small Slimes","floor":2.0,"turns":4.0},{"damage":2.0,"enemies":"2 Louse","floor":4.0,"turns":3.0},{"damage":8,"enemies":"Gremlin Nob","floor":6,"turns":3},{"damage":31,"enemies":"3 Sentries","floor":8,"turns":10},{"damage":3,"enemies":"Looter","floor":14,"turns":2},{"damage":5,"enemies":"Slime Boss","floor":16,"turns":15},{"damage":26,"enemies":"3 Byrds","floor":18,"turns":6},{"damage":0,"enemies":"Chosen","floor":22,"turns":4},{"damage":19,"enemies":"Gremlin Leader","floor":24,"turns":6}],"seed_played":"-809955450898659497","potions_obtained":[{"floor":2.0,"key":"SkillPotion"},{"floor":4.0,"key":"Explosive Potion"},{"floor":6,"key":"GamblersBrew"},{"floor":14,"key":"SkillPotion"},{"floor":18,"key":"FearPotion"}],"is_trial":false,"path_per_floor":["M","M","?","M","?","E","R","E","T","R","?","T","$","M","R","B",null,"M","?","?","?","M","R","E"],"character_chosen":"HERMIT","items_purchased":["hermit:FlashPowder","hermit:Combo","HandOfGreed","hermit:CalledShot"],"campfire_rested":3,"item_purchase_floors":[13,13,13,13],"current_hp_per_floor":[42,42,42,40,40,32,54,23,23,45,34,34,34,31,31,26,63,37,37,37,37,37,59,40,40],"gold":178,"neow_bonus":"RANDOM_COLORLESS_2","is_daily":false,"chose_seed":false,"campfire_upgraded":1,"win_rate":0.0,"timestamp":1614229274,"path_taken":["M","M","?","M","?","E","R","E","T","R","?","?","$","M","R","BOSS","M","?","?","?","M","R","E"],"items_purchased_type":["Card","Card","Card","Card"],"build_version":"2020-12-22","purchased_purges":0,"victory":false,"max_hp_per_floor":[75,75,75,75,75,75,75,75,75,75,75,75,75,75,75,75,75,75,75,75,75,75,75,75,75],"card_choices":[{"not_picked":["Thinking Ahead","Magnetism"],"picked":"Sadistic Nature","floor":0.0},{"not_picked":["hermit:HoleUp","hermit:HighCaliber"],"picked":"hermit:TrackingShot","floor":1.0},{"not_picked":["hermit:Virtue","hermit:CalledShot"],"picked":"hermit:Quickdraw","floor":2.0},{"not_picked":["hermit:LuckOfTheDraw","hermit:HighCaliber"],"picked":"hermit:Enervate","floor":4.0},{"not_picked":["hermit:CalledShot","hermit:LowProfile"],"picked":"hermit:HeroicBravado","floor":6},{"not_picked":["hermit:NoHoldsBarred","hermit:CursedWeapon"],"picked":"hermit:RoundhouseKick","floor":8},{"not_picked":["hermit:Feint","hermit:ItchyTrigger"],"picked":"hermit:TrackingShot","floor":14},{"not_picked":["hermit:RoundhouseKick","hermit:EternalForm"],"picked":"hermit:FromBeyond","floor":16},{"not_picked":["hermit:Vantage","hermit:TakeCover"],"picked":"hermit:WideOpen","floor":18},{"not_picked":["hermit:Shortfuse","hermit:Feint"],"picked":"hermit:Headshot+1","floor":22}],"player_experience":1479171,"relics_obtained":[{"floor":6,"key":"Omamori"},{"floor":8,"key":"reliquary:PartyBalloon"},{"floor":9,"key":"reliquary:HotPoker"},{"floor":12,"key":"Smiling Mask"}],"event_choices":[{"damage_healed":0.0,"max_hp_gain":0.0,"max_hp_loss":0.0,"gold_gain":60.0,"event_name":"Golden Wing","player_choice":"Gained Gold","floor":3.0,"gold_loss":0.0,"damage_taken":0.0},{"damage_healed":0.0,"max_hp_gain":0.0,"max_hp_loss":0.0,"gold_gain":0.0,"event_name":"Big Fish","player_choice":"Box","floor":5.0,"gold_loss":0.0,"damage_taken":0.0,"relics_obtained":["hermit:Spyglass"],"cards_obtained":["Regret"]},{"damage_healed":0,"gold_gain":75,"player_choice":"Gather Gold","damage_taken":11,"max_hp_gain":0,"max_hp_loss":0,"event_name":"World of Goop","floor":11,"gold_loss":0},{"damage_healed":0,"gold_gain":0,"player_choice":"Read","damage_taken":0,"max_hp_gain":0,"max_hp_loss":0,"event_name":"The Library","floor":20,"gold_loss":0,"cards_obtained":["hermit:Scavenge"]},{"damage_healed":0,"gold_gain":0,"player_choice":"Ignored","damage_taken":0,"max_hp_gain":0,"max_hp_loss":0,"event_name":"Ghosts","floor":21,"gold_loss":0}],"is_beta":false,"boss_relics":[{"not_picked":["Runic Pyramid","Velvet Choker"],"picked":"Empty Cage"}],"items_purged_floors":[],"is_endless":false,"potions_floor_spawned":[2,4,6,14,18],"killed_by":"Gremlin Leader","ascension_level":8}}