{"host":"z439itq93uucuvou","time":1614276830,"event":{"mods":["BaseMod","Downfall","Jorbs\u0027s Wanderer Trilogy","Minty Spire (QoL Compilation)","StSLib"],"gold_per_floor":[99,114,125,143,153,164,187,197,297,311,325,96,96,127,142,242,242,242,254,265,278,291,391,461,461,478,8,26,41,41,51,64,169,169,69,79,90,90,90,100,127,142,42,75,75,105,117,169,187,187],"floor_reached":51,"language":"ENG","playtime":4688,"items_purged":["bronze:Strike"],"score":810,"play_id":"18be9a73-510a-4e36-ae2c-d91f98f93bca","local_time":"20210225101350","is_ascension_mode":true,"campfire_choices":[{"floor":1.0,"key":"RECALL"},{"data":"bronze:AlphaBuild","floor":18.0,"key":"SMITH"},{"data":"bronze:ItsAFeature","floor":30.0,"key":"SMITH"},{"data":"bronze:Goto","floor":35.0,"key":"SMITH"},{"data":"expansioncontent:YouAreMine","floor":43,"key":"SMITH"},{"data":"bronze:ForLoop","floor":45,"key":"SMITH"}],"circlet_count":0,"master_deck":["bronze:Defend","bronze:Defend","bronze:Defend","bronze:Replicate","bronze:Frontload","bronze:CloningBeam","bronze:Boost","bronze:MaxOutput","bronze:Overheat","bronze:Flail","bronze:Library","bronze:ForceShield","bronze:ForLoop+1","bronze:FollowUp","bronze:Terminator","bronze:DelayedGuard","bronze:Shell","bronze:AlphaBuild+1","bronze:Iterate","bronze:Overheat","bronze:Boost+1","bronze:Overload+1","bronze:HyperBeam","bronze:ItsAFeature+1","bronze:BugBarrage","bronze:BronzeArmor","bronze:ItsAFeature+1","bronze:Overheat+1","bronze:Boost+1","bronze:FunctionCard","bronze:BronzeOrb+1","expansioncontent:GuardianWhirl","expansioncontent:GuardianWhirl","expansioncontent:YouAreMine+1","bronze:Overload+1","bronze:Terminator"],"relics":["Snecko Eye","Bag of Preparation","Potion Belt","Orrery","Happy Flower","MealTicket","bronze:MakeshiftBattery","Ginger","Meat on the Bone","Kunai","Chemical X","Vajra","Astrolabe","downfall:HeartBlessingRed","downfall:HeartBlessingGreen","bronze:SilverBullet","Calipers","Lantern"],"acts_visited":["Exordium","TheCity","TheBeyond"],"potions_floor_usage":[46,46,47],"damage_taken":[{"damage":10.0,"enemies":"Small Slimes","floor":2.0,"turns":4.0},{"damage":0.0,"enemies":"Cultist","floor":3.0,"turns":4.0},{"damage":0.0,"enemies":"2 Louse","floor":4.0,"turns":3.0},{"damage":0.0,"enemies":"downfall:LooterAlt","floor":5.0,"turns":3.0},{"damage":18.0,"enemies":"3 Louse","floor":6.0,"turns":7.0},{"damage":8.0,"enemies":"Lots of Slimes","floor":8.0,"turns":4.0},{"damage":0.0,"enemies":"downfall:LadyInBlue","floor":9.0,"turns":5.0},{"damage":0.0,"enemies":"Gremlin Gang","floor":10.0,"turns":3.0},{"damage":0.0,"enemies":"2 Fungi Beasts","floor":11.0,"turns":2.0},{"damage":0.0,"enemies":"downfall:FleeingMerchant","floor":12.0,"turns":4.0},{"damage":0.0,"enemies":"Lagavulin","floor":14.0,"turns":3.0},{"damage":0.0,"enemies":"downfall:LooterAlt","floor":15.0,"turns":1.0},{"damage":2.0,"enemies":"DF_ARCHETYPE_STREAMLINE","floor":16.0,"turns":7.0},{"damage":0.0,"enemies":"Shell Parasite","floor":19.0,"turns":2.0},{"damage":3.0,"enemies":"Spheric Guardian","floor":20.0,"turns":4.0},{"damage":4.0,"enemies":"Snake Plant","floor":21.0,"turns":4.0},{"damage":13.0,"enemies":"Snecko","floor":22.0,"turns":6.0},{"damage":4.0,"enemies":"WA_ARCHETYPE_RETAIN","floor":23.0,"turns":5.0},{"damage":9.0,"enemies":"Cultist and Chosen","floor":26.0,"turns":6.0},{"damage":3.0,"enemies":"downfall:FleeingMerchant","floor":27.0,"turns":4.0},{"damage":0.0,"enemies":"Centurion and Healer","floor":28.0,"turns":2.0},{"damage":0.0,"enemies":"Shelled Parasite and Fungi","floor":29.0,"turns":1.0},{"damage":0.0,"enemies":"Sentry and Sphere","floor":31.0,"turns":3.0},{"damage":0.0,"enemies":"Snake Plant","floor":32.0,"turns":3.0},{"damage":13.0,"enemies":"IC_MUSHROOM_ARCHETYPE","floor":33.0,"turns":3.0},{"damage":38,"enemies":"3 Darklings","floor":36,"turns":8},{"damage":28,"enemies":"3 Shapes","floor":37,"turns":4},{"damage":7,"enemies":"Spire Growth","floor":40,"turns":3},{"damage":0,"enemies":"Maw","floor":42,"turns":4},{"damage":8,"enemies":"Nemesis","floor":44,"turns":3},{"damage":0,"enemies":"Reptomancer","floor":46,"turns":3},{"damage":11,"enemies":"4 Shapes","floor":47,"turns":2},{"damage":8,"enemies":"Transient","floor":49,"turns":5},{"damage":20,"enemies":"WA_ARCHETYPE_DIVINITY","floor":50,"turns":9}],"seed_played":"-7749672294642267636","potions_obtained":[{"floor":4.0,"key":"Regen Potion"},{"floor":5.0,"key":"ColorlessPotion"},{"floor":9.0,"key":"Energy Potion"},{"floor":9.0,"key":"champ:CounterPotion"},{"floor":9.0,"key":"Block Potion"},{"floor":10.0,"key":"Explosive Potion"},{"floor":11.0,"key":"champ:CounterPotion"},{"floor":19.0,"key":"AttackPotion"},{"floor":22.0,"key":"ColorlessPotion"},{"floor":28.0,"key":"SkillPotion"},{"floor":32.0,"key":"AttackPotion"},{"floor":37,"key":"Block Potion"},{"floor":40,"key":"Energy Potion"},{"floor":42,"key":"AttackPotion"}],"is_trial":false,"path_per_floor":["R","M","M","M","M","M","T","M","?","M","M","$","?","E","M","B",null,"R","M","M","M","M","?","T","?","M","$","M","M","R","M","M","B",null,"R","M","M","?","?","M","T","M","R","E","R","E","M","?","M","B",null],"character_chosen":"THE_AUTOMATON","items_purchased":["bronze:ForLoop","Orrery","Chemical X","Vajra","bronze:HyperBeam"],"campfire_rested":0,"item_purchase_floors":[12,12,27,27,27],"current_hp_per_floor":[70,60,60,60,60,42,42,34,48,48,48,48,41,41,41,39,70,70,70,67,63,50,46,46,38,41,53,53,53,53,53,53,40,70,70,44,28,61,51,44,44,44,44,36,36,36,37,37,41,33],"gold":187,"neow_bonus":"BOSS_RELIC","is_daily":false,"chose_seed":false,"campfire_upgraded":5,"win_rate":0.0,"timestamp":1614276830,"path_taken":["R","M","M","M","M","M","T","M","?","?","M","?","?","E","M","BOSS","R","M","M","M","M","?","T","?","M","$","?","?","R","M","M","BOSS","R","M","M","?","?","M","T","M","R","E","R","E","M","?","M","BOSS"],"items_purchased_type":["Card","Relic","Relic","Relic","Card"],"build_version":"2020-12-22","purchased_purges":1,"victory":true,"max_hp_per_floor":[70,70,70,70,70,70,70,70,70,70,70,70,70,70,70,70,70,70,70,70,70,70,70,70,70,70,70,70,70,70,70,70,70,70,70,70,70,61,61,61,61,61,61,61,61,61,61,61,61,61],"card_choices":[{"not_picked":["bronze:DelayedGuard","bronze:OilSpill"],"picked":"bronze:Frontload","floor":2.0},{"not_picked":["bronze:Turbo","bronze:Iterate"],"picked":"bronze:CloningBeam","floor":3.0},{"not_picked":["bronze:Shield","bronze:Fortify"],"picked":"bronze:Boost","floor":4.0},{"not_picked":["bronze:CloningBeam","bronze:FineTuning"],"picked":"bronze:MaxOutput","floor":5.0},{"not_picked":["bronze:DarkDash","bronze:BugBarrage"],"picked":"bronze:Overheat","floor":6.0},{"not_picked":["bronze:NullPointer","bronze:CutThrough"],"picked":"bronze:Flail","floor":8.0},{"not_picked":["bronze:BitShift","bronze:Separator"],"picked":"bronze:Library","floor":9.0},{"not_picked":["bronze:Turbo","bronze:BugBarrage","bronze:WhirlingStrike"],"picked":"SKIP","floor":10.0},{"not_picked":["bronze:Deprecate","bronze:BitShift","bronze:DelayedSlice"],"picked":"SKIP","floor":11.0},{"not_picked":["bronze:ThunderWave","bronze:BuggyMess"],"picked":"bronze:ForceShield","floor":12.0},{"not_picked":["bronze:InfiniteLoop","bronze:WhirlingStrike"],"picked":"bronze:Philosophize","floor":12.0},{"not_picked":["bronze:Backtrace","bronze:Shield"],"picked":"bronze:FollowUp","floor":12.0},{"not_picked":["bronze:Safeguard","bronze:Deprecate"],"picked":"bronze:Terminator","floor":12.0},{"not_picked":["bronze:Overheat","bronze:CloningBeam"],"picked":"bronze:DelayedGuard","floor":12.0},{"not_picked":["bronze:NullPointer","bronze:Branch"],"picked":"bronze:Shell","floor":14.0},{"not_picked":["bronze:Philosophize","bronze:Terminator","bronze:DelayedSlice"],"picked":"SKIP","floor":15.0},{"not_picked":["bronze:HyperBeam","bronze:InfiniteLoop"],"picked":"bronze:AlphaBuild","floor":16.0},{"not_picked":["bronze:Shield","bronze:OilSpill+1"],"picked":"bronze:Iterate","floor":19.0},{"not_picked":["bronze:Deprecate","bronze:Assembly","bronze:DelayedGuard"],"picked":"SKIP","floor":20.0},{"not_picked":["bronze:Frontload","bronze:Turbo"],"picked":"bronze:Overheat","floor":21.0},{"not_picked":["bronze:DelayedSlice","bronze:BitShift"],"picked":"bronze:Boost+1","floor":22.0},{"not_picked":["bronze:OilSpill","bronze:Shell","bronze:Constructor"],"picked":"SKIP","floor":26.0},{"not_picked":["bronze:Refactor","bronze:Allocate"],"picked":"bronze:Overload+1","floor":27.0},{"not_picked":["bronze:DelayedSlice","bronze:WhirlingStrike"],"picked":"bronze:ItsAFeature","floor":28.0},{"not_picked":["bronze:BugBarrage","bronze:Frontload+1","bronze:Branch"],"picked":"SKIP","floor":29.0},{"not_picked":["bronze:Frontload+1","bronze:Branch"],"picked":"bronze:BugBarrage","floor":29.0},{"not_picked":["bronze:Break","bronze:InfiniteBeams","bronze:Separator"],"picked":"SKIP","floor":31.0},{"not_picked":["bronze:Shield","bronze:BuggyMess"],"picked":"bronze:BronzeArmor","floor":32.0},{"not_picked":["bronze:FindAndReplace","bronze:BurnOut"],"picked":"bronze:Hardcode","floor":33.0},{"not_picked":["bronze:Safeguard+1","bronze:BuggyMess+1"],"picked":"bronze:BronzeOrb+1","floor":36},{"not_picked":["bronze:DelayedGuard+1","bronze:Invalidate+1","bronze:Shield+1"],"picked":"SKIP","floor":37},{"not_picked":["expansioncontent:YouAreMine","expansioncontent:PolyBeam"],"picked":"expansioncontent:GuardianWhirl","floor":39},{"not_picked":["expansioncontent:AwakenDeath","expansioncontent:PrepareCrush"],"picked":"expansioncontent:GuardianWhirl","floor":39},{"not_picked":["expansioncontent:LastStand","expansioncontent:InvincibleStrength"],"picked":"expansioncontent:YouAreMine","floor":39},{"not_picked":["bronze:BuggyMess+1","bronze:Break","bronze:CutThrough"],"picked":"SKIP","floor":40},{"not_picked":["bronze:WhirlingStrike+1","bronze:Optimize+1"],"picked":"bronze:Overload+1","floor":42},{"not_picked":["bronze:BitShift+1","bronze:Library","bronze:InfiniteLoop"],"picked":"SKIP","floor":44},{"not_picked":["bronze:OilSpill+1","bronze:WhirlingStrike","bronze:Optimize+1"],"picked":"SKIP","floor":46},{"not_picked":["bronze:BronzeArmor","bronze:Turbo+1","bronze:MaxOutput"],"picked":"SKIP","floor":47},{"not_picked":["bronze:DelayedGuard+1","bronze:GetLatest+1"],"picked":"bronze:Terminator","floor":49}],"player_experience":1760360,"relics_obtained":[{"floor":7.0,"key":"Bag of Preparation"},{"floor":9.0,"key":"Potion Belt"},{"floor":14.0,"key":"MealTicket"},{"floor":23.0,"key":"Ginger"},{"floor":23.0,"key":"Meat on the Bone"},{"floor":24.0,"key":"Kunai"},{"floor":44,"key":"bronze:SilverBullet"},{"floor":46,"key":"Calipers"},{"floor":48,"key":"Lantern"}],"event_choices":[{"damage_healed":0.0,"max_hp_gain":0.0,"max_hp_loss":0.0,"gold_gain":0.0,"event_name":"Scrap Ooze","player_choice":"Success","floor":13.0,"gold_loss":0.0,"damage_taken":7.0,"relics_obtained":["Happy Flower"]}],"is_beta":false,"boss_relics":[{"not_picked":["Runic Pyramid","Velvet Choker"],"picked":"bronze:MakeshiftBattery"},{"not_picked":["Tiny House","Sozu"],"picked":"Astrolabe"}],"items_purged_floors":[27],"is_endless":false,"potions_floor_spawned":[4,5,10,11,19,22,28,32,37,40,42],"ascension_level":1}}