{"host":"e8rlfedn69rz2s07","time":1614286397,"event":{"mods":["AchievementEnabler","BaseMod","Minty Spire (QoL Compilation)","Permanent Neow","Relic Stats"],"gold_per_floor":[365,365,385,385,410,53,93,93,161,186,209,245,245,266,266,361,361,380,393,0,20,20,20,20],"floor_reached":23,"language":"ENG","playtime":1237,"items_purged":["Writhe"],"score":406,"play_id":"da5c3f76-2aea-4bb2-8e51-d40f8f1331c4","local_time":"20210225225317","is_ascension_mode":true,"campfire_choices":[{"floor":8.0,"key":"REST"},{"floor":13.0,"key":"REST"},{"data":"Fission","floor":15.0,"key":"SMITH"}],"circlet_count":0,"master_deck":["AscendersBane","Strike_B+1","Strike_B","Strike_B","Strike_B","Defend_B+1","Defend_B+1","Defend_B","Defend_B","Zap","Dualcast","Conserve Battery","Cold Snap","Rebound+1","Buffer","Gash","Melter+1","Gash+1","Fission+1","All For One+1","Coolheaded","Leap","Glacier","Steam Power","Loop","Hologram"],"relics":["Cracked Core","Golden Idol","Runic Capacitor","Vajra","Molten Egg 2","Whetstone","Coffee Dripper","ClockworkSouvenir"],"acts_visited":["Exordium","TheCity"],"potions_floor_usage":[16,21,23],"damage_taken":[{"damage":1.0,"enemies":"2 Louse","floor":1.0,"turns":2.0},{"damage":14.0,"enemies":"Jaw Worm","floor":3.0,"turns":4.0},{"damage":0.0,"enemies":"Cultist","floor":5.0,"turns":3.0},{"damage":2.0,"enemies":"Lagavulin","floor":7.0,"turns":7.0},{"damage":1.0,"enemies":"Exordium Wildlife","floor":10.0,"turns":6.0},{"damage":4.0,"enemies":"2 Fungi Beasts","floor":11.0,"turns":2.0},{"damage":30.0,"enemies":"Gremlin Nob","floor":12.0,"turns":4.0},{"damage":2.0,"enemies":"Gremlin Gang","floor":14.0,"turns":3.0},{"damage":20,"enemies":"The Guardian","floor":16,"turns":13},{"damage":20,"enemies":"Shell Parasite","floor":18,"turns":5},{"damage":0,"enemies":"Spheric Guardian","floor":19,"turns":3},{"damage":8,"enemies":"Snake Plant","floor":21,"turns":4},{"damage":37,"enemies":"Book of Stabbing","floor":23,"turns":6}],"seed_played":"4600403388601565601","potions_obtained":[{"floor":1.0,"key":"BlessingOfTheForge"},{"floor":5.0,"key":"Strength Potion"},{"floor":11.0,"key":"Dexterity Potion"},{"floor":16,"key":"FearPotion"},{"floor":18,"key":"Regen Potion"}],"is_trial":false,"path_per_floor":["M","?","M","?","M","$","E","R","T","M","M","E","R","M","R","B",null,"M","M","$","M","?","E"],"character_chosen":"DEFECT","items_purchased":["Runic Capacitor","Rebound","Buffer","Glacier","ClockworkSouvenir","Steam Power"],"campfire_rested":2,"item_purchase_floors":[6,6,6,20,20,20],"current_hp_per_floor":[63,63,49,30,30,30,28,47,47,46,42,12,31,29,29,9,50,30,30,30,34,34,0,0],"gold":20,"neow_bonus":"TWO_FIFTY_GOLD","is_daily":false,"chose_seed":false,"campfire_upgraded":1,"win_rate":0.0,"timestamp":1614286397,"path_taken":["M","?","M","?","M","$","E","R","T","M","M","E","R","M","R","BOSS","M","M","$","M","?","E"],"items_purchased_type":["Relic","Card","Card","Card","Relic","Card"],"build_version":"2020-12-22","purchased_purges":1,"victory":false,"max_hp_per_floor":[71,64,64,64,64,64,64,64,64,64,64,64,64,64,64,64,64,64,64,64,64,64,64,64],"relic_stats":{"counters":[13,62],"Golden Idol":68,"Whetstone":["Rebound","Strike_B"],"obtain_stats":[{"Golden Idol":2,"Vajra":7,"Molten Egg 2":9,"Runic Capacitor":6,"Coffee Dripper":17,"Whetstone":12,"Cracked Core":0,"ClockworkSouvenir":20},{"Golden Idol":1,"Vajra":4,"Molten Egg 2":4,"Runic Capacitor":3,"Coffee Dripper":9,"Whetstone":7,"Cracked Core":0,"ClockworkSouvenir":11},{"Golden Idol":2,"Vajra":16,"Molten Egg 2":16,"Runic Capacitor":9,"Coffee Dripper":44,"Whetstone":28,"Cracked Core":0,"ClockworkSouvenir":52}]},"card_choices":[{"not_picked":["Steam Power","Beam Cell","Heatsinks"],"picked":"SKIP","floor":1.0},{"not_picked":["Go for the Eyes","Reinforced Body"],"picked":"Conserve Battery","floor":3.0},{"not_picked":["Steam","Static Discharge"],"picked":"Cold Snap","floor":5.0},{"not_picked":["Turbo","Genetic Algorithm"],"picked":"Gash","floor":7.0},{"not_picked":["Conserve Battery","Recycle"],"picked":"Melter+1","floor":10.0},{"not_picked":["Blizzard+1","Compile Driver+1"],"picked":"Gash+1","floor":11.0},{"not_picked":["Aggregate","Darkness","Scrape+1"],"picked":"SKIP","floor":12.0},{"not_picked":["Aggregate","Darkness","Scrape+1"],"picked":"SKIP","floor":12.0},{"not_picked":["Rip and Tear+1","Hologram"],"picked":"Fission","floor":14.0},{"not_picked":["Thunder Strike+1","Amplify"],"picked":"All For One+1","floor":16},{"not_picked":["Heatsinks","Ball Lightning+1"],"picked":"Coolheaded","floor":18},{"not_picked":["Blizzard+1","Sweeping Beam+1"],"picked":"Leap","floor":19},{"not_picked":["Recycle","Steam"],"picked":"Loop","floor":21}],"player_experience":1136657,"relics_obtained":[{"floor":7.0,"key":"Vajra"},{"floor":9.0,"key":"Molten Egg 2"},{"floor":12.0,"key":"Whetstone"}],"event_choices":[{"damage_healed":0.0,"max_hp_gain":0.0,"max_hp_loss":7.0,"gold_gain":0.0,"event_name":"Golden Idol","player_choice":"Lose Max HP","floor":2.0,"gold_loss":0.0,"damage_taken":0.0,"relics_obtained":["Golden Idol"]},{"damage_healed":0.0,"max_hp_gain":0.0,"max_hp_loss":0.0,"gold_gain":0.0,"event_name":"Shining Light","player_choice":"Entered Light","floor":4.0,"gold_loss":0.0,"damage_taken":19.0,"cards_upgraded":["Defend_B","Defend_B"]},{"damage_healed":0,"gold_gain":0,"player_choice":"1 cards matched","damage_taken":0,"max_hp_gain":0,"max_hp_loss":0,"event_name":"Match and Keep!","floor":22,"gold_loss":0,"cards_obtained":["Hologram"]}],"is_beta":false,"boss_relics":[{"not_picked":["Runic Dome","Empty Cage"],"picked":"Coffee Dripper"}],"items_purged_floors":[20],"is_endless":false,"potions_floor_spawned":[1,5,11,12,16,18,19],"killed_by":"Book of Stabbing","ascension_level":20}}