{"host":"jsd6g3c2vo13e69c","time":1614268319,"event":{"mods":["2.2 Compatiblity","Act Like it!","BaseMod","Better Altar","Better Match","Better Note","Better Sensory Stone","Better Third Choice","BetterRewards","Colored Map","Colored Powertips","Downfall","Friendly Minions","GifTheSpireLib","Googly Eyes","Gremlin Mod","Hermit","Hubris","Infinite Spire","Melee Mod","Minty Spire (QoL Compilation)","Permanent Neow","Quick Restart","Random Character Button","Replay The Spire","Shop Mod","Spire Arcade","StSLib","The Cursed","The Disciple","The Forsaken","thorton"],"gold_per_floor":[99,114,19,32,46,46,97,107,107,118,18,31,31,62,73,170,170,70,89,99,118,133,133,133,153,153,153,153,153,153,172,190,295,295,295,371,371,140,160,173,173,73,73,73,87,87,101,113,125,125,125],"floor_reached":50,"language":"ENG","playtime":3221,"items_purged":["meleeMod_SuperSpicyCurry+1"],"score":525,"play_id":"8b78569c-6a40-4483-8a09-9978d335b937","local_time":"20210225105159","is_ascension_mode":false,"campfire_choices":[{"floor":1,"key":"RECALL"},{"data":"meleeMod_ShieldPoke","floor":6,"key":"SMITH"},{"data":"meleeMod_SuperMushroom","floor":11,"key":"SMITH"},{"data":"meleeMod_SuperSpicyCurry","floor":13,"key":"SMITH"},{"data":"meleeMod_AmsahTech","floor":18,"key":"SMITH"},{"data":"meleeMod_DownAir","floor":23,"key":"SMITH"},{"data":"meleeMod_NoDI","floor":26,"key":"SMITH"},{"data":"meleeMod_SoftKnee","floor":30,"key":"SMITH"},{"data":"meleeMod_IKilledMufasa","floor":35,"key":"SMITH"},{"data":"meleeMod_BabActivated","floor":42,"key":"SMITH"},{"data":"expansioncontent:AwakenDeath","floor":44,"key":"SMITH"},{"data":"meleeMod_BlueFalcon","floor":46,"key":"SMITH"}],"circlet_count":0,"master_deck":["meleeMod_Jab","meleeMod_Jab","meleeMod_Jab","meleeMod_Jab","meleeMod_Shield","meleeMod_Shield","meleeMod_Shield","meleeMod_Shield","meleeMod_NeutralAir","meleeMod_BackAir","meleeMod_NeutralAir","meleeMod_UpTilt+1","meleeMod_ShieldPoke+1","meleeMod_DownAir+1","meleeMod_SuperMushroom+1","meleeMod_SuperMushroom+1","meleeMod_NeutralAir","meleeMod_NoDI+1","meleeMod_AmsahTech+1","meleeMod_ForwardSmash","meleeMod_NeutralAir","meleeMod_SoftKnee+1","meleeMod_ForwardSmash","meleeMod_ShieldPoke+1","meleeMod_Knee","meleeMod_UpAir","meleeMod_SoftKnee+1","meleeMod_IKilledMufasa+1","meleeMod_BackAir","meleeMod_DashDance+1","meleeMod_BlueFalcon+1","meleeMod_Taunt","meleeMod_DownTilt","expansioncontent:AwakenDeath+1","meleeMod_BabActivated+1","meleeMod_Knee","meleeMod_ForwardSmash+1","meleeMod_BackAir+1","meleeMod_Knee+1"],"relics":["meleeMod_LosersMang0","Replay:Rubber Ducky","downfall:HeartBlessingRed","hubris:Backtick","meleeMod_AutoLCanceling","downfall:HeartBlessingGreen","Mercury Hourglass","hubris:GrandSneckoEye","hubris:SlimyHat","ReplayFunnel","downfall:HeartBlessingBlue"],"acts_visited":["Exordium","TheCity","TheBeyond"],"potions_floor_usage":[10,16,19,31,38],"damage_taken":[{"damage":0,"enemies":"Small Slimes","floor":2,"turns":2},{"damage":5,"enemies":"downfall:FleeingMerchant","floor":3,"turns":4},{"damage":0,"enemies":"Jaw Worm","floor":4,"turns":2},{"damage":0,"enemies":"2 Louse","floor":5,"turns":2},{"damage":4,"enemies":"2 Fungi Beasts","floor":8,"turns":3},{"damage":2,"enemies":"downfall:LooterAlt","floor":10,"turns":2},{"damage":0,"enemies":"Exordium Wildlife","floor":12,"turns":2},{"damage":18,"enemies":"Lagavulin","floor":14,"turns":4},{"damage":3,"enemies":"Blue Slaver","floor":15,"turns":2},{"damage":25,"enemies":"DF_ARCHETYPE_STREAMLINE","floor":16,"turns":5},{"damage":12,"enemies":"Shell Parasite","floor":19,"turns":3},{"damage":0,"enemies":"Spheric Guardian","floor":20,"turns":1},{"damage":9,"enemies":"Chosen and Byrds","floor":21,"turns":3},{"damage":14,"enemies":"Cultist and Chosen","floor":22,"turns":4},{"damage":9,"enemies":"Shelled Parasite and Fungi","floor":25,"turns":3},{"damage":21,"enemies":"Snake Plant","floor":31,"turns":2},{"damage":9,"enemies":"Centurion and Healer","floor":32,"turns":3},{"damage":23,"enemies":"IC_MUSHROOM_ARCHETYPE","floor":33,"turns":4},{"damage":0,"enemies":"downfall:FleeingMerchant","floor":38,"turns":4},{"damage":10,"enemies":"3 Darklings","floor":39,"turns":4},{"damage":0,"enemies":"Orb Walker","floor":40,"turns":1},{"damage":25,"enemies":"Maw","floor":45,"turns":5},{"damage":0,"enemies":"Transient","floor":47,"turns":5},{"damage":13,"enemies":"3 Darklings","floor":48,"turns":3},{"damage":26,"enemies":"4 Shapes","floor":49,"turns":3},{"damage":4,"enemies":"SI_POISON_ARCHETYPE","floor":50,"turns":1}],"seed_played":"-773079919550300949","potions_obtained":[{"floor":2,"key":"SteroidPotion"},{"floor":10,"key":"Fruit Juice"},{"floor":12,"key":"Block Potion"},{"floor":14,"key":"ColorlessPotion"},{"floor":16,"key":"FairyPotion"},{"floor":19,"key":"Strength Potion"},{"floor":32,"key":"Adrenaline Potion"},{"floor":40,"key":"Elixir"},{"floor":45,"key":"Strength Potion"},{"floor":48,"key":"Energy Potion"}],"is_trial":false,"path_per_floor":["R","M","$","M","M","R","T","M","?","M","R","M","R","E","M","B",null,"R","M","M","M","M","R","T","M","R","?","?","?","R","M","M","B",null,"R","?","?","$","M","M","T","R","?","R","M","R","M","M","M","B"],"character_chosen":"FALCON","items_purchased":["meleeMod_DownAir","meleeMod_BlueFalcon","meleeMod_Taunt","meleeMod_DownTilt","expansioncontent:AwakenDeath","ReplayFunnel"],"campfire_rested":0,"item_purchase_floors":[3,38,38,38,38,38],"current_hp_per_floor":[85,85,80,80,80,80,80,76,76,79,79,79,79,61,58,33,90,90,78,78,69,55,55,55,46,46,46,46,46,46,25,16,49,90,90,68,68,68,58,58,58,68,68,68,43,43,43,30,4,0,0],"gold":125,"neow_bonus":"THREE_CARDS","is_daily":false,"chose_seed":false,"campfire_upgraded":11,"win_rate":0.0,"timestamp":1614268319,"path_taken":["R","M","$","M","M","R","T","M","?","M","R","M","R","E","M","BOSS","R","M","M","M","M","R","T","M","R","?","?","?","R","M","M","BOSS","R","?","?","$","M","M","T","R","?","R","M","R","M","M","M","BOSS"],"items_purchased_type":["Card","Card","Card","Card","Card","Relic"],"build_version":"2020-12-22","purchased_purges":1,"victory":false,"max_hp_per_floor":[85,85,85,85,85,85,85,85,85,90,90,90,90,90,90,90,90,90,90,90,90,90,90,90,90,90,90,90,90,90,90,90,90,90,90,90,90,90,90,90,90,100,100,100,100,100,100,100,100,100,100],"card_choices":[{"not_picked":["meleeMod_RaptorBoost","meleeMod_UpAir"],"picked":"meleeMod_NeutralAir","floor":0},{"not_picked":["meleeMod_AirDodge","meleeMod_RaptorBoost"],"picked":"meleeMod_UpTilt","floor":2},{"not_picked":["meleeMod_WallJump","meleeMod_ForwardTilt"],"picked":"meleeMod_ShieldPoke","floor":3},{"not_picked":["meleeMod_SoftKnee","meleeMod_L_Cancel"],"picked":"meleeMod_SuperMushroom","floor":4},{"not_picked":["meleeMod_NoDI","meleeMod_DashDance"],"picked":"meleeMod_SuperMushroom","floor":5},{"not_picked":["meleeMod_ForwardSmash","meleeMod_Gentleman"],"picked":"meleeMod_NeutralAir","floor":8},{"not_picked":["meleeMod_NoDI","meleeMod_CommandGrab"],"picked":"meleeMod_SuperSpicyCurry","floor":10},{"not_picked":["meleeMod_DropZone","meleeMod_CommandGrab","meleeMod_RockCrock"],"picked":"SKIP","floor":12},{"not_picked":["meleeMod_FalconDive","meleeMod_Randall","meleeMod_WaveLand"],"picked":"SKIP","floor":14},{"not_picked":["meleeMod_UpAir","meleeMod_Gentleman"],"picked":"meleeMod_NoDI","floor":15},{"not_picked":["meleeMod_SomebodyClipThat","meleeMod_Roll"],"picked":"meleeMod_AmsahTech","floor":16},{"not_picked":["meleeMod_RaptorBoost","meleeMod_AirDodge"],"picked":"meleeMod_ForwardSmash","floor":19},{"not_picked":["meleeMod_BackAir","meleeMod_SoftKnee"],"picked":"meleeMod_NeutralAir","floor":20},{"not_picked":["meleeMod_BMoveSpecialist","meleeMod_ShieldDrop"],"picked":"meleeMod_SoftKnee","floor":21},{"not_picked":["meleeMod_Randall","meleeMod_WaveLand+1"],"picked":"meleeMod_ForwardSmash","floor":22},{"not_picked":["meleeMod_NeutralAir","meleeMod_PowerShield+1"],"picked":"meleeMod_ShieldPoke+1","floor":25},{"not_picked":["meleeMod_DownSmash","meleeMod_HomieStock"],"picked":"meleeMod_UpAir","floor":31},{"not_picked":["meleeMod_FalconDive+1","meleeMod_ShieldPoke"],"picked":"meleeMod_SoftKnee+1","floor":32},{"not_picked":["meleeMod_Roll","meleeMod_HomieStock"],"picked":"meleeMod_IKilledMufasa","floor":33},{"not_picked":["meleeMod_RaptorBoost+1","meleeMod_DownTilt"],"picked":"meleeMod_BackAir","floor":36},{"not_picked":["meleeMod_Moonwalking","meleeMod_BMoveSpecialist"],"picked":"meleeMod_DashDance+1","floor":38},{"not_picked":["meleeMod_Pause","meleeMod_NoDI"],"picked":"meleeMod_BabActivated","floor":39},{"not_picked":["meleeMod_L_Cancel","meleeMod_EdgeGuard"],"picked":"meleeMod_Knee","floor":40},{"not_picked":["meleeMod_DashDance+1","meleeMod_DownTilt+1"],"picked":"meleeMod_ForwardSmash+1","floor":45},{"not_picked":["meleeMod_WaveLand+1","meleeMod_FalconKick+1"],"picked":"meleeMod_BackAir+1","floor":47},{"not_picked":["meleeMod_UnclePunch+1","meleeMod_UpSmash"],"picked":"meleeMod_Knee+1","floor":48},{"not_picked":["meleeMod_Randall+1","meleeMod_WallJump","meleeMod_BackAir+1"],"picked":"SKIP","floor":49}],"player_experience":466223,"relics_obtained":[{"floor":7,"key":"Replay:Rubber Ducky"},{"floor":24,"key":"Mercury Hourglass"},{"floor":36,"key":"hubris:SlimyHat"}],"event_choices":[{"damage_healed":0,"gold_gain":0,"player_choice":"Got Potions","damage_taken":0,"max_hp_gain":0,"max_hp_loss":0,"event_name":"Lab","floor":27,"gold_loss":0},{"damage_healed":0,"gold_gain":0,"player_choice":"Forge","damage_taken":0,"max_hp_gain":0,"max_hp_loss":0,"event_name":"Accursed Blacksmith","floor":28,"gold_loss":0,"cards_upgraded":["meleeMod_UpTilt"]}],"is_beta":false,"boss_relics":[{"not_picked":["ChewingGum","hubris:ScarierMask"],"picked":"hubris:Backtick"},{"not_picked":["hubris:RunicObelisk","Kintsugi"],"picked":"hubris:GrandSneckoEye"}],"items_purged_floors":[38],"is_endless":false,"potions_floor_spawned":[2,10,12,14,16,19,20,32,40,45,48],"killed_by":"SI_POISON_ARCHETYPE","ascension_level":0}}