{"host":"m0xu04lznsue37gd","time":1614268424,"event":{"mods":["2.2 Compatiblity","AchievementEnabler","Act Like it!","BaseMod","Better Third Choice","Colored Map","Colored Powertips","Hallownest","Minty Spire (QoL Compilation)","Quick Restart","Random Character Button","StSLib","Synergy Search"],"gold_per_floor":[113,124,124,53,53,53,86,86,86,112,112,112,138,138,138,241,241,254,268,268,279,18,18,44,71,151,162,91,91,91,109,109,213,213,224,35,51,68,20,53,53,85,111,131,131,131,131,148,148,148],"floor_reached":51,"language":"ENG","playtime":4197,"items_purged":["Strike_P"],"score":1201,"play_id":"65d15c48-49d1-46d7-a958-5f69284c49b2","local_time":"20210225165344","is_ascension_mode":true,"campfire_choices":[{"data":"BattleHymn","floor":6.0,"key":"SMITH"},{"data":"Eruption","floor":8.0,"key":"SMITH"},{"floor":11.0,"key":"REST"},{"floor":15.0,"key":"REST"},{"data":"LikeWater","floor":23.0,"key":"SMITH"},{"data":"Wallop","floor":29.0,"key":"SMITH"},{"data":"ThirdEye","floor":32.0,"key":"SMITH"},{"data":"CutThroughFate","floor":41.0,"key":"SMITH"},{"data":"CutThroughFate","floor":46,"key":"SMITH"},{"data":"Weave","floor":49,"key":"SMITH"}],"circlet_count":0,"master_deck":["AscendersBane","Strike_P+1","Strike_P","Strike_P","Defend_P","Defend_P+1","Defend_P","Defend_P","Eruption+1","Vigilance","CutThroughFate+1","ThirdEye+1","BattleHymn+1","LikeWater+1","Weave+1","ThirdEye","Scrawl+1","Study+1","DevaForm+1","Perseverance+1","Prostrate+1","ClearTheMind+1","Adaptation+1","Omniscience+1","Judgement+1","Vault+1","Wallop+1","Finesse+1","ThirdEye+1","Blasphemy+1","Indignation+1","Nirvana+1","InnerPeace+1","ClearTheMind+1","LikeWater+1","ConjureBlade+1","CutThroughFate+1","Worship+1"],"relics":["PureWater","NeowsBlessing","Dream Catcher","WingedGreaves","Frozen Egg 2","MealTicket","Toxic Egg 2","Coffee Dripper","Kunai","Centennial Puzzle","Gremlin Horn","SlaversCollar","Medical Kit","Shuriken","Mango","Ancient Tea Set"],"acts_visited":["Exordium","TheCity","TheBeyond"],"potions_floor_usage":[48,50,50],"damage_taken":[{"damage":0.0,"enemies":"Cultist","floor":1.0,"turns":1.0},{"damage":0.0,"enemies":"Small Slimes","floor":2.0,"turns":1.0},{"damage":0.0,"enemies":"3 Sentries","floor":7.0,"turns":1.0},{"damage":20.0,"enemies":"Gremlin Nob","floor":10.0,"turns":3.0},{"damage":15.0,"enemies":"3 Sentries","floor":13.0,"turns":7.0},{"damage":6.0,"enemies":"The Guardian","floor":16.0,"turns":12.0},{"damage":23.0,"enemies":"Chosen","floor":18.0,"turns":5.0},{"damage":23.0,"enemies":"2 Thieves","floor":19.0,"turns":4.0},{"damage":7.0,"enemies":"Centurion and Healer","floor":21.0,"turns":5.0},{"damage":10.0,"enemies":"Book of Stabbing","floor":24.0,"turns":6.0},{"damage":12.0,"enemies":"Gremlin Leader","floor":25.0,"turns":7.0},{"damage":0.0,"enemies":"Cultist and Chosen","floor":27.0,"turns":5.0},{"damage":0.0,"enemies":"Snake Plant","floor":31.0,"turns":6.0},{"damage":0.0,"enemies":"Champ","floor":33.0,"turns":8.0},{"damage":16.0,"enemies":"Orb Walker","floor":35.0,"turns":4.0},{"damage":5.0,"enemies":"3 Shapes","floor":37.0,"turns":3.0},{"damage":0.0,"enemies":"Maw","floor":38.0,"turns":7.0},{"damage":1.0,"enemies":"Nemesis","floor":40.0,"turns":10.0},{"damage":10,"enemies":"Reptomancer","floor":42,"turns":8},{"damage":0,"enemies":"Transient","floor":44,"turns":6},{"damage":0,"enemies":"3 Darklings","floor":48,"turns":4},{"damage":11,"enemies":"Donu and Deca","floor":50,"turns":8}],"seed_played":"-7084109172153039435","potions_obtained":[{"floor":10.0,"key":"Energy Potion"},{"floor":13.0,"key":"CultistPotion"},{"floor":14.0,"key":"Dexterity Potion"},{"floor":14.0,"key":"Ambrosia"},{"floor":21.0,"key":"CultistPotion"},{"floor":25.0,"key":"Swift Potion"},{"floor":33.0,"key":"AttackPotion"},{"floor":35.0,"key":"SneckoOil"},{"floor":44,"key":"FearPotion"}],"is_trial":false,"path_per_floor":["M","M","?","$","?","R","E","R","T","E","R","?","E","?","R","B",null,"M","M","?","M","$","R","E","E","T","M","$","R","?","M","R","B",null,"M","$","M","M","$","E","R","E","T","M","$","R","?","M","R","B",null],"character_chosen":"WATCHER","items_purchased":["BattleHymn","Adaptation+1","Omniscience+1","Wallop","Nirvana+1","Medical Kit","ClearTheMind+1"],"campfire_rested":2,"item_purchase_floors":[4,22,22,28,36,36,39],"current_hp_per_floor":[65,65,65,65,51,51,51,51,51,31,52,34,19,19,40,34,63,40,17,41,34,49,49,39,27,27,27,42,42,30,30,30,30,62,46,61,56,56,71,70,70,74,74,74,86,86,86,86,86,75],"gold":148,"neow_bonus":"THREE_ENEMY_KILL","is_daily":false,"chose_seed":false,"campfire_upgraded":8,"win_rate":0.0,"timestamp":1614268424,"path_taken":["M","M","?","$","?","R","E","R","T","E","R","?","E","?","R","BOSS","M","M","?","M","$","R","E","E","T","M","$","R","?","M","R","BOSS","M","$","M","M","?","E","R","E","T","M","$","R","?","M","R","BOSS"],"items_purchased_type":["Card","Card","Card","Card","Card","Relic","Card"],"build_version":"2020-12-22","purchased_purges":1,"victory":true,"max_hp_per_floor":[72,72,72,72,72,72,72,72,72,72,72,72,72,72,72,72,72,72,72,72,72,72,72,72,72,72,72,72,72,72,72,72,72,72,72,72,72,72,72,72,72,86,86,86,86,86,86,86,86,86],"card_choices":[{"not_picked":["EmptyBody","BowlingBash"],"picked":"CutThroughFate","floor":1.0},{"not_picked":["FlyingSleeves","CutThroughFate"],"picked":"ThirdEye","floor":2.0},{"not_picked":["BowlingBash","Prostrate"],"picked":"LikeWater","floor":7.0},{"not_picked":["JustLucky","BowlingBash"],"picked":"Weave","floor":10.0},{"not_picked":["Prostrate","ClearTheMind"],"picked":"ThirdEye","floor":11.0},{"not_picked":["WaveOfTheHand+1","WindmillStrike"],"picked":"Scrawl+1","floor":13.0},{"not_picked":["Consecrate","BowlingBash"],"picked":"Study+1","floor":15.0},{"not_picked":["Omniscience+1","Alpha+1"],"picked":"DevaForm+1","floor":16.0},{"not_picked":["ThirdEye+1","Halt+1"],"picked":"Perseverance+1","floor":18.0},{"not_picked":["Wallop","PathToVictory+1"],"picked":"Prostrate+1","floor":19.0},{"not_picked":["Weave+1","Halt+1"],"picked":"ClearTheMind+1","floor":21.0},{"not_picked":["SandsOfTime","LikeWater+1"],"picked":"Judgement+1","floor":24.0},{"not_picked":["JustLucky","ClearTheMind+1"],"picked":"Vault+1","floor":25.0},{"not_picked":["Collect+1","FlurryOfBlows+1","ForeignInfluence+1"],"picked":"SKIP","floor":27.0},{"not_picked":["Wallop","Adaptation+1"],"picked":"ThirdEye+1","floor":31.0},{"not_picked":["MasterReality+1","Wish+1"],"picked":"Blasphemy+1","floor":33.0},{"not_picked":["Pray+1","MentalFortress+1"],"picked":"Indignation+1","floor":35.0},{"not_picked":["CutThroughFate","Collect+1","FearNoEvil"],"picked":"SKIP","floor":37.0},{"not_picked":["Consecrate","Prostrate+1"],"picked":"InnerPeace+1","floor":38.0},{"not_picked":["FlyingSleeves+1","PathToVictory+1"],"picked":"LikeWater+1","floor":40.0},{"not_picked":["EmptyFist+1","SashWhip"],"picked":"ConjureBlade+1","floor":42},{"not_picked":["EmptyFist","ClearTheMind+1"],"picked":"CutThroughFate","floor":44},{"not_picked":["SignatureMove","Prostrate+1"],"picked":"Worship+1","floor":48}],"player_experience":676570,"relics_obtained":[{"floor":7.0,"key":"Dream Catcher"},{"floor":9.0,"key":"WingedGreaves"},{"floor":10.0,"key":"Frozen Egg 2"},{"floor":13.0,"key":"Toxic Egg 2"},{"floor":24.0,"key":"Kunai"},{"floor":25.0,"key":"Centennial Puzzle"},{"floor":26.0,"key":"Gremlin Horn"},{"floor":40.0,"key":"Shuriken"},{"floor":42,"key":"Mango"},{"floor":43,"key":"Ancient Tea Set"}],"event_choices":[{"damage_healed":0.0,"max_hp_gain":0.0,"max_hp_loss":0.0,"gold_gain":0.0,"event_name":"Golden Wing","player_choice":"Ignored","floor":3.0,"gold_loss":0.0,"damage_taken":0.0},{"damage_healed":65.0,"max_hp_gain":0.0,"max_hp_loss":72.0,"gold_gain":0.0,"event_name":"betterThird:BetterShining","player_choice":"Upgrade","floor":5.0,"gold_loss":0.0,"damage_taken":14.0,"cards_upgraded":["Strike_P","Defend_P"]},{"damage_healed":0.0,"max_hp_gain":0.0,"max_hp_loss":0.0,"gold_gain":0.0,"event_name":"betterThird:BetterScrap","player_choice":"Relic ","floor":12.0,"gold_loss":0.0,"damage_taken":18.0,"cards_obtained":["Feed"]},{"damage_healed":0.0,"max_hp_gain":0.0,"max_hp_loss":0.0,"gold_gain":0.0,"event_name":"Lab","player_choice":"Got Potions","floor":14.0,"gold_loss":0.0,"damage_taken":0.0},{"damage_healed":24.0,"max_hp_gain":0.0,"max_hp_loss":0.0,"gold_gain":0.0,"event_name":"The Library","player_choice":"Heal","floor":20.0,"gold_loss":0.0,"damage_taken":0.0},{"damage_healed":0.0,"max_hp_gain":0.0,"max_hp_loss":0.0,"gold_gain":0.0,"event_name":"Knowing Skull","player_choice":"CARD ","floor":30.0,"potions_obtained":[],"gold_loss":0.0,"damage_taken":12.0,"cards_obtained":["Finesse"]},{"damage_healed":0,"gold_gain":0,"player_choice":"Bought 0 Potions","damage_taken":0,"max_hp_gain":0,"max_hp_loss":0,"event_name":"The Woman in Blue","floor":47,"gold_loss":0}],"is_beta":false,"boss_relics":[{"not_picked":["Ectoplasm","Calling Bell"],"picked":"Coffee Dripper"},{"not_picked":["SacredBark","Velvet Choker"],"picked":"SlaversCollar"}],"items_purged_floors":[22],"is_endless":false,"potions_floor_spawned":[10,13,21,25,31,33,35,44],"ascension_level":10}}