{"host":"sav7uxregyirlf69","time":1614241774,"event":{"mods":["AchievementEnabler","BaseMod","Colored Map","DeckTracker","Keyboard Shortcuts","Minty Spire (QoL Compilation)","READ ME - Guardian Mod","StSLib","SuperFastMode"],"gold_per_floor":[366,366,384,56,74,103,103,132,158,172,172,191,220,235,235,235,235],"floor_reached":16,"language":"KOR","playtime":364,"items_purged":["Strike_G"],"score":244,"play_id":"344a7f89-d83f-4dc1-a4d7-1ac7f1c016ec","local_time":"20210225172934","is_ascension_mode":true,"campfire_choices":[{"data":"Skewer","floor":7,"key":"SMITH"},{"data":"Well Laid Plans","floor":11,"key":"SMITH"},{"data":"Dash","floor":15,"key":"SMITH"}],"circlet_count":0,"master_deck":["AscendersBane","Strike_G","Strike_G","Strike_G","Strike_G","Defend_G","Defend_G+1","Defend_G+1","Defend_G","Defend_G","Survivor","Neutralize+1","Dash+1","Well Laid Plans+1","Skewer+1","Heel Hook","Deadly Poison","Blur"],"relics":["Ring of the Snake","War Paint","Snake Skull","Ancient Tea Set","Oddly Smooth Stone","Eternal Feather"],"acts_visited":["Exordium"],"potions_floor_usage":[8,16],"damage_taken":[{"damage":0,"enemies":"Cultist","floor":1,"turns":4},{"damage":0,"enemies":"2 Louse","floor":3,"turns":3},{"damage":0,"enemies":"Small Slimes","floor":5,"turns":4},{"damage":27,"enemies":"Gremlin Nob","floor":6,"turns":5},{"damage":18,"enemies":"Lagavulin","floor":8,"turns":7},{"damage":0,"enemies":"2 Fungi Beasts","floor":10,"turns":4},{"damage":2,"enemies":"Large Slime","floor":12,"turns":7},{"damage":36,"enemies":"Gremlin Nob","floor":13,"turns":4},{"damage":0,"enemies":"Exordium Wildlife","floor":14,"turns":3},{"damage":44,"enemies":"Slime Boss","floor":16,"turns":9}],"seed_played":"-9199667445377249460","potions_obtained":[{"floor":6,"key":"SpeedPotion"},{"floor":10,"key":"FairyPotion"},{"floor":13,"key":"LiquidMemories"}],"is_trial":false,"path_per_floor":["M","?","M","$","M","E","R","E","T","M","R","M","E","M","R","B"],"character_chosen":"THE_SILENT","items_purchased":["War Paint","Dexterity Potion","Skewer"],"campfire_rested":0,"item_purchase_floors":[4,4,4],"current_hp_per_floor":[59,59,59,59,59,32,32,14,14,14,14,12,18,18,27,0,0],"gold":235,"neow_bonus":"TWO_FIFTY_GOLD","is_daily":false,"chose_seed":false,"campfire_upgraded":3,"win_rate":0.0,"timestamp":1614241774,"path_taken":["M","?","?","$","M","E","R","E","T","M","R","M","E","?","R","BOSS"],"items_purchased_type":["Relic","Potion","Card"],"build_version":"2020-12-22","purchased_purges":1,"victory":false,"max_hp_per_floor":[60,60,60,60,60,60,60,60,60,60,60,60,60,60,60,60,60],"card_choices":[{"not_picked":["Quick Slash","PiercingWail"],"picked":"Dash","floor":1},{"not_picked":["Outmaneuver","Masterful Stab"],"picked":"Well Laid Plans","floor":3},{"not_picked":["Accuracy","Cloak And Dagger","Sucker Punch"],"picked":"SKIP","floor":5},{"not_picked":["Wraith Form v2","A Thousand Cuts"],"picked":"Heel Hook","floor":6},{"not_picked":["Finisher","PiercingWail","Acrobatics"],"picked":"SKIP","floor":8},{"not_picked":["Setup","Choke","Dodge and Roll"],"picked":"SKIP","floor":10},{"not_picked":["Slice","All Out Attack"],"picked":"Deadly Poison","floor":12},{"not_picked":["PiercingWail","Backflip","Dagger Throw"],"picked":"SKIP","floor":13},{"not_picked":["Cloak And Dagger","Quick Slash"],"picked":"Blur","floor":14}],"player_experience":1697883,"relics_obtained":[{"floor":6,"key":"Snake Skull"},{"floor":8,"key":"Ancient Tea Set"},{"floor":9,"key":"Oddly Smooth Stone"},{"floor":13,"key":"Eternal Feather"}],"event_choices":[{"damage_healed":0,"gold_gain":0,"player_choice":"Upgraded","damage_taken":0,"max_hp_gain":0,"max_hp_loss":0,"event_name":"Upgrade Shrine","floor":2,"gold_loss":0,"cards_upgraded":["Neutralize"]}],"is_beta":false,"boss_relics":[],"items_purged_floors":[4],"is_endless":false,"potions_floor_spawned":[6,10,12,13],"killed_by":"Slime Boss","ascension_level":20}}