{"host":"p9xedk00duaz8l9n","time":1614272512,"event":{"mods":["BaseMod","Colored Map","DeckTracker","Highlight Path","Minty Spire (QoL Compilation)","Relic Stats","SuperFastMode"],"gold_per_floor":[116,4,4,23,23,51,51,63,89,121,121,121,121,174,174,174,174],"floor_reached":16,"language":"JPN","playtime":382,"items_purged":["Injury"],"score":212,"play_id":"8cbba28a-abce-483c-82b5-a024ef1d2849","local_time":"20210226020152","is_ascension_mode":true,"campfire_choices":[{"data":"Uppercut","floor":7,"key":"SMITH"},{"data":"Whirlwind","floor":12,"key":"SMITH"},{"floor":15,"key":"REST"}],"circlet_count":0,"master_deck":["AscendersBane","Strike_R","Strike_R+1","Defend_R","Defend_R","Defend_R","Defend_R","Bash","Anger","Whirlwind+1","Uppercut+1","Feed+1","Power Through","Infernal Blade"],"relics":["Burning Blood","Calipers","Red Skull","Whetstone","FossilizedHelix","Centennial Puzzle"],"acts_visited":["Exordium"],"potions_floor_usage":[6,10],"damage_taken":[{"damage":22,"enemies":"Small Slimes","floor":1,"turns":4},{"damage":6,"enemies":"Cultist","floor":4,"turns":3},{"damage":18,"enemies":"Gremlin Nob","floor":6,"turns":4},{"damage":7,"enemies":"Jaw Worm","floor":8,"turns":3},{"damage":20,"enemies":"Lagavulin","floor":10,"turns":5},{"damage":53,"enemies":"Slime Boss","floor":16,"turns":11}],"seed_played":"-4446957465238316537","potions_obtained":[{"floor":4,"key":"Ancient Potion"},{"floor":8,"key":"Fire Potion"}],"is_trial":false,"path_per_floor":["M","$","?","M","?","E","R","M","T","E","?","R","?","T","R","B"],"character_chosen":"IRONCLAD","items_purchased":["Whirlwind"],"campfire_rested":1,"item_purchase_floors":[2],"current_hp_per_floor":[52,52,52,52,57,45,45,44,44,34,27,27,27,27,52,0,0],"gold":174,"neow_bonus":"ONE_RARE_RELIC","is_daily":false,"chose_seed":false,"campfire_upgraded":2,"win_rate":0.0,"timestamp":1614272512,"path_taken":["M","$","?","?","?","E","R","M","T","E","?","R","?","?","R","BOSS"],"items_purchased_type":["Card"],"build_version":"2020-12-22","purchased_purges":1,"victory":false,"max_hp_per_floor":[75,75,75,75,80,80,80,80,80,84,84,84,84,84,84,84,84],"relic_stats":{"Centennial Puzzle":[3],"counters":[6,30],"Whetstone":["Feed","Strike_R"],"obtain_stats":[{"Centennial Puzzle":14,"Calipers":0,"Whetstone":9,"Burning Blood":0,"Red Skull":6,"FossilizedHelix":10},{"Centennial Puzzle":5,"Calipers":0,"Whetstone":4,"Burning Blood":0,"Red Skull":3,"FossilizedHelix":5},{"Centennial Puzzle":19,"Calipers":0,"Whetstone":14,"Burning Blood":0,"Red Skull":11,"FossilizedHelix":19}],"Burning Blood":30},"card_choices":[{"not_picked":["Perfected Strike","Sword Boomerang"],"picked":"Anger","floor":1},{"not_picked":["Searing Blow","Perfected Strike"],"picked":"Uppercut","floor":4},{"not_picked":["Seeing Red","Clothesline"],"picked":"Feed","floor":6},{"not_picked":["Clothesline","Combust","Sword Boomerang"],"picked":"SKIP","floor":8},{"not_picked":["Sentinel","Clash"],"picked":"Power Through","floor":10}],"player_experience":870586,"relics_obtained":[{"floor":6,"key":"Red Skull"},{"floor":9,"key":"Whetstone"},{"floor":10,"key":"FossilizedHelix"},{"floor":14,"key":"Centennial Puzzle"}],"event_choices":[{"cards_removed":["Strike_R"],"damage_healed":0,"gold_gain":0,"player_choice":"Purged","damage_taken":0,"max_hp_gain":0,"max_hp_loss":0,"event_name":"Purifier","floor":3,"gold_loss":0},{"damage_healed":0,"gold_gain":0,"player_choice":"Donut","damage_taken":0,"max_hp_gain":5,"max_hp_loss":0,"event_name":"Big Fish","floor":5,"gold_loss":0},{"cards_removed":["Strike_R"],"damage_healed":0,"gold_gain":0,"player_choice":"Card Removal","damage_taken":7,"max_hp_gain":0,"max_hp_loss":0,"event_name":"Golden Wing","floor":11,"gold_loss":0},{"damage_healed":0,"gold_gain":0,"cards_transformed":["Strike_R"],"player_choice":"Change","damage_taken":0,"max_hp_gain":0,"max_hp_loss":0,"event_name":"Living Wall","floor":13,"gold_loss":0,"cards_obtained":["Infernal Blade"]}],"is_beta":false,"boss_relics":[],"items_purged_floors":[2],"is_endless":false,"potions_floor_spawned":[4,8],"killed_by":"Slime Boss","ascension_level":20}}