{"host":"r4aerl4ckfvw1dw3","time":1614217318,"event":{"mods":["BaseMod","BetterRewards","Minty Spire (QoL Compilation)","Quick Restart","StSLib"],"gold_per_floor":[117,128,139,150,150,183,183,216,263,294,294,304,324,344,344,443,443,455,455,470,244,244,244,258,258,258],"floor_reached":25,"language":"ENG","playtime":5158,"items_purged":["Strike_B"],"score":338,"play_id":"e76c2127-8d08-42ba-9df1-0b21b95fc613","local_time":"20210224174158","is_ascension_mode":true,"campfire_choices":[{"floor":7,"key":"REST"},{"floor":11,"key":"REST"},{"data":"Recycle","floor":15,"key":"SMITH"},{"floor":23,"key":"REST"}],"circlet_count":0,"master_deck":["AscendersBane","Strike_B","Strike_B","Strike_B","Defend_B","Defend_B","Defend_B","Defend_B+1","Zap","Dualcast+1","Cold Snap","Streamline","Stack+1","Cold Snap","Recycle+1","Redo","Self Repair","Coolheaded","Seek","Fission","Cold Snap+1","Consume","Zap","Hologram+1"],"relics":["Cracked Core","StrikeDummy","Sundial","War Paint","Anchor","Inserter","ClockworkSouvenir"],"acts_visited":["Exordium","TheCity"],"potions_floor_usage":[8,18,25,25,25],"damage_taken":[{"damage":1,"enemies":"Small Slimes","floor":1,"turns":4},{"damage":4,"enemies":"Cultist","floor":2,"turns":4},{"damage":5,"enemies":"Jaw Worm","floor":3,"turns":3},{"damage":10,"enemies":"Blue Slaver","floor":4,"turns":3},{"damage":21,"enemies":"3 Sentries","floor":6,"turns":9},{"damage":15,"enemies":"Gremlin Nob","floor":8,"turns":4},{"damage":25,"enemies":"3 Sentries","floor":10,"turns":8},{"damage":0,"enemies":"Red Slaver","floor":12,"turns":3},{"damage":4,"enemies":"Large Slime","floor":13,"turns":4},{"damage":1,"enemies":"Looter","floor":14,"turns":3},{"damage":33,"enemies":"The Guardian","floor":16,"turns":14},{"damage":49,"enemies":"3 Byrds","floor":18,"turns":6},{"damage":0,"enemies":"Shell Parasite","floor":20,"turns":9},{"damage":5,"enemies":"Cultist and Chosen","floor":24,"turns":9},{"damage":46,"enemies":"Book of Stabbing","floor":25,"turns":8}],"seed_played":"-8306366371146489432","potions_obtained":[{"floor":0,"key":"Strength Potion"},{"floor":0,"key":"EssenceOfSteel"},{"floor":0,"key":"AttackPotion"},{"floor":4,"key":"Energy Potion"},{"floor":6,"key":"LiquidMemories"},{"floor":13,"key":"ColorlessPotion"},{"floor":18,"key":"LiquidMemories"},{"floor":20,"key":"AttackPotion"}],"is_trial":false,"path_per_floor":["M","M","M","M","?","E","R","E","T","E","R","M","M","M","R","B",null,"M","?","M","$","?","R","M","E"],"character_chosen":"DEFECT","items_purchased":["ClockworkSouvenir"],"campfire_rested":3,"item_purchase_floors":[21],"current_hp_per_floor":[67,63,58,48,48,27,49,34,34,9,31,31,34,40,40,14,60,18,18,25,25,19,41,43,0,0],"gold":258,"neow_bonus":"THREE_SMALL_POTIONS","is_daily":false,"chose_seed":false,"campfire_upgraded":1,"win_rate":0.0,"timestamp":1614217318,"path_taken":["M","M","M","M","?","E","R","E","T","E","R","M","?","M","R","BOSS","M","?","M","?","?","R","?","E"],"items_purchased_type":["Relic"],"build_version":"2020-12-22","purchased_purges":1,"victory":false,"max_hp_per_floor":[75,75,75,75,75,75,75,75,75,75,75,75,75,75,75,75,75,75,75,75,75,75,75,75,75,75],"card_choices":[{"not_picked":["Compile Driver","BootSequence"],"picked":"Cold Snap","floor":1},{"not_picked":["Reprogram","Barrage"],"picked":"Streamline","floor":2},{"not_picked":["Compile Driver","Gash"],"picked":"Stack","floor":3},{"not_picked":["Gash","Amplify"],"picked":"Cold Snap","floor":4},{"not_picked":["Streamline","Gash"],"picked":"Recycle","floor":6},{"not_picked":["Reinforced Body","Turbo"],"picked":"Redo","floor":8},{"not_picked":["Blizzard","Sunder","Rip and Tear"],"picked":"SKIP","floor":10},{"not_picked":["Double Energy","Beam Cell"],"picked":"Self Repair","floor":12},{"not_picked":["Barrage","Undo"],"picked":"Coolheaded","floor":13},{"not_picked":["Redo","Conserve Battery"],"picked":"Seek","floor":14},{"not_picked":["Multi-Cast","Core Surge"],"picked":"Fission","floor":16},{"not_picked":["Turbo","Streamline+1"],"picked":"Cold Snap+1","floor":18},{"not_picked":["Compile Driver+1","Ball Lightning"],"picked":"Hologram+1","floor":20},{"not_picked":["Force Field+1","Rebound+1","FTL"],"picked":"SKIP","floor":24}],"player_experience":712908,"relics_obtained":[{"floor":6,"key":"StrikeDummy"},{"floor":8,"key":"Sundial"},{"floor":9,"key":"War Paint"},{"floor":10,"key":"Anchor"}],"event_choices":[{"damage_healed":0,"gold_gain":0,"player_choice":"Forge","damage_taken":0,"max_hp_gain":0,"max_hp_loss":0,"event_name":"Accursed Blacksmith","floor":5,"gold_loss":0,"cards_upgraded":["Dualcast"]},{"damage_healed":0,"gold_gain":0,"player_choice":"2 cards matched","damage_taken":0,"max_hp_gain":0,"max_hp_loss":0,"event_name":"Match and Keep!","floor":19,"gold_loss":0,"cards_obtained":["Consume","Zap"]},{"damage_healed":0,"gold_gain":0,"player_choice":"","damage_taken":6,"max_hp_gain":0,"max_hp_loss":0,"event_name":"Knowing Skull","floor":22,"potions_obtained":[],"gold_loss":0,"cards_obtained":[]}],"is_beta":false,"boss_relics":[{"not_picked":["SacredBark","Snecko Eye"],"picked":"Inserter"}],"items_purged_floors":[21],"is_endless":false,"potions_floor_spawned":[4,6,13,16,18,20],"killed_by":"Book of Stabbing","ascension_level":10}}