{"host":"pmmuxs046gii331m","time":1614274638,"event":{"mods":["AchievementEnabler","BaseMod","Colored Powertips","Custom Start","Downfall","Gold Saver","Infinite Spire","Minty Spire (QoL Compilation)","Permanent Neow","Quick Restart","StSLib"],"gold_per_floor":[414,414,424,444,124,156,156,171,171,171,231,241,241,261,261,261,261],"floor_reached":16,"language":"ENG","playtime":1587,"items_purged":["Strike_R"],"score":153,"play_id":"e8cdce31-f739-4181-a84d-424358598f3c","local_time":"20210225123718","is_ascension_mode":true,"campfire_choices":[{"floor":7,"key":"REST"},{"data":"Entrench","floor":13,"key":"SMITH"},{"data":"Seeing Red","floor":15,"key":"SMITH"}],"circlet_count":0,"master_deck":["AscendersBane","Strike_R","Strike_R","Strike_R","Strike_R","Defend_R","Defend_R","Defend_R","Defend_R","Bash","infinitespire:OneForAll","Bloodletting","Pummel","Reckless Charge","Metallicize","Twin Strike","Sword Boomerang","Seeing Red+1","Entrench+1"],"relics":["Burning Blood","Bronze Scales","Ice Cream","Paper Frog","Singing Bowl"],"acts_visited":["Exordium"],"potions_floor_usage":[6,11,14,16],"damage_taken":[{"damage":13,"enemies":"2 Louse","floor":1,"turns":4},{"damage":14,"enemies":"Small Slimes","floor":3,"turns":5},{"damage":13,"enemies":"Jaw Worm","floor":4,"turns":4},{"damage":35,"enemies":"3 Sentries","floor":6,"turns":11},{"damage":23,"enemies":"Exordium Thugs","floor":8,"turns":4},{"damage":26,"enemies":"3 Sentries","floor":11,"turns":7},{"damage":8,"enemies":"3 Louse","floor":12,"turns":3},{"damage":13,"enemies":"Large Slime","floor":14,"turns":2},{"damage":37,"enemies":"Slime Boss","floor":16,"turns":9}],"seed_played":"3819028278809327671","potions_obtained":[{"floor":1,"key":"Block Potion"},{"floor":8,"key":"BlessingOfTheForge"},{"floor":11,"key":"champ:CounterPotion"},{"floor":14,"key":"DistilledChaos"}],"is_trial":false,"path_per_floor":["M","?","M","M","$","E","R","M","T","?","?","M","R","M","R","B"],"character_chosen":"IRONCLAD","items_purchased":["Bronze Scales","Metallicize","Twin Strike"],"campfire_rested":1,"item_purchase_floors":[5,5,5],"current_hp_per_floor":[65,65,57,50,50,21,45,28,28,54,34,34,34,29,29,0,0],"gold":261,"neow_bonus":"THREE_CARDS","is_daily":false,"chose_seed":false,"campfire_upgraded":2,"win_rate":0.0,"timestamp":1614274638,"path_taken":["M","?","M","M","$","E","R","M","T","?","?","M","R","M","R","BOSS"],"items_purchased_type":["Relic","Card","Card"],"build_version":"2020-12-22","purchased_purges":1,"victory":false,"max_hp_per_floor":[80,80,80,80,80,80,80,80,80,80,80,82,82,84,84,84,84],"card_choices":[{"not_picked":["Shockwave","Headbutt"],"picked":"infinitespire:OneForAll","floor":0},{"not_picked":["Warcry","Havoc"],"picked":"Bloodletting","floor":1},{"not_picked":["Warcry","Clothesline"],"picked":"Pummel","floor":3},{"not_picked":["True Grit","Anger"],"picked":"Reckless Charge","floor":4},{"not_picked":["Combust","Bludgeon"],"picked":"Sword Boomerang","floor":6},{"not_picked":["Headbutt","Metallicize"],"picked":"Seeing Red","floor":8},{"not_picked":["Dropkick","Headbutt"],"picked":"Entrench","floor":11},{"not_picked":["Pommel Strike","Bloodletting","Warcry"],"picked":"Singing Bowl","floor":12},{"not_picked":["Sentinel","Sword Boomerang","Shrug It Off"],"picked":"Singing Bowl","floor":14}],"player_experience":626108,"relics_obtained":[{"floor":6,"key":"Ice Cream"},{"floor":9,"key":"Paper Frog"},{"floor":11,"key":"Singing Bowl"}],"event_choices":[{"damage_healed":26,"gold_gain":0,"player_choice":"Banana","damage_taken":0,"max_hp_gain":0,"max_hp_loss":0,"event_name":"Big Fish","floor":10,"gold_loss":0},{"damage_healed":0,"gold_gain":30,"player_choice":"Searched \u00273\u0027 times","damage_taken":0,"max_hp_gain":0,"max_hp_loss":0,"event_name":"Dead Adventurer","floor":11,"gold_loss":0}],"is_beta":false,"boss_relics":[],"items_purged_floors":[5],"is_endless":false,"potions_floor_spawned":[1,8,11,14],"killed_by":"Slime Boss","ascension_level":10}}