{"host":"aw6ta4ll26ap9lu8","time":1614223116,"event":{"mods":["AchievementEnabler","AlwaysNeverKeys","BaseMod","Bestiary","Block Reminder","Colored Map","Colored Powertips","Dark Map","DeckTracker","Highlight Path","Minty Spire (QoL Compilation)","Permanent Neow","Quick Restart","Relic Stats","StSLib"],"gold_per_floor":[115,130,146,71,71,71,87,100,100,114,114,126,126,51,51,130,130,147,163,183,233,233,263,7,37,61,61,95,135,135,145,145,226,226,254,263,116,338,365,365,382,408,489,506,540,616,665,694,694,694,694,694,78,122,122],"floor_reached":56,"language":"ENG","playtime":2039,"items_purged":["Defend_P","Defend_P+1"],"score":2249,"play_id":"a6ab87ba-9dda-4d33-8129-28cad02baf92","local_time":"20210224221836","is_ascension_mode":true,"campfire_choices":[{"floor":6.0,"key":"REST"},{"floor":15.0,"key":"REST"},{"data":"Fasting2","floor":27.0,"key":"SMITH"},{"floor":32.0,"key":"REST"},{"floor":40,"key":"REST"},{"floor":49,"key":"REST"},{"floor":52,"key":"REST"}],"circlet_count":0,"master_deck":["AscendersBane","Strike_P+1","Strike_P+1","Strike_P+1","Strike_P+1","Eruption+1","Vigilance","Consecrate+1","Evaluate+1","Evaluate+1","FollowUp+1","CutThroughFate+1","TalkToTheHand+1","Ragnarok+1","TalkToTheHand+1","FearNoEvil+1","Fasting2+1","Fasting2+1","TalkToTheHand+1","FearNoEvil+1","Vault","FlyingSleeves+1","Flash of Steel+1","Wallop+1","Ragnarok+1"],"relics":["PureWater","Molten Egg 2","Mercury Hourglass","Gremlin Horn","SlaversCollar","TeardropLocket","Whetstone","FossilizedHelix","CeramicFish","Sundial","Red Mask","Fusion Hammer","War Paint","Bottled Lightning","Question Card","Art of War","White Beast Statue","CloakClasp","Akabeko","Incense Burner","Boot","Strange Spoon","TungstenRod"],"acts_visited":["Exordium","TheCity","TheBeyond","TheEnding"],"potions_floor_usage":[33,33,39,41,50,50,55],"damage_taken":[{"damage":0.0,"enemies":"Small Slimes","floor":1.0,"turns":2.0},{"damage":7.0,"enemies":"Jaw Worm","floor":2.0,"turns":2.0},{"damage":0.0,"enemies":"Cultist","floor":3.0,"turns":2.0},{"damage":7.0,"enemies":"Blue Slaver","floor":7.0,"turns":2.0},{"damage":10.0,"enemies":"3 Louse","floor":8.0,"turns":2.0},{"damage":7.0,"enemies":"2 Fungi Beasts","floor":10.0,"turns":3.0},{"damage":0.0,"enemies":"Looter","floor":12.0,"turns":2.0},{"damage":0.0,"enemies":"Slime Boss","floor":16.0,"turns":4.0},{"damage":0.0,"enemies":"3 Byrds","floor":18.0,"turns":3.0},{"damage":10.0,"enemies":"2 Thieves","floor":19.0,"turns":2.0},{"damage":0.0,"enemies":"Sentry and Sphere","floor":20.0,"turns":3.0},{"damage":9.0,"enemies":"Gremlin Leader","floor":23.0,"turns":4.0},{"damage":1.0,"enemies":"Slavers","floor":25.0,"turns":2.0},{"damage":0.0,"enemies":"Gremlin Leader","floor":28.0,"turns":1.0},{"damage":0.0,"enemies":"Masked Bandits","floor":29.0,"turns":2.0},{"damage":0.0,"enemies":"Snake Plant","floor":31.0,"turns":2.0},{"damage":12,"enemies":"Champ","floor":33,"turns":5},{"damage":12,"enemies":"3 Shapes","floor":35,"turns":4},{"damage":0,"enemies":"Orb Walker","floor":39,"turns":2},{"damage":0,"enemies":"Spire Growth","floor":41,"turns":3},{"damage":0,"enemies":"Nemesis","floor":42,"turns":3},{"damage":0,"enemies":"Transient","floor":44,"turns":6},{"damage":0,"enemies":"Reptomancer","floor":45,"turns":3},{"damage":0,"enemies":"2 Orb Walkers","floor":47,"turns":3},{"damage":8,"enemies":"Nemesis","floor":48,"turns":6},{"damage":67,"enemies":"Awakened One","floor":50,"turns":8},{"damage":15,"enemies":"Shield and Spear","floor":54,"turns":5},{"damage":15,"enemies":"The Heart","floor":55,"turns":9}],"seed_played":"941982666321843699","potions_obtained":[{"floor":2.0,"key":"LiquidMemories"},{"floor":8.0,"key":"Explosive Potion"},{"floor":16.0,"key":"Swift Potion"},{"floor":19.0,"key":"StancePotion"},{"floor":20.0,"key":"Regen Potion"},{"floor":23.0,"key":"SkillPotion"},{"floor":33,"key":"BottledMiracle"},{"floor":35,"key":"Swift Potion"},{"floor":45,"key":"Fire Potion"},{"floor":47,"key":"Regen Potion"},{"floor":54,"key":"Swift Potion"}],"is_trial":false,"path_per_floor":["M","M","M","?","?","R","M","M","T","M","?","M","T","$","R","B",null,"M","M","M","?","?","E","$","E","T","R","E","?","$","M","R","B",null,"M","?","$","?","M","R","M","E","T","M","E","T","?","E","R","B",null,"R","$","E","B",null],"character_chosen":"WATCHER","items_purchased":["Whetstone","War Paint","Incense Burner","Boot","Strange Spoon"],"campfire_rested":6,"item_purchase_floors":[24,37,53,53,53],"current_hp_per_floor":[61,54,54,54,28,48,41,31,31,24,17,17,17,17,37,37,60,60,50,50,50,50,53,53,52,52,52,52,52,52,52,68,56,65,53,53,53,53,53,68,68,68,68,68,68,68,68,60,68,6,53,68,68,53,38],"gold":122,"neow_bonus":"UPGRADE_CARD","is_daily":false,"chose_seed":false,"campfire_upgraded":1,"win_rate":0.0,"timestamp":1614223116,"path_taken":["M","M","M","?","?","R","M","?","T","M","?","M","?","?","R","BOSS","M","M","?","?","?","E","$","E","T","R","E","?","?","M","R","BOSS","M","?","$","?","?","R","M","E","T","M","E","?","?","E","R","BOSS","R","$","E","BOSS"],"items_purchased_type":["Relic","Relic","Relic","Relic","Relic"],"build_version":"2020-12-22","purchased_purges":2,"victory":true,"max_hp_per_floor":[68,68,68,68,68,68,68,68,68,68,68,68,68,68,68,68,68,68,68,68,68,68,68,68,68,68,68,68,68,68,68,68,68,68,68,68,68,68,68,68,68,68,68,68,68,68,68,68,68,68,68,68,68,68,68],"relic_stats":{"Gremlin Horn":[24,24],"counters":[28,93],"CeramicFish":63,"CloakClasp":[56],"Whetstone":["Consecrate"],"War Paint":["Evaluate","Evaluate"],"Question Card":5,"Boot":[0],"Mercury Hourglass":[370],"Strange Spoon":[8],"Sundial":[6],"Art of War":[2],"obtain_stats":[{"Gremlin Horn":13,"CeramicFish":26,"CloakClasp":47,"Incense Burner":53,"TeardropLocket":23,"Whetstone":24,"War Paint":37,"Question Card":43,"Boot":53,"White Beast Statue":46,"Akabeko":48,"Mercury Hourglass":9,"SlaversCollar":17,"Strange Spoon":53,"Sundial":28,"Molten Egg 2":5,"Fusion Hammer":34,"Red Mask":29,"Art of War":45,"Bottled Lightning":42,"PureWater":0,"FossilizedHelix":25,"TungstenRod":54},{"Gremlin Horn":7,"CeramicFish":13,"CloakClasp":24,"Incense Burner":26,"TeardropLocket":12,"Whetstone":12,"War Paint":18,"Question Card":21,"Boot":26,"White Beast Statue":23,"Akabeko":25,"Mercury Hourglass":5,"SlaversCollar":8,"Strange Spoon":26,"Sundial":14,"Molten Egg 2":3,"Fusion Hammer":17,"Red Mask":15,"Art of War":23,"Bottled Lightning":21,"PureWater":0,"FossilizedHelix":13,"TungstenRod":27},{"Gremlin Horn":14,"CeramicFish":32,"CloakClasp":65,"Incense Burner":79,"TeardropLocket":30,"Whetstone":30,"War Paint":45,"Question Card":53,"Boot":79,"White Beast Statue":62,"Akabeko":71,"Mercury Hourglass":10,"SlaversCollar":18,"Strange Spoon":79,"Sundial":33,"Molten Egg 2":6,"Fusion Hammer":41,"Red Mask":35,"Art of War":62,"Bottled Lightning":53,"PureWater":0,"FossilizedHelix":32,"TungstenRod":84}],"TungstenRod":12},"card_choices":[{"not_picked":["CrushJoints","EmptyFist"],"picked":"Consecrate","floor":1.0},{"not_picked":["ReachHeaven","SignatureMove"],"picked":"Evaluate","floor":2.0},{"not_picked":["EmptyBody","EmptyFist"],"picked":"Evaluate","floor":3.0},{"not_picked":["PathToVictory","ForeignInfluence"],"picked":"FollowUp+1","floor":7.0},{"not_picked":["WindmillStrike+1","SashWhip+1"],"picked":"CutThroughFate+1","floor":8.0},{"not_picked":["ClearTheMind","PathToVictory"],"picked":"TalkToTheHand+1","floor":10.0},{"not_picked":["Blasphemy","ClearTheMind","JustLucky+1"],"picked":"SKIP","floor":12.0},{"not_picked":["SpiritShield","DevaForm"],"picked":"Ragnarok+1","floor":16.0},{"not_picked":["EmptyMind","WindmillStrike+1"],"picked":"TalkToTheHand+1","floor":18.0},{"not_picked":["FollowUp+1","JustLucky+1"],"picked":"FearNoEvil+1","floor":19.0},{"not_picked":["Perseverance","EmptyFist+1"],"picked":"Fasting2+1","floor":20.0},{"not_picked":["WreathOfFlame","Protect+1","Prostrate+1"],"picked":"SKIP","floor":23.0},{"not_picked":["WaveOfTheHand","Sanctity"],"picked":"Fasting2","floor":25.0},{"not_picked":["FollowUp+1","EmptyFist+1"],"picked":"TalkToTheHand+1","floor":28.0},{"not_picked":["Consecrate+1","ClearTheMind"],"picked":"FearNoEvil+1","floor":29.0},{"not_picked":["CrushJoints+1","Collect","EmptyFist+1"],"picked":"SKIP","floor":31.0},{"not_picked":["Blasphemy","Wish"],"picked":"Vault","floor":33},{"not_picked":["Consecrate+1","Fasting2"],"picked":"FlyingSleeves+1","floor":35},{"not_picked":["Mayhem","Blind"],"picked":"Flash of Steel+1","floor":36},{"not_picked":["FlurryOfBlows+1","PathToVictory"],"picked":"Wallop+1","floor":39},{"not_picked":["Halt","JustLucky+1","Prostrate"],"picked":"SKIP","floor":41},{"not_picked":["PathToVictory","CrushJoints+1","FlurryOfBlows+1"],"picked":"SKIP","floor":42},{"not_picked":["Blasphemy","CutThroughFate+1","EmptyBody","Evaluate+1"],"picked":"SKIP","floor":44},{"not_picked":["Protect","Prostrate","JustLucky+1","Tantrum+1"],"picked":"SKIP","floor":45},{"not_picked":["FlyingSleeves+1","Collect","ReachHeaven+1","CarveReality+1"],"picked":"SKIP","floor":48},{"not_picked":["Evaluate","Worship","Wireheading+1"],"picked":"Ragnarok+1","floor":54}],"player_experience":649737,"relics_obtained":[{"floor":9.0,"key":"Mercury Hourglass"},{"floor":13.0,"key":"Gremlin Horn"},{"floor":23.0,"key":"TeardropLocket"},{"floor":25.0,"key":"FossilizedHelix"},{"floor":26.0,"key":"CeramicFish"},{"floor":28.0,"key":"Sundial"},{"floor":29.0,"key":"Red Mask"},{"floor":42,"key":"Bottled Lightning"},{"floor":43,"key":"Question Card"},{"floor":45,"key":"Art of War"},{"floor":46,"key":"White Beast Statue"},{"floor":47,"key":"CloakClasp"},{"floor":48,"key":"Akabeko"},{"floor":54,"key":"TungstenRod"}],"event_choices":[{"cards_removed":["Defend_P"],"damage_healed":0.0,"max_hp_gain":0.0,"max_hp_loss":0.0,"gold_gain":0.0,"event_name":"The Cleric","player_choice":"Card Removal","floor":4.0,"gold_loss":75.0,"damage_taken":0.0},{"damage_healed":0.0,"max_hp_gain":0.0,"max_hp_loss":0.0,"gold_gain":0.0,"event_name":"Scrap Ooze","player_choice":"Success","floor":5.0,"gold_loss":0.0,"damage_taken":26.0,"relics_obtained":["Molten Egg 2"]},{"cards_removed":["Defend_P"],"damage_healed":0.0,"max_hp_gain":0.0,"max_hp_loss":0.0,"gold_gain":0.0,"event_name":"Golden Wing","player_choice":"Card Removal","floor":11.0,"gold_loss":0.0,"damage_taken":7.0},{"damage_healed":0.0,"max_hp_gain":0.0,"max_hp_loss":0.0,"gold_gain":50.0,"event_name":"Nest","player_choice":"Stole From Cult","floor":21.0,"gold_loss":0.0,"damage_taken":0.0},{"damage_healed":0.0,"max_hp_gain":0.0,"max_hp_loss":0.0,"gold_gain":0.0,"event_name":"Back to Basics","player_choice":"Simplicity","floor":22.0,"gold_loss":0.0,"damage_taken":0.0,"cards_upgraded":["Strike_P","Strike_P","Strike_P","Strike_P","Defend_P"]},{"damage_healed":0.0,"max_hp_gain":0.0,"max_hp_loss":0.0,"gold_gain":0.0,"event_name":"Masked Bandits","player_choice":"Fought Bandits","floor":29.0,"gold_loss":0.0,"damage_taken":0.0},{"damage_healed":0,"gold_gain":0,"player_choice":"Memory 1","damage_taken":0,"max_hp_gain":0,"max_hp_loss":0,"event_name":"SensoryStone","floor":36,"gold_loss":0},{"damage_healed":0,"gold_gain":222,"player_choice":"Wore Mask","damage_taken":0,"max_hp_gain":0,"max_hp_loss":0,"event_name":"Tomb of Lord Red Mask","floor":38,"gold_loss":0},{"damage_healed":0,"gold_gain":0,"player_choice":"Fight","damage_taken":0,"max_hp_gain":0,"max_hp_loss":0,"event_name":"Mysterious Sphere","floor":47,"gold_loss":0}],"is_beta":false,"boss_relics":[{"not_picked":["Astrolabe","Empty Cage"],"picked":"SlaversCollar"},{"not_picked":["Velvet Choker","Runic Pyramid"],"picked":"Fusion Hammer"}],"items_purged_floors":[14,24],"is_endless":false,"potions_floor_spawned":[2,8,10,16,19,20,23,28,33,35,45,47,48,54],"ascension_level":15}}