{"host":"meeffwnr16p8jwki","time":1614263083,"event":{"mods":["2.2 Compatiblity","AchievementEnabler","Act Like it!","Ascension Reborn","Aspiration","BaseMod","BetterRewards","Challenge The Spire","Colored Map","Colored Powertips","Conspire","Downfall","GifTheSpireLib","Halation","Hallownest","Hermit","Hubris","Marisa????????","Minty Spire (QoL Compilation)","Permanent Neow","Quick Restart","Replay The Spire","StSLib","Stuff the Spire","The Animator","The Cursed","The Disciple","The Mystic","The Servant 0.9.4","The Spell Scribe"],"gold_per_floor":[118,118,118,118,43,43,59,79,102,171,171,171,195,238,238,385,385,434,37,37,73,119,119,186,186,186,186,220,220,220,257,257,366,366,417,454,55,55,103,103,172,172,195,195,248,276,276,301,301,353],"floor_reached":51,"language":"ENG","playtime":4177,"items_purged":["Strike_S","Defend_S","Strike_S"],"score":948,"play_id":"f6fdbbdb-fcdd-4f3e-a971-1c852d871cdd","local_time":"20210225152443","is_ascension_mode":true,"campfire_choices":[{"data":"Hightail","floor":6.0,"key":"SMITH"},{"data":"Spin","floor":11.0,"key":"SMITH"},{"data":"SpecialFormula","floor":15.0,"key":"SMITH"},{"data":"LightFlow","floor":23.0,"key":"SMITH"},{"data":"Solidify","floor":25.0,"key":"SMITH"},{"data":"Unruled","floor":29,"key":"SMITH"},{"data":"Spin","floor":32,"key":"SMITH"},{"data":"hubris:EnhanceAbility","floor":40,"key":"SMITH"},{"floor":44,"key":"RECALL"},{"data":"BottledTime","floor":47,"key":"SMITH"},{"data":"BottledTime","floor":49,"key":"SMITH"}],"circlet_count":0,"master_deck":["Strike_S+1","Defend_S+1","Defend_S+1","Defend_S+1","KidneyShot+1","Exchange+1","Hightail+1","CommonCold","SurpressingFire+1","Unruled+1","Spin+1","Iron Wave+1","Ricochet+1","SpecialFormula+1","LightFlow+1","Spin+1","Spin+1","FanOfKnives+1","Solidify+1","RitualDagger+1","Advance+1","Defy+1","LightFlow+1","Regret","TheCursedMod:Dregs","ReplayTheSpireMod:Splinters","Rearm+1","Spin+1","Defy+1","hubris:EnhanceAbility+1","Unruled+1","Spin+1","Master of Strategy+1","BottledTime+1","DoubleEdge+1","BottledTime+1"],"relics":["Uniform","halation:YellowSoulGem","Ring of Misfortune","Replay:Bandana","Orichalcum","Question Card","Painkiller Herb","Membership Card","Replay:Baseball","Onion Ring","Bag of Preparation","Replay:Bottled Flurry","halation:ShiningIdol","Replay:Ancient Bell","ReplayTheSpireMod:TigerMarble","StuffTheSpire:EmeraldSignet","Ice Cream","Vajra","conspire:TreasureMap","Gremlin Food","StuffTheSpire:HeavyRock","War Paint","PocketWatch"],"acts_visited":["Exordium","TheCity","TheBeyond"],"potions_floor_usage":[],"damage_taken":[{"damage":1.0,"enemies":"2 Louse","floor":1.0,"turns":3.0},{"damage":0.0,"enemies":"Small Slimes","floor":7.0,"turns":3.0},{"damage":0.0,"enemies":"Cultist","floor":8.0,"turns":5.0},{"damage":2.0,"enemies":"conspire:MimicChest","floor":10.0,"turns":14.0},{"damage":0.0,"enemies":"3 Louse","floor":13.0,"turns":2.0},{"damage":0.0,"enemies":"Lagavulin","floor":14.0,"turns":9.0},{"damage":0.0,"enemies":"Fading Forest","floor":16.0,"turns":11.0},{"damage":0.0,"enemies":"3 Byrds","floor":18.0,"turns":6.0},{"damage":0.0,"enemies":"Spheric Guardian","floor":21.0,"turns":1.0},{"damage":0.0,"enemies":"3 Cultists","floor":22.0,"turns":3.0},{"damage":42.0,"enemies":"Slavers","floor":24.0,"turns":3.0},{"damage":0,"enemies":"Snake Plant","floor":28,"turns":2},{"damage":0,"enemies":"Snecko","floor":31,"turns":4},{"damage":3,"enemies":"Champ","floor":33,"turns":11},{"damage":0,"enemies":"3 Darklings","floor":35,"turns":2},{"damage":4,"enemies":"3 Shapes","floor":36,"turns":2},{"damage":0,"enemies":"Transient","floor":39,"turns":5},{"damage":2,"enemies":"R_Hoarder","floor":41,"turns":5},{"damage":0,"enemies":"Nemesis","floor":45,"turns":7},{"damage":0,"enemies":"Sphere and 2 Shapes","floor":46,"turns":1},{"damage":0,"enemies":"Spire Growth","floor":48,"turns":1},{"damage":0,"enemies":"hubris:GrandSnecko","floor":50,"turns":3}],"seed_played":"924147548183277901","potions_obtained":[{"floor":1.0,"key":"ColorlessPotion"},{"floor":10.0,"key":"LiquidBronze"},{"floor":13.0,"key":"LiquidMemories"},{"floor":22.0,"key":"Elixir"},{"floor":31,"key":"Flashbang"}],"is_trial":false,"path_per_floor":["M","?","?","?","$","R","M","M","T","?","R","?","M","E","R","B",null,"?","T","?","?","?","T","E","T","T","?","?","T","?","?","T","B",null,"?","?","T","?","?","T","E","?","T","T","E","?","T","?","T","B",null],"character_chosen":"THE_SERVANT","items_purchased":["Membership Card","Replay:Baseball","Onion Ring","Vajra","conspire:TreasureMap","Gremlin Food","Defy","hubris:EnhanceAbility"],"campfire_rested":0,"item_purchase_floors":[19,19,19,37,37,37,37,37],"current_hp_per_floor":[64,48,48,48,48,48,48,48,48,46,46,46,46,46,46,65,65,65,65,65,65,65,65,31,31,31,25,25,25,25,33,33,38,65,65,63,63,63,65,65,65,65,65,65,65,65,65,65,65,65],"gold":353,"neow_bonus":"UPGRADE_CARD","is_daily":false,"chose_seed":false,"campfire_upgraded":10,"win_rate":0.0,"timestamp":1614263083,"path_taken":["M","?","?","?","?","R","M","?","T","?","R","?","?","E","R","BOSS","?","T","?","?","?","T","E","T","T","?","?","T","?","?","T","BOSS","?","?","T","?","?","T","E","?","T","T","E","?","T","?","T","BOSS"],"items_purchased_type":["Relic","Relic","Relic","Relic","Relic","Relic","Card","Card"],"build_version":"2020-12-22","purchased_purges":3,"victory":true,"max_hp_per_floor":[65,65,65,65,65,65,65,65,65,65,65,65,65,65,65,65,65,65,65,65,65,65,65,65,65,65,65,65,65,65,65,65,65,65,65,65,65,65,65,65,65,65,65,65,65,65,65,65,65,65],"card_choices":[{"not_picked":["BestPractice","BottledTime"],"picked":"Hightail","floor":1.0},{"not_picked":["Comet","FastForward"],"picked":"SurpressingFire","floor":7.0},{"not_picked":["Gouge","Snipe"],"picked":"Unruled","floor":8.0},{"not_picked":["Sabotage","Defy"],"picked":"Spin","floor":10.0},{"not_picked":["Replace","WasteNot"],"picked":"Ricochet","floor":13.0},{"not_picked":["Starlight","Unruled"],"picked":"SpecialFormula","floor":14.0},{"not_picked":["TheWorld","Initiator","Sunlight"],"picked":"LightFlow","floor":16.0},{"not_picked":["Ricochet","FastForward","Alleviate"],"picked":"Spin","floor":18.0},{"not_picked":["Rearm","SilverBlades+1","FloweringNight"],"picked":"Spin+1","floor":21.0},{"not_picked":["ShiftingGears","Replace","SilverBlades"],"picked":"FanOfKnives+1","floor":22.0},{"not_picked":["Unruled","BottledTime","Alleviate"],"picked":"Solidify","floor":24.0},{"not_picked":["Alleviate","Rewind","BottledTime"],"picked":"Advance+1","floor":28},{"not_picked":["BottledTime","Spin","DualDimension"],"picked":"Defy+1","floor":31},{"not_picked":["SoulSculpture","PendulumOfEternity","MurderousAura"],"picked":"LightFlow","floor":33},{"not_picked":["Amnesia","Decay","animator:Curse_Greed"],"picked":"Regret","floor":34},{"not_picked":["conspire:Blindness","Injury","downfall:Malfunctioning"],"picked":"TheCursedMod:Dregs","floor":34},{"not_picked":["hubris:Lust","Hallucinations","Hallownest:curseDreamersLament"],"picked":"ReplayTheSpireMod:Splinters","floor":34},{"not_picked":["FastForward+1","StarChef+1","TimeWarp"],"picked":"Rearm+1","floor":35},{"not_picked":["Rewind+1","Alleviate+1","BottledTime"],"picked":"Spin+1","floor":36},{"not_picked":["Replace","DoubleEdge+1","ShatteredReality"],"picked":"Unruled+1","floor":39},{"not_picked":["Rearm+1","Sunlight","BestPractice+1"],"picked":"Spin+1","floor":41},{"not_picked":["Purity","Mind Blast","Madness"],"picked":"Master of Strategy","floor":42},{"not_picked":["Potential","FastForward+1","Ricochet+1"],"picked":"BottledTime","floor":45},{"not_picked":["Ricochet","WasteNot+1","Snipe+1"],"picked":"DoubleEdge+1","floor":46},{"not_picked":["Gouge+1","Revamp+1","Spin"],"picked":"BottledTime","floor":48}],"player_experience":7235,"relics_obtained":[{"floor":4.0,"key":"Ring of Misfortune"},{"floor":9.0,"key":"Replay:Bandana"},{"floor":10.0,"key":"Orichalcum"},{"floor":14.0,"key":"Question Card"},{"floor":24.0,"key":"Bag of Preparation"},{"floor":26,"key":"Replay:Bottled Flurry"},{"floor":41,"key":"StuffTheSpire:HeavyRock"},{"floor":43,"key":"War Paint"},{"floor":45,"key":"PocketWatch"}],"event_choices":[{"damage_healed":0.0,"max_hp_gain":0.0,"max_hp_loss":0.0,"gold_gain":0.0,"event_name":"Golden Idol","player_choice":"Take Damage","floor":2.0,"gold_loss":0.0,"damage_taken":16.0,"relics_obtained":["Golden Idol"]},{"cards_removed":["Strike_S"],"damage_healed":0.0,"max_hp_gain":0.0,"max_hp_loss":0.0,"gold_gain":0.0,"event_name":"NoteForYourself","player_choice":"Took Card","floor":12.0,"gold_loss":0.0,"damage_taken":0.0,"cards_obtained":["Iron Wave"]},{"damage_healed":0.0,"max_hp_gain":0.0,"max_hp_loss":0.0,"gold_gain":0.0,"event_name":"Vampires","player_choice":"Ignored","floor":20.0,"gold_loss":0.0,"damage_taken":0.0},{"damage_healed":0,"gold_gain":0,"player_choice":"Joined the Cult","damage_taken":6,"max_hp_gain":0,"max_hp_loss":0,"event_name":"Nest","floor":27,"gold_loss":0,"cards_obtained":["RitualDagger"]},{"damage_healed":0,"gold_gain":0,"player_choice":"Memory 1","damage_taken":0,"max_hp_gain":0,"max_hp_loss":0,"event_name":"SensoryStone","floor":42,"gold_loss":0}],"is_beta":false,"boss_relics":[{"not_picked":["Empty Cage","Snecko Eye"],"picked":"Painkiller Herb"},{"not_picked":["halation:Yufonium","Runic Dome"],"picked":"Replay:Ancient Bell"},{"not_picked":["aspiration:HiddenCompartment","aspiration:ChemicalBlood"],"picked":"ReplayTheSpireMod:TigerMarble"},{"not_picked":["Golden Egg","HornCleat"],"picked":"StuffTheSpire:EmeraldSignet"},{"not_picked":["CaptainsWheel","Counterbalance"],"picked":"Ice Cream"}],"items_purged_floors":[5,19,37],"is_endless":false,"potions_floor_spawned":[1,10,13,16,18,22,31,36,39,41,45],"ascension_level":0}}