{"host":"8txkp9ptpa3vam57","time":1614235573,"event":{"mods":["Aspiration","BaseMod","Downfall","Jedi Mod","Lobotomy","LobotomyExtend","Minty Spire (QoL Compilation)","Quick Restart","Rare Cards Sparkle","Replay The Spire","RumiaBox-露米娅的神秘盒子","Shop Mod","Spire Birthday Party","StSLib","The Bladedancer","The Bug Knight","The Construct","The Cursed","The Marked","The Poker Player","[IsaacMod]以撒尖塔","noobMod","篝火指南"],"gold_per_floor":[111,62,137,152,172,172,198,216,267,267,267,279,166,182,182,282,282,295,325,340,340,340,116,136,153,179,191,209,209,134,134,134,154,154,254,254,271,271,271,124,142,142,156,168,168,179,28,48,48,62,62,62],"floor_reached":53,"language":"ZHS","playtime":2727,"items_purged":["theMarked:FavorableWinds","BlackSwan","FieryBird"],"score":690,"play_id":"7b87b03f-071c-46ff-9ff3-4f7fa5ace825","local_time":"20210225144613","is_ascension_mode":false,"campfire_choices":[{"floor":6,"key":"REST"},{"data":"theMarked:Snap","floor":11,"key":"SMITH"},{"floor":15,"key":"DIG"},{"floor":29,"key":"RECALL"},{"floor":34,"key":"REST"},{"floor":49,"key":"REST"},{"floor":51,"key":"REST"}],"circlet_count":0,"master_deck":["Apo_SoulSlash","Apo_Charge","Apo_Charge","Apo_Charge","Apo_Charge","Apo_Beam","Apo_Beam","Apo_Beam","Apo_Execute","Apo_Slash","Apo_Slash","Apo_SoulSlash","theMarked:EmpowerWeapon+1","theMarked:SelfDefenseTraining+1","theMarked:EmpowerWeapon+1","Dagger Throw","SingingMachine","theMarked:WardOff"],"relics":["theMarked:ArtifactOfAir","HushsDoor","ice","DoctorsRemote","CogitoBucket","LetterFromLob","SumBook","ReplayTheSpireMod:TigerMarble","aspiration:HummingbirdHeart","Vajra","theMarked:DemonDagger","Fusion Hammer","Theresia","Moonlight_r","ZombieArmy","Replay:Rubber Ducky","MagicMushroom","aspiration:Nostalgia","m_SnakeBloodCore","Baka2","ApostleMask","Mango"],"acts_visited":["Exordium","TheCity","TheBeyond"],"potions_floor_usage":[6,16,35,52,52,52],"damage_taken":[{"damage":1,"enemies":"Jaw Worm","floor":1,"turns":4},{"damage":0,"enemies":"2 Louse","floor":4,"turns":3},{"damage":40,"enemies":"Hiden Room Battle","floor":5,"turns":4},{"damage":31,"enemies":"3 Sentries","floor":7,"turns":5},{"damage":1,"enemies":"Small Slimes","floor":8,"turns":2},{"damage":3,"enemies":"Gremlin Gang","floor":12,"turns":2},{"damage":0,"enemies":"Lots of Slimes","floor":14,"turns":4},{"damage":0,"enemies":"Slime Boss","floor":16,"turns":4},{"damage":0,"enemies":"Spheric Guardian","floor":18,"turns":2},{"damage":5,"enemies":"2 Thieves","floor":19,"turns":3},{"damage":50,"enemies":"Shelled Parasite and Fungi","floor":20,"turns":4},{"damage":8,"enemies":"Snake Plant","floor":24,"turns":2},{"damage":4,"enemies":"Cultist and Chosen","floor":25,"turns":3},{"damage":0,"enemies":"Shelled Parasite and Fungi","floor":27,"turns":2},{"damage":0,"enemies":"Snake Plant","floor":28,"turns":2},{"damage":12,"enemies":"Snecko","floor":33,"turns":4},{"damage":44,"enemies":"Champ","floor":35,"turns":8},{"damage":0,"enemies":"3 Darklings","floor":37,"turns":3},{"damage":5,"enemies":"3 Shapes","floor":41,"turns":1},{"damage":9,"enemies":"3 Darklings","floor":43,"turns":2},{"damage":0,"enemies":"Writhing Mass","floor":44,"turns":2},{"damage":0,"enemies":"Spire Growth","floor":46,"turns":3},{"damage":8,"enemies":"Sphere and 2 Shapes","floor":48,"turns":3},{"damage":0,"enemies":"3 Darklings","floor":50,"turns":1},{"damage":86,"enemies":"Replay:Hell Engine","floor":52,"turns":5}],"seed_played":"8672798371028338170","potions_obtained":[{"floor":5,"key":"Fruit Juice"},{"floor":7,"key":"jedi:wingpotion"},{"floor":8,"key":"Explosive Potion"},{"floor":16,"key":"Explosive Potion"},{"floor":18,"key":"Weak Potion"},{"floor":24,"key":"Weak Potion"},{"floor":28,"key":"Explosive Potion"},{"floor":33,"key":"Fire Potion"},{"floor":37,"key":"Fire Potion"},{"floor":50,"key":"theMarked:ChargePotion"}],"is_trial":false,"path_per_floor":["M","$","?","M","?","R","E","M","T","M","R","M","R","M","R","B",null,"M","M","M","?","?","R","M","M","T","M","M","R","?","PTL","PTL","M","R","B",null,"M","?","?","$","M","E","M","M","T","M","$","M","R","M","R","B",null],"character_chosen":"THE_DEFAULT","items_purchased":["theMarked:Frustration","theMarked:SelfDefenseTraining","theMarked:Abjuration","ZombieArmy","theMarked:BanishingStrike","theMarked:ElectricStrings","ReplayTheSpireMod:Private Reserves","theMarked:Abjuration","aspiration:Nostalgia","Dagger Throw"],"campfire_rested":4,"item_purchase_floors":[2,13,17,23,23,23,36,36,40,47],"current_hp_per_floor":[71,71,60,60,20,46,15,14,14,14,14,11,11,11,11,11,73,73,68,19,19,52,52,44,41,41,41,41,41,41,41,41,29,53,10,84,86,86,86,86,86,82,73,73,73,73,73,97,97,97,97,11],"gold":62,"neow_bonus":"","is_daily":false,"chose_seed":false,"campfire_upgraded":1,"win_rate":0.0,"timestamp":1614235573,"path_taken":["M","$","?","M","?","R","E","M","T","?","R","M","R","M","R","BOSS","M","M","M","?","?","R","?","M","T","M","M","R","?","PTL","PTL","?","R","BOSS","M","?","?","$","M","E","M","M","T","M","?","M","R","?","R","BOSS"],"items_purchased_type":["Card","Card","Card","Relic","Card","Card","Card","Card","Relic","Card"],"build_version":"2020-12-22","purchased_purges":3,"victory":true,"max_hp_per_floor":[72,72,72,72,72,77,77,77,77,77,77,77,77,77,77,77,73,73,73,73,73,73,73,76,78,78,79,79,79,79,79,79,83,83,88,84,86,86,86,86,89,89,90,92,92,94,94,111,111,111,111,117],"card_choices":[{"not_picked":[],"picked":"Bomb","floor":0},{"not_picked":["WallGazer","VoidDream"],"picked":"SpiderBud","floor":1},{"not_picked":["theMarked:Seal","Bomb"],"picked":"theMarked:BanishingStrike","floor":1},{"not_picked":["theMarked:Parkour","theMarked:Aftermath"],"picked":"theMarked:BanishingStrike","floor":4},{"not_picked":["theMarked:BanishingWave","theMarked:RepellingDischarge"],"picked":"theMarked:Reabsorb","floor":5},{"not_picked":["theMarked:TwofoldDefense","theMarked:Frustration"],"picked":"theMarked:ThrowWeapon","floor":7},{"not_picked":["CrumblingArmor","VoidDream"],"picked":"ShyLook","floor":7},{"not_picked":["theMarked:Indomitable","theMarked:ComboAttacks"],"picked":"theMarked:CreepingChasm","floor":8},{"not_picked":["theMarked:Aftermath","theMarked:ResourceFulStrike"],"picked":"theMarked:TakeCover","floor":12},{"not_picked":["theMarked:Static","theMarked:TakeCover"],"picked":"theMarked:Overcharge","floor":14},{"not_picked":["theMarked:FavorableWinds","theMarked:Levitate"],"picked":"theMarked:BiggerThanFate","floor":16},{"not_picked":["LaLuna","OldLady"],"picked":"Bloodbath","floor":18},{"not_picked":["theMarked:Overthink+1","theMarked:TwofoldDefense+1"],"picked":"theMarked:Aftermath","floor":18},{"not_picked":["theMarked:Memento","theMarked:Convert","theMarked:RepellingDischarge"],"picked":"SKIP","floor":19},{"not_picked":["QueenBee","CherryBlossoms"],"picked":"MHz","floor":20},{"not_picked":["theMarked:Convert+1","theMarked:RepellingDischarge"],"picked":"theMarked:BanishingStrike","floor":20},{"not_picked":["CherryBlossoms","PunishingBird"],"picked":"BlackSwan","floor":24},{"not_picked":["theMarked:StartUp","theMarked:Parkour+1"],"picked":"theMarked:ElectricStrings+1","floor":24},{"not_picked":["theMarked:ThrowWeapon","theMarked:TheMission"],"picked":"theMarked:Polarize","floor":25},{"not_picked":["theMarked:RogueSparks+1","theMarked:Memento"],"picked":"theMarked:MysticalArsenal","floor":25},{"not_picked":["theMarked:Determination","theMarked:Improvise"],"picked":"theMarked:AttractMetal+1","floor":25},{"not_picked":["theMarked:Improvise","theMarked:TwofoldDefense+1","theMarked:EternalStudent"],"picked":"SKIP","floor":25},{"not_picked":["theMarked:LightningStrikesTwice","theMarked:TakeCover+1","theMarked:SwordAndMagic+1"],"picked":"SKIP","floor":27},{"not_picked":["theMarked:TakeCover","theMarked:Determination"],"picked":"theMarked:Aftermath","floor":28},{"not_picked":["theMarked:ElectricStrings","theMarked:RepellingDischarge+1"],"picked":"theMarked:HeightenedSenses+1","floor":33},{"not_picked":["theMarked:Challenge","theMarked:BindingBlade"],"picked":"theMarked:UnarmedFury","floor":35},{"not_picked":["BlackArmy","SilentOrchestra"],"picked":"PlagueDoctor","floor":35},{"not_picked":["BlueStar","HappyTeddy"],"picked":"DespairKnight","floor":37},{"not_picked":["theMarked:AttractMetal","theMarked:TwofoldDefense"],"picked":"theMarked:BanishingWave+1","floor":37},{"not_picked":["theMarked:TwofoldDefense","theMarked:WastefulAttack"],"picked":"White Noise+1","floor":41},{"not_picked":["LittlePrince","BigBird"],"picked":"FieryBird","floor":43},{"not_picked":["theMarked:HeightenedSenses","Hello World"],"picked":"theMarked:EmpowerWeapon+1","floor":43},{"not_picked":["theMarked:RepellingDischarge+1","theMarked:Convert+1"],"picked":"theMarked:SelfDefenseTraining+1","floor":44},{"not_picked":["theMarked:RepellingDischarge","theMarked:Electrify+1"],"picked":"theMarked:EmpowerWeapon+1","floor":46},{"not_picked":["theMarked:Frustration","theMarked:TakeCover","theMarked:EmpowerWeapon"],"picked":"SKIP","floor":48},{"not_picked":["SilentOrchestra","Scarecrow"],"picked":"SingingMachine","floor":50},{"not_picked":["theMarked:RepellingDischarge+1","theMarked:Determination"],"picked":"theMarked:WardOff","floor":50}],"player_experience":121779,"relics_obtained":[{"floor":1,"key":"Baka"},{"floor":1,"key":"LetterFromLob"},{"floor":5,"key":"SumBook"},{"floor":5,"key":"ReplayTheSpireMod:TigerMarble"},{"floor":7,"key":"aspiration:HummingbirdHeart"},{"floor":9,"key":"Vajra"},{"floor":15,"key":"theMarked:DemonDagger"},{"floor":26,"key":"Replay:Rubber Ducky"},{"floor":41,"key":"Baka2"},{"floor":48,"key":"Mango"}],"event_choices":[{"damage_healed":0,"gold_gain":75,"player_choice":"Gather Gold","damage_taken":11,"max_hp_gain":0,"max_hp_loss":0,"event_name":"World of Goop","floor":3,"gold_loss":0},{"damage_healed":0,"gold_gain":0,"player_choice":"Fight","damage_taken":0,"max_hp_gain":0,"max_hp_loss":0,"event_name":"HidenRoomEvent","floor":5,"gold_loss":0},{"damage_healed":0,"gold_gain":0,"player_choice":"Smashed Altar","damage_taken":0,"max_hp_gain":0,"max_hp_loss":0,"event_name":"Forgotten Altar","floor":21,"gold_loss":0,"cards_obtained":["Decay"]},{"cards_removed":["Decay"],"damage_healed":0,"gold_gain":0,"player_choice":"Gave Gold","damage_taken":0,"max_hp_gain":0,"max_hp_loss":0,"event_name":"Beggar","floor":30,"gold_loss":75},{"cards_removed":["Bloodbath"],"damage_healed":0,"gold_gain":0,"player_choice":"Removed Skill","damage_taken":0,"max_hp_gain":0,"max_hp_loss":0,"event_name":"Falling","floor":39,"gold_loss":0}],"is_beta":false,"boss_relics":[{"not_picked":["Calling Bell","Kintsugi"],"picked":"Fusion Hammer"},{"not_picked":[]},{"not_picked":["construct:ClawGrip","aspiration:FutureDiary"],"picked":"MagicMushroom"},{"not_picked":[]}],"items_purged_floors":[13,36,47],"is_endless":false,"potions_floor_spawned":[5,7,8,16,18,24,25,28,33,37,43,48,50],"ascension_level":0}}