{"host":"v0n6ky7dmveherv3","time":1614295909,"event":{"mods":["BaseMod","Better Third Choice","Downfall","Minty Spire (QoL Compilation)","StSLib"],"gold_per_floor":[99,99,249,249,249,249,249,149,59,89,89,109,141,17,35,137,137,37,47,47,62,73,73,73,90,124,124,9,9,9,9,9],"floor_reached":30,"language":"ENG","playtime":1350,"items_purged":["downfall:Icky","champ:Strike"],"score":291,"play_id":"0d136f00-597d-4d7e-bae8-1488ac6faf4a","local_time":"20210225163149","is_ascension_mode":true,"campfire_choices":[{"floor":1.0,"key":"RECALL"},{"data":"champ:ShieldSigil","floor":8,"key":"SMITH"},{"data":"champ:SwordThrow","floor":11,"key":"SMITH"},{"data":"champ:EnchantShield","floor":18,"key":"SMITH"},{"data":"champ:FaceSlap","floor":23,"key":"SMITH"},{"data":"champ:SwordSigil","floor":27,"key":"SMITH"},{"data":"champ:FaceSlap","floor":29,"key":"SMITH"}],"circlet_count":0,"master_deck":["champ:Strike","champ:Strike","champ:Strike","champ:Defend","champ:Defend","champ:Defend","champ:Defend","champ:Execute","champ:Taunt","champ:FaceSlap+1","champ:ShieldSigil+1","champ:Backstep","champ:SwordThrow+1","champ:BerserkerStyle","champ:DeathBlow","champ:FaceSlap+1","champ:AdrenalArmor","champ:BerserkerStyle","champ:ArenaPreparation","champ:EnchantShield+1","champ:SwordSigil+1","champ:Encircle"],"relics":["champ:ChampionCrown","downfall:HeartsMalice","Centennial Puzzle","champ:FightingForDummies","downfall:HeartBlessingRed","Tiny Chest","Shovel","Busted Crown","downfall:HeartBlessingGreen","Question Card","Art of War"],"acts_visited":["Exordium","TheCity"],"potions_floor_usage":[12,14,25,30],"damage_taken":[{"damage":0.0,"enemies":"Small Slimes","floor":2.0,"turns":1.0},{"damage":0,"enemies":"Jaw Worm","floor":5,"turns":1},{"damage":0,"enemies":"2 Louse","floor":6,"turns":1},{"damage":35,"enemies":"downfall:FleeingMerchant","floor":9,"turns":4},{"damage":36,"enemies":"Gremlin Nob","floor":10,"turns":4},{"damage":7,"enemies":"Lots of Slimes","floor":12,"turns":4},{"damage":28,"enemies":"Lagavulin","floor":13,"turns":3},{"damage":7,"enemies":"downfall:FleeingMerchant","floor":14,"turns":4},{"damage":60,"enemies":"Red Slaver","floor":15,"turns":3},{"damage":39,"enemies":"WA_ARCHETYPE_RETAIN","floor":16,"turns":6},{"damage":47,"enemies":"3 Byrds","floor":19,"turns":5},{"damage":25,"enemies":"Shell Parasite","floor":21,"turns":4},{"damage":42,"enemies":"Snake Plant","floor":22,"turns":3},{"damage":69,"enemies":"Cultist and Chosen","floor":25,"turns":4},{"damage":84,"enemies":"Slavers","floor":26,"turns":5},{"damage":45,"enemies":"downfall:FleeingMerchant","floor":28,"turns":4},{"damage":82,"enemies":"Sentry and Sphere","floor":30,"turns":5}],"seed_played":"4432588671882717608","potions_obtained":[{"floor":10,"key":"AttackPotion"},{"floor":12,"key":"BlessingOfTheForge"},{"floor":15,"key":"champ:CounterPotion"},{"floor":16,"key":"SneckoOil"},{"floor":19,"key":"hexamod:SoulburnPotion"},{"floor":20,"key":"ColorlessPotion"},{"floor":20,"key":"Dexterity Potion"}],"is_trial":false,"path_per_floor":["R","M","?","?","M","M","T","R","$","E","R","M","E","$","M","B",null,"R","M","?","M","M","R","T","M","E","R","$","R","M"],"character_chosen":"THE_CHAMP","items_purchased":["champ:BerserkerStyle","champ:ArenaPreparation"],"campfire_rested":0,"item_purchase_floors":[14,14],"current_hp_per_floor":[90,90,90,78,78,78,78,78,73,57,57,57,57,50,42,26,90,90,88,88,87,87,87,87,87,81,81,81,81,0,0,0],"gold":9,"neow_bonus":"THREE_ENEMY_KILL","is_daily":false,"chose_seed":false,"campfire_upgraded":6,"win_rate":0.0,"timestamp":1614295909,"path_taken":["R","M","?","?","M","M","T","R","?","E","R","M","E","$","M","BOSS","R","M","?","?","M","R","T","M","E","R","$","R","M"],"items_purchased_type":["Card","Card"],"build_version":"2020-12-22","purchased_purges":2,"victory":false,"max_hp_per_floor":[90,90,90,90,90,90,90,90,90,90,90,90,90,90,90,90,90,90,90,90,90,90,90,90,90,90,90,90,90,90,90,90],"card_choices":[{"not_picked":["champ:EnGarde","champ:StanceDance"],"picked":"champ:FaceSlap","floor":2.0},{"not_picked":["champ:EnGarde","champ:Haymaker"],"picked":"champ:ShieldSigil","floor":5},{"not_picked":["champ:GutPunch","champ:BerserkersShout"],"picked":"champ:Backstep","floor":6},{"not_picked":["champ:FlashCut","champ:HeartStrike"],"picked":"champ:SwordThrow","floor":9},{"not_picked":["champ:PerfectedStrike","champ:Shatter"],"picked":"champ:BerserkerStyle","floor":10},{"not_picked":["champ:ShieldSlam","champ:Parry"],"picked":"champ:DeathBlow","floor":12},{"not_picked":["champ:Parry","champ:DeathBlow"],"picked":"champ:FaceSlap","floor":13},{"not_picked":["champ:Shatter","champ:Haymaker"],"picked":"champ:AdrenalArmor","floor":14},{"not_picked":["champ:Haymaker","champ:Backstep","champ:Shatter"],"picked":"SKIP","floor":15},{"not_picked":["champ:MurderStrike","champ:StrikeOfGenius"],"picked":"champ:EnchantShield","floor":16},{"not_picked":["champ:SkillfulDodge"],"picked":"SKIP","floor":19},{"not_picked":["champ:CrownThrow"],"picked":"SKIP","floor":21},{"not_picked":["champ:EnGarde"],"picked":"SKIP","floor":22},{"not_picked":["champ:BerserkersShout","champ:DefensiveShout"],"picked":"SKIP","floor":25},{"not_picked":["champ:FaceSlap"],"picked":"champ:SwordSigil","floor":26},{"not_picked":["champ:Shatter"],"picked":"champ:Encircle","floor":28}],"player_experience":167520,"relics_obtained":[{"floor":7,"key":"champ:FightingForDummies"},{"floor":10,"key":"Tiny Chest"},{"floor":13,"key":"Shovel"},{"floor":24,"key":"Question Card"},{"floor":26,"key":"Art of War"}],"event_choices":[{"damage_healed":0,"gold_gain":0,"player_choice":"Relic ","damage_taken":12,"max_hp_gain":0,"max_hp_loss":0,"event_name":"betterThird:BetterScrap","floor":4,"gold_loss":0,"cards_obtained":["MasterReality"]},{"damage_healed":0,"gold_gain":0,"player_choice":"Got Potions","damage_taken":0,"max_hp_gain":0,"max_hp_loss":0,"event_name":"Lab","floor":20,"gold_loss":0}],"is_beta":false,"boss_relics":[{"not_picked":["Velvet Choker","Empty Cage"],"picked":"Busted Crown"}],"items_purged_floors":[9,28],"is_endless":false,"potions_floor_spawned":[10,12,15,16,19,22],"killed_by":"Sentry and Sphere","ascension_level":1}}