{"host":"egwexuw5uvnxf11j","time":1614293198,"event":{"mods":["2.2 Compatiblity","Aspiration","BaseMod","Better Note","Better Sensory Stone","Better Third Choice","Displayed Cursed Tome","Downfall","Hermit","Key Reminder","Koishi","Marisa????????","Minty Spire (QoL Compilation)","Quick Restart","Shade Mod","Spicy Shops","StSLib","The Construct","The Cursed","The Runesmith","The Senshi","The Servant 0.9.4","Transform Curses"],"gold_per_floor":[119,119,194,42,60,60,86,100,123,123,152,162,162,196,196,300,300,313,313,313,313,325,325,355,355,355,355,53,79,79,4,4,107,107,118,131,131,131,150,176,176,196,196,221,232,248,248,266,266,266],"floor_reached":51,"language":"ENG","playtime":1485,"items_purged":[],"score":1048,"play_id":"7306f570-097d-4c79-8920-dafc6321a076","local_time":"20210225174638","is_ascension_mode":true,"campfire_choices":[{"floor":6,"key":"REST"},{"floor":13,"key":"REST"},{"data":"Heavy Blade","floor":15,"key":"SMITH"},{"data":"Demon Form","floor":23,"key":"SMITH"},{"floor":25,"key":"REST"},{"data":"Spot Weakness","floor":32,"key":"SMITH"},{"data":"Perfected Strike","floor":41,"key":"SMITH"},{"floor":47,"key":"REST"},{"data":"Flex","floor":49,"key":"SMITH"}],"circlet_count":0,"master_deck":["Strike_R","Strike_R","Strike_R","Strike_R","Strike_R","Defend_R","Defend_R","Defend_R","Defend_R","Bash","Perfected Strike","Iron Wave","Thunderclap","Spot Weakness+1","Uppercut","Pommel Strike","Pommel Strike","Heavy Blade+1","Demon Form+1","Cleave","Headbutt","Twin Strike","Perfected Strike+1","Feed","Doom and Gloom","Streamline","Buffer","Flame Barrier+1","Decay","Normality","Flex+1","Shrug It Off+1","Sword Boomerang+1","Perfected Strike+1","Conserve Battery"],"relics":["Burning Blood","PreservedInsect","downfall:ExtraCursedKey","Juzu Bracelet","Mercury Hourglass","Bag of Preparation","aspiration:ChemicalBlood","theSenshi:SpiralHeartMoonRodRelic","Nloth\u0027s Gift","Runesmith:Nanobots","Red Skull","Akabeko","Vajra","Regal Pillow","theSenshi:SuperSailorFukuRelic","MutagenicStrength","aspiration:DefectSkillbook","Dream Catcher","Bottled Tornado","Smiling Mask"],"acts_visited":["Exordium","TheCity","TheBeyond"],"potions_floor_usage":[12,16,16,22,24,33,33,33,34,39,40,44,44,44,45,46,50,50,50],"damage_taken":[{"damage":1,"enemies":"Cultist","floor":1,"turns":3},{"damage":12,"enemies":"Jaw Worm","floor":5,"turns":3},{"damage":35,"enemies":"Lagavulin","floor":7,"turns":4},{"damage":0,"enemies":"Small Slimes","floor":8,"turns":2},{"damage":0,"enemies":"Gremlin Nob","floor":11,"turns":2},{"damage":20,"enemies":"Gremlin Gang","floor":12,"turns":3},{"damage":5,"enemies":"3 Sentries","floor":14,"turns":3},{"damage":50,"enemies":"The Guardian","floor":16,"turns":7},{"damage":0,"enemies":"Chosen","floor":18,"turns":3},{"damage":12,"enemies":"3 Byrds","floor":22,"turns":3},{"damage":32,"enemies":"Book of Stabbing","floor":24,"turns":4},{"damage":0,"enemies":"Gremlin Leader","floor":29,"turns":3},{"damage":62,"enemies":"Automaton","floor":33,"turns":7},{"damage":0,"enemies":"3 Darklings","floor":35,"turns":1},{"damage":12,"enemies":"3 Shapes","floor":36,"turns":3},{"damage":22,"enemies":"Writhing Mass","floor":39,"turns":3},{"damage":0,"enemies":"Giant Head","floor":40,"turns":5},{"damage":0,"enemies":"Sphere and 2 Shapes","floor":42,"turns":1},{"damage":24,"enemies":"Reptomancer","floor":44,"turns":4},{"damage":6,"enemies":"Spire Growth","floor":45,"turns":3},{"damage":14,"enemies":"Maw","floor":46,"turns":6},{"damage":0,"enemies":"Transient","floor":48,"turns":5},{"damage":62,"enemies":"Time Eater","floor":50,"turns":5}],"seed_played":"-4092111488050059636","potions_obtained":[{"floor":1,"key":"ColorlessPotion"},{"floor":7,"key":"CultistPotion"},{"floor":11,"key":"Regen Potion"},{"floor":16,"key":"SpeedPotion"},{"floor":22,"key":"Ancient Potion"},{"floor":33,"key":"Energy Potion"},{"floor":36,"key":"PowerPotion"},{"floor":42,"key":"EntropicBrew"},{"floor":45,"key":"PowerPotion"}],"is_trial":false,"path_per_floor":["M","?","?","$","M","R","E","M","T","?","E","M","R","E","R","B",null,"M","?","?","?","M","R","E","R","T","?","$","E","?","?","R","B",null,"M","M","?","?","M","E","R","M","T","E","M","M","R","M","R","B",null],"character_chosen":"IRONCLAD","items_purchased":["Juzu Bracelet","Vajra","Regal Pillow"],"campfire_rested":4,"item_purchase_floors":[4,28,28],"current_hp_per_floor":[80,80,69,69,63,80,51,57,57,57,63,49,73,74,74,44,80,80,65,65,74,74,74,50,75,75,75,75,83,83,83,83,29,90,90,88,88,90,76,84,84,90,90,72,74,68,90,90,90,36],"gold":266,"neow_bonus":"RANDOM_COMMON_RELIC","is_daily":false,"chose_seed":false,"campfire_upgraded":5,"win_rate":0.0,"timestamp":1614293198,"path_taken":["M","?","?","$","M","R","E","M","T","?","E","M","R","E","R","BOSS","M","?","?","?","M","R","E","R","T","?","$","E","?","?","R","BOSS","M","M","?","?","M","E","R","M","T","E","M","M","R","M","R","BOSS"],"items_purchased_type":["Relic","Relic","Relic"],"build_version":"2020-12-22","purchased_purges":0,"victory":true,"max_hp_per_floor":[80,80,80,80,80,80,80,80,80,80,80,80,80,80,80,80,80,80,85,85,85,85,85,85,85,85,85,85,85,85,85,85,85,90,90,90,90,90,90,90,90,90,90,90,90,90,90,90,90,90],"card_choices":[{"not_picked":["Burning Pact","Dual Wield"],"picked":"Perfected Strike","floor":1},{"not_picked":["Whirlwind","Body Slam"],"picked":"Iron Wave","floor":5},{"not_picked":["Headbutt","Evolve"],"picked":"Thunderclap","floor":7},{"not_picked":["Bloodletting","True Grit"],"picked":"Spot Weakness","floor":8},{"not_picked":["Body Slam","Reckless Charge"],"picked":"Pommel Strike","floor":11},{"not_picked":["Battle Trance","Rage"],"picked":"Pommel Strike","floor":12},{"not_picked":["Combust","Shrug It Off"],"picked":"Heavy Blade","floor":14},{"not_picked":["Double Tap","Corruption"],"picked":"Demon Form","floor":16},{"not_picked":["Sword Boomerang","Feel No Pain"],"picked":"Cleave","floor":18},{"not_picked":["Cleave+1","Anger"],"picked":"Headbutt","floor":22},{"not_picked":["Feed","Wild Strike"],"picked":"Twin Strike","floor":24},{"not_picked":["Battle Trance","Entrench"],"picked":"Perfected Strike","floor":29},{"not_picked":["Berserk","Corruption"],"picked":"Feed","floor":33},{"not_picked":["Gash+1","Carnage","Lockon"],"picked":"Doom and Gloom","floor":35},{"not_picked":["Tempest","Consume+1","Sweeping Beam+1"],"picked":"Pummel","floor":36},{"not_picked":["Lockon+1","aspiration:Polymerization","Undo"],"picked":"Streamline","floor":39},{"not_picked":["Hello World","Darkness+1","Steam+1"],"picked":"Buffer","floor":40},{"not_picked":["Self Repair","Intimidate","Ball Lightning+1"],"picked":"Flame Barrier+1","floor":42},{"not_picked":["Beam Cell","Second Wind","Feed"],"picked":"Flex","floor":44},{"not_picked":["Warcry","Cold Snap+1","Stack+1"],"picked":"Shrug It Off+1","floor":45},{"not_picked":["Warcry","Twin Strike","Iron Wave+1"],"picked":"Sword Boomerang+1","floor":46},{"not_picked":["Recycle","Armaments","Compile Driver"],"picked":"Perfected Strike+1","floor":47},{"not_picked":["Redo","Perfected Strike","Darkness+1"],"picked":"Conserve Battery","floor":48}],"player_experience":2143498,"relics_obtained":[{"floor":7,"key":"Mercury Hourglass"},{"floor":9,"key":"Bag of Preparation"},{"floor":11,"key":"aspiration:ChemicalBlood"},{"floor":14,"key":"theSenshi:SpiralHeartMoonRodRelic"},{"floor":24,"key":"Runesmith:Nanobots"},{"floor":26,"key":"Red Skull"},{"floor":29,"key":"theSenshi:SuperSailorFukuRelic"},{"floor":40,"key":"Dream Catcher"},{"floor":43,"key":"Bottled Tornado"},{"floor":44,"key":"Smiling Mask"}],"event_choices":[{"damage_healed":0,"gold_gain":75,"player_choice":"Gold","damage_taken":11,"max_hp_gain":0,"max_hp_loss":0,"event_name":"betterThird:BetterGoop","floor":3,"gold_loss":0},{"damage_healed":0,"gold_gain":0,"cards_transformed":["Decay"],"player_choice":"Transformed","damage_taken":0,"max_hp_gain":0,"max_hp_loss":0,"event_name":"Transmorgrifier","floor":10,"gold_loss":0,"cards_obtained":["Uppercut"]},{"damage_healed":0,"gold_gain":0,"player_choice":"Shed Blood","damage_taken":20,"max_hp_gain":5,"max_hp_loss":0,"event_name":"Forgotten Altar","floor":19,"gold_loss":0},{"damage_healed":0,"gold_gain":0,"player_choice":"Traded Relic","damage_taken":0,"relics_obtained":["Nloth\u0027s Gift"],"max_hp_gain":0,"max_hp_loss":0,"event_name":"N\u0027loth","floor":20,"relics_lost":["aspiration:RunicSpoon"],"gold_loss":0},{"damage_healed":0,"gold_gain":0,"player_choice":"Opened","damage_taken":0,"relics_obtained":["Akabeko"],"max_hp_gain":0,"max_hp_loss":0,"event_name":"The Mausoleum","floor":27,"gold_loss":0},{"damage_healed":0,"gold_gain":0,"player_choice":"Inject Mutagens","damage_taken":0,"relics_obtained":["MutagenicStrength"],"max_hp_gain":0,"max_hp_loss":0,"event_name":"Drug Dealer","floor":30,"gold_loss":0},{"cards_removed":["Decay"],"damage_healed":0,"gold_gain":0,"player_choice":"Gave Gold","damage_taken":0,"max_hp_gain":0,"max_hp_loss":0,"event_name":"Beggar","floor":31,"gold_loss":75},{"cards_removed":["TheCursedMod:Dregs","Injury"],"damage_healed":0,"gold_gain":0,"player_choice":"Removed Curses","damage_taken":0,"max_hp_gain":0,"max_hp_loss":0,"event_name":"Fountain of Cleansing","floor":37,"gold_loss":0},{"cards_removed":["Pummel"],"damage_healed":2,"gold_gain":0,"player_choice":"Offered Uncommon","damage_taken":0,"max_hp_gain":0,"max_hp_loss":0,"event_name":"Bonfire Elementals","floor":38,"gold_loss":0}],"is_beta":false,"boss_relics":[{"not_picked":["Runic Dome","Velvet Choker"],"picked":"aspiration:RunicSpoon"},{"not_picked":["Runesmith:UraniumAnvil","aspiration:FutureDiary"],"picked":"aspiration:DefectSkillbook"}],"items_purged_floors":[],"is_endless":false,"potions_floor_spawned":[1,7,11,12,16,22,29,36,42,44,45],"ascension_level":4}}