{"host":"xsuxkwaivmtd234a","time":1614295629,"event":{"mods":["BaseMod","Bestiary","Colored Map","Minty Spire (QoL Compilation)","Relic Stats","StSLib"],"gold_per_floor":[367,542,560,578,38,38,79,104,128,128,171,123,159,185,185,291,291,311,328,328,343,359,359,359],"floor_reached":23,"language":"ENG","playtime":1352,"items_purged":["Doubt"],"score":395,"play_id":"eb7523e1-7dd1-463a-907b-6fffdf4f1556","local_time":"20210225182709","is_ascension_mode":true,"campfire_choices":[{"data":"Apotheosis","floor":6,"key":"SMITH"},{"data":"Consume","floor":10,"key":"SMITH"},{"data":"Beam Cell","floor":15,"key":"SMITH"}],"circlet_count":0,"master_deck":["AscendersBane","Strike_B","Strike_B","Strike_B","Strike_B","Defend_B","Defend_B","Defend_B","Defend_B","Zap","Dualcast","Clumsy","Beam Cell+1","Sweeping Beam","Self Repair","Rip and Tear","Apotheosis+1","Consume+1","Chill","Ball Lightning","Sunder","Ball Lightning","Biased Cognition","Doom and Gloom"],"relics":["Cracked Core","OrangePellets","CeramicFish","Pen Nib","Orichalcum","StrikeDummy","Black Star"],"acts_visited":["Exordium","TheCity"],"potions_floor_usage":[8,16,23],"damage_taken":[{"damage":0,"enemies":"2 Louse","floor":1,"turns":2},{"damage":11,"enemies":"Jaw Worm","floor":3,"turns":6},{"damage":0,"enemies":"Cultist","floor":4,"turns":2},{"damage":8,"enemies":"Lagavulin","floor":7,"turns":5},{"damage":12,"enemies":"Lots of Slimes","floor":8,"turns":4},{"damage":16,"enemies":"3 Sentries","floor":11,"turns":9},{"damage":14,"enemies":"Lagavulin","floor":13,"turns":5},{"damage":11,"enemies":"Exordium Thugs","floor":14,"turns":2},{"damage":0,"enemies":"Slime Boss","floor":16,"turns":5},{"damage":6,"enemies":"Shell Parasite","floor":18,"turns":3},{"damage":30,"enemies":"3 Byrds","floor":19,"turns":7},{"damage":4,"enemies":"3 Cultists","floor":21,"turns":6},{"damage":6,"enemies":"Cultist and Chosen","floor":22,"turns":4},{"damage":64,"enemies":"Book of Stabbing","floor":23,"turns":5}],"seed_played":"410488325324090754","potions_obtained":[{"floor":1,"key":"Fruit Juice"},{"floor":7,"key":"ColorlessPotion"},{"floor":13,"key":"LiquidMemories"}],"is_trial":false,"path_per_floor":["M","?","M","M","$","R","E","M","T","R","E","?","E","M","R","B",null,"M","M","$","M","M","E"],"character_chosen":"DEFECT","items_purchased":["Self Repair","OrangePellets","Rip and Tear","Apotheosis"],"campfire_rested":0,"item_purchase_floors":[5,5,5,5],"current_hp_per_floor":[68,68,57,57,57,57,59,57,57,57,51,51,37,26,26,26,63,67,47,47,53,57,0,0],"gold":359,"neow_bonus":"TWO_FIFTY_GOLD","is_daily":false,"chose_seed":false,"campfire_upgraded":3,"win_rate":0.0,"timestamp":1614295629,"path_taken":["M","?","M","M","$","R","E","M","T","R","E","?","E","M","R","BOSS","M","M","$","M","M","E"],"items_purchased_type":["Card","Relic","Card","Card"],"build_version":"2020-12-22","purchased_purges":1,"victory":false,"max_hp_per_floor":[75,75,75,75,75,75,75,75,75,75,75,75,75,75,75,75,75,75,75,75,75,75,80,80],"relic_stats":{"OrangePellets":[3],"counters":[14,65],"CeramicFish":63,"Pen Nib":[5],"Black Star":0,"Orichalcum":[108],"obtain_stats":[{"OrangePellets":5,"CeramicFish":7,"Pen Nib":9,"Black Star":17,"Orichalcum":11,"Cracked Core":0,"StrikeDummy":13},{"OrangePellets":3,"CeramicFish":4,"Pen Nib":5,"Black Star":9,"Orichalcum":6,"Cracked Core":0,"StrikeDummy":7},{"OrangePellets":10,"CeramicFish":15,"Pen Nib":19,"Black Star":40,"Orichalcum":28,"Cracked Core":0,"StrikeDummy":33}]},"card_choices":[{"not_picked":["Chaos","Scrape"],"picked":"Beam Cell","floor":1},{"not_picked":["Scrape","Aggregate"],"picked":"Sweeping Beam","floor":3},{"not_picked":["Steam Power","Redo","Coolheaded"],"picked":"SKIP","floor":4},{"not_picked":["Conserve Battery","Turbo"],"picked":"Consume","floor":7},{"not_picked":["Reprogram","Lockon"],"picked":"Chill","floor":8},{"not_picked":["Reboot","Scrape"],"picked":"Ball Lightning","floor":11},{"not_picked":["Compile Driver","Storm"],"picked":"Sunder","floor":13},{"not_picked":["Blizzard","Streamline"],"picked":"Ball Lightning","floor":14},{"not_picked":["Amplify","Buffer"],"picked":"Biased Cognition","floor":16},{"not_picked":["Coolheaded","Beam Cell"],"picked":"Doom and Gloom","floor":18},{"not_picked":["Steam+1","Stack","Tempest"],"picked":"SKIP","floor":19},{"not_picked":["Melter","Rip and Tear","Hologram"],"picked":"SKIP","floor":21},{"not_picked":["Gash","Steam","BootSequence"],"picked":"SKIP","floor":22}],"player_experience":1382766,"relics_obtained":[{"floor":7,"key":"CeramicFish"},{"floor":9,"key":"Pen Nib"},{"floor":11,"key":"Orichalcum"},{"floor":13,"key":"StrikeDummy"}],"event_choices":[{"damage_healed":0,"gold_gain":175,"player_choice":"AGREE","damage_taken":0,"max_hp_gain":0,"max_hp_loss":0,"event_name":"Liars Game","floor":2,"gold_loss":0,"cards_obtained":["Doubt"]},{"damage_healed":0,"gold_gain":0,"player_choice":"Left Gold","damage_taken":0,"max_hp_gain":0,"max_hp_loss":0,"event_name":"World of Goop","floor":12,"gold_loss":48}],"is_beta":false,"boss_relics":[{"not_picked":["Cursed Key","Ectoplasm"],"picked":"Black Star"}],"items_purged_floors":[5],"is_endless":false,"potions_floor_spawned":[1,7,13],"killed_by":"Book of Stabbing","ascension_level":10}}