{"host":"f7915vm1ahl7kex1","time":1614293859,"event":{"mods":["BaseMod","Colored Map","Downfall","Minty Spire (QoL Compilation)","Quick Restart","Spire Arcade","StSLib"],"gold_per_floor":[99,99,99,99,99,99,175,75,75,86,114,114,114,214,224,321,321,321,333,333,333,352,379,406,506,539,439,439,116,129,161,172,286,286,186,200,309,334,117,126,195,214,234,234,260,260,291,319,337,337,337,381,247,256,256,256],"floor_reached":57,"language":"ENG","playtime":4297,"items_purged":["sneckomod:Strike"],"score":1415,"play_id":"194e7317-a8eb-4c3b-8b7d-a978a4730313","local_time":"20210225165739","is_ascension_mode":true,"campfire_choices":[{"floor":1.0,"key":"RECALL"},{"data":"sneckomod:QuickBite","floor":6.0,"key":"SMITH"},{"data":"Slimebound:PrepareCrush","floor":13.0,"key":"SMITH"},{"data":"sneckomod:UnknownRareAttack","floor":18.0,"key":"SMITH"},{"data":"sneckomod:UnknownRareAttack","floor":35.0,"key":"SMITH"}],"circlet_count":0,"master_deck":["sneckomod:Strike","sneckomod:Defend","sneckomod:Defend","sneckomod:TailWhip","sneckomod:SnekBite","sneckomod:Unknown","sneckomod:QuickBite+1","Slimebound:PrepareCrush+1","sneckomod:RainOfDice","CutThroughFate+1","sneckomod:Mudshield","sneckomod:UnknownBlock","Ragnarok+1","sneckomod:UnknownColorless+1","sneckomod:SnakeSap","sneckomod:UnknownRareAttack+1","sneckomod:SnakeSap+1","sneckomod:SoulRoll+1","Metamorphosis+1","sneckomod:SoulRoll+1","sneckomod:UnknownClassPURPLE","sneckomod:UnknownClassSLIMEBOUND","bronze:ItsAFeature"],"relics":["sneckomod:SneckoSoul","downfall:HeartsMalice","Ornamental Fan","downfall:HeartBlessingRed","sneckomod:ConfusingCodex","downfall:ShatteredFragment","bronze:MakeshiftBattery","Blood Vial","Nunchaku","Bottled Lightning","downfall:HeartBlessingGreen","bronze:DonusWashers","Vajra","CeramicFish","Black Star","downfall:HeartBlessingBlue","Potion Belt","Anchor","FossilizedHelix","White Beast Statue","bronze:BronzeIdol","Pen Nib","Dead Branch","Shuriken","sneckomod:LoadedDie","Bronze Scales","Thread and Needle"],"acts_visited":["Exordium","TheCity","TheBeyond","TheEnding"],"potions_floor_usage":[55,55,55],"damage_taken":[{"damage":0.0,"enemies":"2 Louse","floor":2.0,"turns":1.0},{"damage":0.0,"enemies":"Jaw Worm","floor":3.0,"turns":1.0},{"damage":0.0,"enemies":"Small Slimes","floor":5.0,"turns":1.0},{"damage":8.0,"enemies":"2 Fungi Beasts","floor":10.0,"turns":3.0},{"damage":22.0,"enemies":"3 Sentries","floor":11.0,"turns":6.0},{"damage":14.0,"enemies":"downfall:Heads","floor":14.0,"turns":5.0},{"damage":0.0,"enemies":"Gremlin Gang","floor":15.0,"turns":2.0},{"damage":13.0,"enemies":"SI_SHIV_ARCHETYPE","floor":16.0,"turns":5.0},{"damage":11.0,"enemies":"downfall:LooterAlt2","floor":19.0,"turns":3.0},{"damage":0.0,"enemies":"Chosen","floor":22.0,"turns":3.0},{"damage":12.0,"enemies":"Book of Stabbing","floor":23.0,"turns":2.0},{"damage":28.0,"enemies":"Slavers","floor":26.0,"turns":3.0},{"damage":0.0,"enemies":"downfall:FleeingMerchant","floor":29.0,"turns":4.0},{"damage":0.0,"enemies":"Snecko","floor":30.0,"turns":2.0},{"damage":1.0,"enemies":"Book of Stabbing","floor":31.0,"turns":2.0},{"damage":2.0,"enemies":"Centurion and Healer","floor":32.0,"turns":2.0},{"damage":22.0,"enemies":"DF_ARCHETYPE_CLAW","floor":33.0,"turns":4.0},{"damage":11.0,"enemies":"3 Darklings","floor":36.0,"turns":3.0},{"damage":0.0,"enemies":"downfall:LadyInBlue","floor":37.0,"turns":5.0},{"damage":0.0,"enemies":"Orb Walker","floor":38.0,"turns":1.0},{"damage":0.0,"enemies":"downfall:FleeingMerchant","floor":39.0,"turns":2.0},{"damage":0.0,"enemies":"Writhing Mass","floor":42.0,"turns":3.0},{"damage":0.0,"enemies":"Spire Growth","floor":43.0,"turns":2.0},{"damage":12.0,"enemies":"Nemesis","floor":45.0,"turns":5.0},{"damage":0.0,"enemies":"Reptomancer","floor":47.0,"turns":2.0},{"damage":0.0,"enemies":"Transient","floor":48.0,"turns":5.0},{"damage":0.0,"enemies":"3 Darklings","floor":49.0,"turns":2.0},{"damage":28.0,"enemies":"IC_BLOCK_ARCHETYPE","floor":50.0,"turns":4.0},{"damage":0.0,"enemies":"downfall:CharBossMerchant","floor":52.0,"turns":2.0},{"damage":12,"enemies":"downfall:NeowBoss","floor":55,"turns":8},{"damage":27,"enemies":"downfall:NeowBossFinal","floor":56,"turns":4}],"seed_played":"-6129500744648928480","potions_obtained":[{"floor":11.0,"key":"GamblersBrew"},{"floor":14.0,"key":"ColorlessPotion"},{"floor":15.0,"key":"sneckomod:CheatPotion"},{"floor":19.0,"key":"SmokeBomb"},{"floor":26.0,"key":"Strength Potion"},{"floor":30.0,"key":"sneckomod:OffclassReductionPotion"},{"floor":32.0,"key":"Strength Potion"},{"floor":37.0,"key":"ColorlessPotion"},{"floor":37.0,"key":"Block Potion"},{"floor":37.0,"key":"SpeedPotion"},{"floor":37.0,"key":"SteroidPotion"},{"floor":38.0,"key":"Slimebound:ThreeZeroPotion"},{"floor":45.0,"key":"SmokeBomb"}],"is_trial":false,"path_per_floor":["R","M","M","?","M","R","T","R","?","M","E","?","R","?","M","B",null,"R","M","?","?","M","E","T","?","E","R","T","$","M","E","M","B",null,"R","M","?","M","$","R","T","M","M","?","E","?","E","M","M","B",null,"E","$","R","B","B",null],"character_chosen":"THE_SNECKO","items_purchased":["bronze:DonusWashers","Vajra","Anchor","FossilizedHelix","Guardian:BlockOnCardUsePotion","sneckomod:UnknownUncommonPower"],"campfire_rested":0,"item_purchase_floors":[29,29,39,39,53,53],"current_hp_per_floor":[90,90,90,95,95,95,95,95,95,87,65,44,44,30,30,17,95,95,84,84,84,88,76,76,76,50,50,50,52,54,55,55,35,99,109,98,100,102,104,104,104,106,108,108,97,97,99,101,103,83,109,109,109,109,97,72],"gold":256,"neow_bonus":"THREE_ENEMY_KILL","is_daily":false,"chose_seed":false,"campfire_upgraded":4,"win_rate":0.0,"timestamp":1614293859,"path_taken":["R","M","M","?","M","R","T","R","?","M","E","?","R","?","M","BOSS","R","M","?","?","?","E","T","?","E","R","?","$","M","E","M","BOSS","R","M","?","M","$","R","T","?","M","?","E","?","E","M","M","BOSS","E","$","R","BOSS","BOSS"],"items_purchased_type":["Relic","Relic","Relic","Relic","Potion","Card"],"build_version":"2020-12-22","purchased_purges":1,"victory":true,"max_hp_per_floor":[90,90,90,95,95,95,95,95,95,95,95,95,95,95,95,95,95,95,95,95,95,99,99,99,99,99,99,99,99,99,99,99,99,99,109,109,109,109,109,109,109,109,109,109,109,109,109,109,109,109,109,109,109,109,109,109],"card_choices":[{"not_picked":["sneckomod:IronFang","sneckomod:ImprovisedAttack"],"picked":"sneckomod:UnknownCommonAttack","floor":2.0},{"not_picked":["sneckomod:MasterEye","sneckomod:Nope","sneckomod:DefensiveFlair"],"picked":"SKIP","floor":3.0},{"not_picked":["sneckomod:UnknownDraw","sneckomod:Nope"],"picked":"sneckomod:QuickBite","floor":5.0},{"not_picked":["sneckomod:Unknown2Cost","sneckomod:DiceBlock"],"picked":"sneckomod:Memorize","floor":10.0},{"not_picked":["sneckomod:CheapStock","sneckomod:IronFang","sneckomod:UnknownExhaust"],"picked":"SKIP","floor":11.0},{"not_picked":["sneckomod:DiceBlock","sneckomod:UnknownBlock"],"picked":"sneckomod:RainOfDice","floor":15.0},{"not_picked":["sneckomod:UnknownBoss","sneckomod:DangerNoodle"],"picked":"sneckomod:Mudshield","floor":16.0},{"not_picked":["sneckomod:UnknownClassTHE_BRONZE_AUTOMATON","sneckomod:PureSnecko"],"picked":"sneckomod:UnknownColorless+1","floor":19.0},{"not_picked":["sneckomod:QuickMove","sneckomod:DiceBlock","sneckomod:UnknownBlock"],"picked":"SKIP","floor":22.0},{"not_picked":["sneckomod:UnknownCommonSkill+1","sneckomod:SoulExchange","sneckomod:UnknownUncommonPower"],"picked":"SKIP","floor":23.0},{"not_picked":["sneckomod:UnknownDraw","sneckomod:Nope"],"picked":"sneckomod:UnknownBlock","floor":26.0},{"not_picked":["sneckomod:UnknownCommonAttack","sneckomod:UnknownBlock+1"],"picked":"sneckomod:UnknownColorless+1","floor":29.0},{"not_picked":["sneckomod:Unknown1Cost+1","sneckomod:UnknownClassSLIMEBOUND"],"picked":"sneckomod:SnakeSap","floor":30.0},{"not_picked":["sneckomod:Nope","sneckomod:RainOfDice","sneckomod:DiceBoulder"],"picked":"SKIP","floor":31.0},{"not_picked":["sneckomod:UnknownStrike","sneckomod:DiceBlock","sneckomod:UnknownCommonSkill"],"picked":"SKIP","floor":32.0},{"not_picked":["sneckomod:UnknownRareSkill","sneckomod:Cheat"],"picked":"sneckomod:UnknownRareAttack","floor":33.0},{"not_picked":["sneckomod:UnknownCommonAttack","sneckomod:ImprovisedAttack+1","sneckomod:UnknownClassPURPLE"],"picked":"SKIP","floor":36.0},{"not_picked":["sneckomod:Rotation+1","sneckomod:Unknown1Cost+1"],"picked":"sneckomod:SnakeSap+1","floor":37.0},{"not_picked":["sneckomod:UnknownExhaust+1","sneckomod:UnknownBlock"],"picked":"sneckomod:SoulRoll+1","floor":38.0},{"not_picked":["sneckomod:Unknown2Cost+1","sneckomod:UnknownExhaust+1","sneckomod:DiceBlock+1"],"picked":"SKIP","floor":39.0},{"not_picked":["sneckomod:DiceCrush","sneckomod:Unknown1Cost","sneckomod:WideSting"],"picked":"SKIP","floor":42.0},{"not_picked":["sneckomod:UnknownUncommonSkill+1","sneckomod:UnknownClassSLIMEBOUND"],"picked":"sneckomod:SoulRoll+1","floor":43.0},{"not_picked":["sneckomod:UnknownCommonAttack","sneckomod:QuickMove","sneckomod:UnknownUncommonSkill+1"],"picked":"SKIP","floor":45.0},{"not_picked":["sneckomod:SoulCleanse+1","sneckomod:DiceBlock+1","sneckomod:UnknownCommonSkill"],"picked":"SKIP","floor":47.0},{"not_picked":["sneckomod:Unknown1Cost","sneckomod:Cheat"],"picked":"sneckomod:UnknownClassPURPLE","floor":48.0},{"not_picked":["sneckomod:UnknownStrike","sneckomod:UnknownUncommonSkill+1","sneckomod:UnknownCommonSkill+1"],"picked":"SKIP","floor":49.0},{"not_picked":["sneckomod:IronFang","sneckomod:DefensiveFlair+1"],"picked":"sneckomod:UnknownClassSLIMEBOUND","floor":52.0}],"player_experience":1248754,"relics_obtained":[{"floor":7.0,"key":"Ornamental Fan"},{"floor":11.0,"key":"sneckomod:ConfusingCodex"},{"floor":23.0,"key":"Blood Vial"},{"floor":24.0,"key":"Nunchaku"},{"floor":26.0,"key":"Bottled Lightning"},{"floor":31.0,"key":"CeramicFish"},{"floor":37.0,"key":"Potion Belt"},{"floor":41.0,"key":"White Beast Statue"},{"floor":45.0,"key":"bronze:BronzeIdol"},{"floor":45.0,"key":"Pen Nib"},{"floor":47.0,"key":"Shuriken"},{"floor":47.0,"key":"sneckomod:LoadedDie"},{"floor":52.0,"key":"Bronze Scales"},{"floor":52.0,"key":"Thread and Needle"}],"event_choices":[{"damage_healed":0.0,"max_hp_gain":5.0,"max_hp_loss":0.0,"gold_gain":0.0,"event_name":"Big Fish","player_choice":"Donut","floor":4.0,"gold_loss":0.0,"damage_taken":0.0},{"damage_healed":0.0,"max_hp_gain":0.0,"max_hp_loss":0.0,"gold_gain":0.0,"event_name":"Ghosts","player_choice":"Ignored","floor":20.0,"gold_loss":0.0,"damage_taken":0.0}],"is_beta":false,"boss_relics":[{"not_picked":["Velvet Choker","Coffee Dripper"],"picked":"bronze:MakeshiftBattery"},{"not_picked":["Astrolabe","Snecko Eye"],"picked":"Black Star"}],"items_purged_floors":[39],"is_endless":false,"potions_floor_spawned":[11,14,15,19,26,30,32,33,37,38,42,43,45,47,48,49,52],"ascension_level":1}}