{"host":"igj4vwc42ivwqexo","time":1614269508,"event":{"mods":["BaseMod","Better Third Choice","Koishi","Marisa????????","Minty Spire (QoL Compilation)","Potionbrewer","Shop Mod","StSLib","The Disciple","The Hierophant","The Sage","The Servant 0.9.4"],"gold_per_floor":[118,132,132,142,32,32,46,46,46,65,95,110,110,127,127,223,273,293,304,319,319,319,319,319],"floor_reached":23,"language":"ENG","playtime":1656,"items_purged":[],"score":215,"play_id":"e955a2c1-cc26-4579-bc78-1e4e60a69d0b","local_time":"20210225171148","is_ascension_mode":true,"campfire_choices":[{"data":"Inflame","floor":6,"key":"SMITH"},{"data":"Inflame","floor":8,"key":"SMITH"},{"data":"Heavy Blade","floor":13,"key":"SMITH"},{"data":"Bash","floor":15,"key":"SMITH"}],"circlet_count":0,"master_deck":["Strike_R+1","Strike_R","Strike_R+1","Strike_R","Defend_R","Defend_R","Bash+1","Power Through","Dark Embrace","Inflame+1","Pummel","Inflame+1","Reaper","Shrug It Off","Bloodletting","Heavy Blade+1","Immolate","Demon Form","Armaments","Metallicize","Metallicize"],"relics":["Burning Blood","Paper Frog","Tiny House"],"acts_visited":["Exordium","TheCity"],"potions_floor_usage":[7,7,10,16,16,18,23,23],"damage_taken":[{"damage":1,"enemies":"Cultist","floor":1,"turns":3},{"damage":2,"enemies":"Jaw Worm","floor":2,"turns":5},{"damage":0,"enemies":"2 Louse","floor":4,"turns":3},{"damage":7,"enemies":"Blue Slaver","floor":7,"turns":3},{"damage":4,"enemies":"Red Slaver","floor":10,"turns":3},{"damage":25,"enemies":"Lagavulin","floor":11,"turns":6},{"damage":4,"enemies":"Lots of Slimes","floor":12,"turns":3},{"damage":0,"enemies":"2 Fungi Beasts","floor":14,"turns":3},{"damage":23,"enemies":"Hexaghost","floor":16,"turns":5},{"damage":37,"enemies":"2 Thieves","floor":18,"turns":4},{"damage":10,"enemies":"Chosen","floor":19,"turns":3},{"damage":41,"enemies":"3 Cultists","floor":20,"turns":5},{"damage":36,"enemies":"Slavers","floor":23,"turns":3}],"seed_played":"3979980606356943968","potions_obtained":[{"floor":4,"key":"potionbrewer:SplittingPotion"},{"floor":10,"key":"potionbrewer:ToxicPotion"},{"floor":11,"key":"potionbrewer:HastePotion"},{"floor":12,"key":"sagemod:Wine"},{"floor":17,"key":"SkillPotion"},{"floor":19,"key":"Ancient Potion"},{"floor":20,"key":"potionbrewer:DiscountPotion"}],"is_trial":false,"path_per_floor":["M","M","?","M","$","R","M","R","T","M","E","M","R","M","R","B",null,"M","M","M","?","?","E"],"character_chosen":"IRONCLAD","items_purchased":["Pummel","Inflame"],"campfire_rested":0,"item_purchase_floors":[5,5],"current_hp_per_floor":[61,65,65,71,71,71,70,70,70,80,70,80,80,80,80,80,85,57,60,52,52,36,0,0],"gold":319,"neow_bonus":"REMOVE_TWO","is_daily":false,"chose_seed":false,"campfire_upgraded":4,"win_rate":0.0,"timestamp":1614269508,"path_taken":["M","M","?","M","?","R","M","R","T","?","E","M","R","M","R","BOSS","M","M","M","?","?","E"],"items_purchased_type":["Card","Card"],"build_version":"2020-12-22","purchased_purges":0,"victory":false,"max_hp_per_floor":[80,80,80,80,80,80,80,80,80,80,80,80,80,80,80,80,85,85,85,85,85,90,90,90],"card_choices":[{"not_picked":["Cleave","Blood for Blood"],"picked":"Power Through","floor":1},{"not_picked":["Clothesline","Heavy Blade"],"picked":"Dark Embrace","floor":2},{"not_picked":["Sever Soul","Dark Embrace"],"picked":"Inflame","floor":4},{"not_picked":["Dual Wield","Uppercut"],"picked":"Reaper","floor":7},{"not_picked":["Warcry","Body Slam"],"picked":"Shrug It Off","floor":10},{"not_picked":["Flex","Blood for Blood"],"picked":"Bloodletting","floor":11},{"not_picked":["Dropkick","Perfected Strike"],"picked":"Heavy Blade","floor":12},{"not_picked":["Blood for Blood","Dropkick"],"picked":"Immolate","floor":14},{"not_picked":["Brutality","Juggernaut"],"picked":"Demon Form","floor":16},{"not_picked":["Carnage","Thunderclap"],"picked":"Armaments","floor":17},{"not_picked":["Cleave","Clothesline"],"picked":"Metallicize","floor":18},{"not_picked":["Sword Boomerang","Cleave","Armaments"],"picked":"SKIP","floor":19},{"not_picked":["Perfected Strike+1","Thunderclap"],"picked":"Metallicize","floor":20}],"player_experience":433841,"relics_obtained":[{"floor":11,"key":"Paper Frog"}],"event_choices":[{"cards_removed":["Defend_R"],"damage_healed":0,"gold_gain":0,"player_choice":"Offered Basic","damage_taken":0,"max_hp_gain":0,"max_hp_loss":0,"event_name":"Bonfire Elementals","floor":3,"gold_loss":0},{"damage_healed":0,"gold_gain":0,"player_choice":"Ignored","damage_taken":0,"max_hp_gain":0,"max_hp_loss":0,"event_name":"Beggar","floor":21,"gold_loss":0},{"damage_healed":0,"gold_gain":0,"player_choice":"Shed Blood","damage_taken":21,"max_hp_gain":5,"max_hp_loss":0,"event_name":"Forgotten Altar","floor":22,"gold_loss":0}],"is_beta":false,"boss_relics":[{"not_picked":["Velvet Choker","Empty Cage"],"picked":"Tiny House"}],"items_purged_floors":[],"is_endless":false,"potions_floor_spawned":[4,10,11,12,19,20],"killed_by":"Slavers","ascension_level":2}}