{"host":"5dk97cf2ubw2v967","time":1614258302,"event":{"mods":["AlwaysNeverKeys","BaseMod","Better Altar","Better Vampires","Block Reminder","Card Filter","Colored Powertips","Downfall","Googly Eyes","Highlight Path","Minty Spire (QoL Compilation)","Permanent Neow","Potion Indicator Mod","Quick Restart","Relic Filter","Relic Stats","Say the Spire","Spicy Shops","StSLib","Waifu the Spire","everything is the same but u backflip on backflip"],"gold_per_floor":[135,135,170,209,209,209,209],"floor_reached":6,"language":"ENG","playtime":185,"items_purged":[],"score":72,"play_id":"ce3293cb-08d2-41f8-b470-0febcd2312a4","local_time":"20210225130502","is_ascension_mode":true,"campfire_choices":[],"circlet_count":0,"master_deck":["AscendersBane","Strike_G","Strike_G","Strike_G","Strike_G","Strike_G","Defend_G","Defend_G","Defend_G","Defend_G","Defend_G","Survivor","Neutralize","HandOfGreed","Well Laid Plans","downfall:Haunted","downfall:Haunted","Writhe","Night Terror","Backstab","Dagger Spray"],"relics":["Ring of the Snake","Darkstone Periapt","Regal Pillow"],"acts_visited":["Exordium"],"potions_floor_usage":[6],"damage_taken":[{"damage":5,"enemies":"Small Slimes","floor":1,"turns":5},{"damage":16,"enemies":"Jaw Worm","floor":3,"turns":4},{"damage":0,"enemies":"Cultist","floor":4,"turns":2},{"damage":26,"enemies":"Gremlin Nob","floor":6,"turns":4}],"seed_played":"5362553850575041792","potions_obtained":[{"floor":3,"key":"PowerPotion"}],"is_trial":false,"path_per_floor":["M","?","M","M","?","E"],"character_chosen":"THE_SILENT","items_purchased":[],"campfire_rested":0,"item_purchase_floors":[],"current_hp_per_floor":[39,57,41,41,30,4,4],"gold":209,"neow_bonus":"RANDOM_COLORLESS_2","is_daily":false,"chose_seed":false,"campfire_upgraded":0,"win_rate":0.0,"timestamp":1614258302,"path_taken":["M","?","M","M","?","E"],"items_purchased_type":[],"build_version":"2020-12-22","purchased_purges":0,"victory":false,"max_hp_per_floor":[66,84,84,84,84,84,84],"relic_stats":{"Darkstone Periapt":18,"Regal Pillow":0,"counters":[4,15],"obtain_stats":[{"Darkstone Periapt":2,"Regal Pillow":5,"Ring of the Snake":0},{"Darkstone Periapt":1,"Regal Pillow":3,"Ring of the Snake":0},{"Darkstone Periapt":5,"Regal Pillow":11,"Ring of the Snake":0}],"Ring of the Snake":[8]},"card_choices":[{"not_picked":["The Bomb","Magnetism"],"picked":"HandOfGreed","floor":0},{"not_picked":["Deadly Poison","Flying Knee"],"picked":"Well Laid Plans","floor":1},{"not_picked":["Dagger Spray","Dodge and Roll"],"picked":"Backstab","floor":3},{"not_picked":["Outmaneuver","Sucker Punch"],"picked":"Dagger Spray","floor":4}],"player_experience":1354201,"relics_obtained":[],"event_choices":[{"damage_healed":0,"gold_gain":0,"player_choice":"Success","damage_taken":11,"relics_obtained":["Regal Pillow"],"max_hp_gain":0,"max_hp_loss":0,"event_name":"Scrap Ooze","floor":5,"gold_loss":0}],"is_beta":false,"boss_relics":[],"items_purged_floors":[],"is_endless":false,"potions_floor_spawned":[3],"killed_by":"Gremlin Nob","ascension_level":20}}