{"host":"j4js999tahsli5mc","time":1614221697,"event":{"mods":["AchievementEnabler","Act Like it!","Aspiration","BaseMod","Better Note","Better Silent Start","Downfall","Energized Spire","GifTheSpireLib","Hermit","Hubris","Library of Ruina","Library of Ruina Extra","Lobotomy","LobotomyExtend","Minty Spire (QoL Compilation)","Rare Cards Sparkle","Reliquary","Replay The Spire","StSLib","The Blue Laboratory"],"gold_per_floor":[113,41,52,17,30,62,62,62,87,87,87,105,13,23,23,127,127,145,157,157,167,167,167,184,184,238,238,238,253,56,66,66,164,164,181,181,38,38,55,87,87,87,87,87,1,19,69,85,85,85,85,85,37,62,62],"floor_reached":56,"language":"ENG","playtime":3610,"items_purged":[],"score":1175,"play_id":"002a15c6-d148-4001-9b02-e2406864b2ff","local_time":"20210224215457","is_ascension_mode":false,"campfire_choices":[{"floor":8.0,"key":"RECALL"},{"floor":10.0,"key":"REST"},{"floor":15.0,"key":"REST"},{"floor":23.0,"key":"REST"},{"data":"BattleCommand","floor":27.0,"key":"SMITH"},{"data":"Poisoned Strike","floor":32.0,"key":"SMITH"},{"floor":41.0,"key":"REST"},{"floor":49.0,"key":"REST"}],"circlet_count":0,"master_deck":["Dodge","LightDefense","LightAttack","LightAttack","LightAttack","LightDefense","LightDefense","LightDefense","ChargeAndCover","FocusedStrikes+1","Diversion","LawAndOrder","Diversion","QuickSuppression+1","Reload","Parry2","Flash of Steel","BackAttack","CleanUp+1","SweepTheBackstreets","Slice_lor+1","TendonChords+1","QuickSuppression+1","BattleCommand+1","TheArtOfRapidSteps","Poisoned Strike+1","SpearedSweep","UnforgettableMelody","EnergyShield","Wallop_lor+1","Unlock1+1","EnergyCycle+1","SharpNails","SparkingSpear+1","GrazeTheGrass","Parry2","Rewind+1"],"relics":["PageOfLibrarian","LetterFromLob","reliquary:Knoch","LaetitiaHeart","Strawberry","Replay:Grab Bag","reliquary:Craggleroot","Fusion Hammer","reliquary:ThirdArm","PageOfTodaysShyLook","PageOfLittleHelper","aspiration:ArtOfWarUpgrade","Eternal Feather","Replay:Kaleidoscope","reliquary:Stiletto"],"acts_visited":["Exordium","TheCity","TheBeyond","TheEnding"],"potions_floor_usage":[55],"damage_taken":[{"damage":0.0,"enemies":"2 Louse","floor":1.0,"turns":3.0},{"damage":0.0,"enemies":"Jaw Worm","floor":3.0,"turns":2.0},{"damage":0.0,"enemies":"Small Slimes","floor":5.0,"turns":2.0},{"damage":7.0,"enemies":"Gremlin Nob","floor":6.0,"turns":4.0},{"damage":8.0,"enemies":"Red Slaver","floor":12.0,"turns":2.0},{"damage":0.0,"enemies":"3 Louse","floor":14.0,"turns":2.0},{"damage":4.0,"enemies":"The Guardian","floor":16.0,"turns":8.0},{"damage":5.0,"enemies":"2 Thieves","floor":18.0,"turns":3.0},{"damage":0.0,"enemies":"Spheric Guardian","floor":19.0,"turns":3.0},{"damage":2.0,"enemies":"Snecko","floor":21.0,"turns":4.0},{"damage":3.0,"enemies":"Centurion and Healer","floor":24.0,"turns":5.0},{"damage":4.0,"enemies":"Cultist and Chosen","floor":29.0,"turns":4.0},{"damage":1.0,"enemies":"Shelled Parasite and Fungi","floor":31.0,"turns":3.0},{"damage":11.0,"enemies":"Champ","floor":33.0,"turns":6.0},{"damage":23.0,"enemies":"3 Darklings","floor":35.0,"turns":5.0},{"damage":7.0,"enemies":"Orb Walker","floor":39.0,"turns":2.0},{"damage":23.0,"enemies":"Reptomancer","floor":40.0,"turns":4.0},{"damage":12.0,"enemies":"Spire Growth","floor":46.0,"turns":4.0},{"damage":0.0,"enemies":"Mind Bloom Boss Battle","floor":47.0,"turns":4.0},{"damage":43.0,"enemies":"Sphere and 2 Shapes","floor":48.0,"turns":4.0},{"damage":21.0,"enemies":"hubris:GrandSnecko","floor":50.0,"turns":6.0},{"damage":68,"enemies":"Shield and Spear","floor":54,"turns":6},{"damage":36,"enemies":"The Heart","floor":55,"turns":9}],"seed_played":"8129768666231170458","potions_obtained":[{"floor":3.0,"key":"PowerPotion"},{"floor":5.0,"key":"blueLaboratory:LouseDecoction"},{"floor":14.0,"key":"blueLaboratory:SavagePotion"},{"floor":19.0,"key":"blueLaboratory:RecallPotion"},{"floor":40.0,"key":"blueLaboratory:BottleOfVodka"}],"is_trial":false,"path_per_floor":["M","$","M","?","M","E","?","R","T","R","M","M","$","M","R","B",null,"M","M","?","M","?","R","M","?","T","R","$","M","$","M","R","B",null,"M","?","$","?","M","E","R","T","T","R","$","M","?","M","R","B",null,"R","$","E","B",null],"character_chosen":"Librarian","items_purchased":["LawAndOrder","Flash of Steel","Poisoned Strike","PageOfTodaysShyLook","Strength Potion","EnergyCycle+1","Parry2"],"campfire_rested":5,"item_purchase_floors":[2,13,30,37,45,45,53],"current_hp_per_floor":[63,63,63,86,86,79,60,60,60,88,88,80,80,80,94,90,94,89,89,89,87,87,94,94,94,101,101,101,97,97,99,99,94,99,79,79,79,79,72,55,84,84,84,99,99,87,90,55,99,81,99,99,99,43,16],"gold":62,"neow_bonus":"RANDOM_EVENT","is_daily":false,"chose_seed":false,"campfire_upgraded":2,"win_rate":0.0,"timestamp":1614221697,"path_taken":["M","$","M","?","M","E","?","R","T","R","M","M","$","M","R","BOSS","M","M","?","?","?","R","M","?","T","R","?","M","$","M","R","BOSS","M","?","$","?","?","E","R","?","T","R","$","M","?","M","R","BOSS","R","$","E","BOSS"],"items_purchased_type":["Card","Card","Card","Relic","Potion","Card","Card"],"build_version":"2020-12-22","purchased_purges":0,"victory":true,"max_hp_per_floor":[80,80,94,94,94,94,94,94,94,94,94,94,94,94,94,94,94,94,94,94,94,94,94,94,94,101,101,101,99,99,99,99,99,99,99,99,99,99,99,99,99,99,99,99,99,99,99,99,99,99,99,99,99,99,99],"card_choices":[{"not_picked":["Reload","IllEndYou","PinpointShot","BulkyImpact","CumulusWall","Crush","Duel_lor","ViolentFlame"],"picked":"Diversion","floor":1.0},{"not_picked":["MultiBlock","EnergyConversion","Eradication","Faith","HandlingWork","IdentifyWeakpoint","SturdyDefense","UpbeatPerformance"],"picked":"Diversion","floor":3.0},{"not_picked":["Standoff","MultiBlock","ClassAndRespect","Castigation","StrikeDown","CookingPrep","ExtractFuel","BindingArms"],"picked":"QuickSuppression","floor":5.0},{"not_picked":["ViolentFlame","Creak","Multislash","Guardian_lor","Preparation","ChargeUp","PinpointShot","Unlock1"],"picked":"Reload","floor":6.0},{"not_picked":["IronWall","Multislash","ShockingBlow","EndlessBattle","Preparation","ClassAndRespect","StrongStrike","HandleRequest"],"picked":"Parry2","floor":12.0},{"not_picked":["FierceOnslaught","Multislash","Eliminate","Diversion","SmokingPipe","SetFire","Tailoring","LeRegole"],"picked":"BackAttack","floor":14.0},{"not_picked":["SavageMode","GroundSmash"],"picked":"CleanUp","floor":16.0},{"not_picked":["RatsGuideToSurvival","Creak","Diversion","Duel_lor+1","FeelinGood","Leap_lor","FierceCharge+1","Thrust+1"],"picked":"SweepTheBackstreets","floor":18.0},{"not_picked":["EndlessBattle","PreemptiveStrike+1","FormingStorm","CombatPreparation","WrathOfTorment+1","Riposte","Wallop_lor+1","GreatSerpentsImpact"],"picked":"Slice_lor+1","floor":19.0},{"not_picked":["ExtractFuel+1","Transpierce","StrikeDown","CombatPreparation","QuickAttack","HandlingWork","HiddenBlade","LoosenUp"],"picked":"TendonChords+1","floor":21.0},{"not_picked":["EmotionalTurbulence","Zzzzzap","DesperateStruggle+1","UnavoidableGaze+1","FierceOnslaught","SerpentSwordTechnique+1","DefenseOrder","BulkyImpact"],"picked":"BattleCommand","floor":24.0},{"not_picked":["DesperateStruggle","Zzzzzap","SweepTheBackstreets","TendonChords+1","Punishment","Thrust","RatsGuideToSurvival","GuidanceOfTheGears+1"],"picked":"TheArtOfRapidSteps","floor":29.0},{"not_picked":["HandlingWork","Retaliate","Mutilate","PreemptiveStrike","Faith+1","SmokingPipe","Diversion","Eject"],"picked":"SpearedSweep","floor":31.0},{"not_picked":["Disposal","SenseQuarry"],"picked":"UnforgettableMelody","floor":33.0},{"not_picked":["DestructiveImpact","ToWhereThePrescriptPoints+1","ForTheFamily","LeRegole","Reload+1","FieryDragonSlash+1","NightInTheBackstreets","WildCard"],"picked":"EnergyShield","floor":35.0},{"not_picked":["BindingArms+1","UnavoidableGaze","GreatSerpentsImpact+1","EnergyShield","Multislash","ViolentFlame","WrathOfTorment","Cruelty"],"picked":"Wallop_lor+1","floor":39.0},{"not_picked":["Track+1","TheRedNotes+1","IngredientHunt","BladeWhirl","Parry2","Leap_lor","SkitterAway+1","Diversion"],"picked":"Unlock1+1","floor":40.0},{"not_picked":["PinpointShot+1","WillOfThePrescript","Pound","Brawl","DarkCloud+1","ForcefulGesture","Guardian_lor+1","PreemptiveStrike"],"picked":"SharpNails","floor":46.0},{"not_picked":["ICanCookAnything","Pound","DesperateStruggle+1","ViolentFlame","DriedUp","VioletBlade","Parry2+1","Cruelty"],"picked":"SparkingSpear+1","floor":47.0},{"not_picked":["EnergyStrike","InkOver+1","FocusFire","HighSpeedStabbing+1","DevastatingThrash","ClassAndRespect+1","Riposte+1","TasteMyFlamingBat"],"picked":"GrazeTheGrass","floor":48.0},{"not_picked":["YoureTooSlow","Slice_lor+1","YoureAHindrance","FleetFootsteps","ProselytesBlade+1","ViolentFlame","Observe","HiddenBlade+1"],"picked":"Rewind+1","floor":54}],"player_experience":495861,"relics_obtained":[{"floor":1.0,"key":"LetterFromLob"},{"floor":6.0,"key":"reliquary:Knoch"},{"floor":26.0,"key":"Strawberry"},{"floor":40.0,"key":"PageOfLittleHelper"},{"floor":42.0,"key":"Art of War"},{"floor":43.0,"key":"Eternal Feather"},{"floor":47.0,"key":"Replay:Kaleidoscope"},{"floor":54,"key":"reliquary:Stiletto"}],"event_choices":[{"damage_healed":23.0,"max_hp_gain":0.0,"max_hp_loss":0.0,"gold_gain":0.0,"event_name":"The Cleric","player_choice":"Healed","floor":4.0,"gold_loss":35.0,"damage_taken":0.0},{"damage_healed":0.0,"max_hp_gain":0.0,"max_hp_loss":0.0,"gold_gain":0.0,"event_name":"Shining Light","player_choice":"Entered Light","floor":7.0,"gold_loss":0.0,"damage_taken":19.0,"cards_upgraded":["QuickSuppression","FocusedStrikes"]},{"damage_healed":0.0,"max_hp_gain":0.0,"max_hp_loss":0.0,"gold_gain":0.0,"event_name":"Transmorgrifier","player_choice":"Ignored","floor":20.0,"gold_loss":0.0,"damage_taken":0.0},{"damage_healed":0.0,"max_hp_gain":0.0,"max_hp_loss":0.0,"gold_gain":0.0,"event_name":"Duplicator","player_choice":"Copied","floor":22.0,"gold_loss":0.0,"damage_taken":0.0,"cards_obtained":["QuickSuppression"]},{"damage_healed":0.0,"max_hp_gain":0.0,"max_hp_loss":0.0,"gold_gain":0.0,"event_name":"Upgrade Shrine","player_choice":"Upgraded","floor":25.0,"gold_loss":0.0,"damage_taken":0.0,"cards_upgraded":["CleanUp"]},{"damage_healed":0.0,"max_hp_gain":0.0,"max_hp_loss":0.0,"gold_gain":0.0,"event_name":"Tomb of Lord Red Mask","player_choice":"Ignored","floor":36.0,"gold_loss":0.0,"damage_taken":0.0},{"damage_healed":0.0,"max_hp_gain":0.0,"max_hp_loss":0.0,"gold_gain":0.0,"event_name":"Purifier","player_choice":"Ignored","floor":38.0,"gold_loss":0.0,"damage_taken":0.0},{"damage_healed":0.0,"max_hp_gain":0.0,"max_hp_loss":0.0,"gold_gain":0.0,"event_name":"MindBloom","player_choice":"Fight","floor":47.0,"gold_loss":0.0,"damage_taken":0.0}],"is_beta":false,"boss_relics":[{"not_picked":["Painkiller Herb","energizedSpire:RedRose","aspiration:PoetsPen_weak"]},{"not_picked":["energizedSpire:NeverEndingSparkler","Kintsugi"],"picked":"Replay:Grab Bag"},{"not_picked":["ReplayTheSpireMod:DimensionalGlitch","bronze:MakeshiftBattery"],"picked":"reliquary:Craggleroot"},{"not_picked":["energizedSpire:HugeHouse","hubris:TerracottaHorce"],"picked":"Fusion Hammer"},{"not_picked":["Snecko Eye","aspiration:SecretTechniqueScroll"],"picked":"reliquary:ThirdArm"}],"items_purged_floors":[],"is_endless":false,"potions_floor_spawned":[3,5,14,16,19,21,31,40,46,48],"ascension_level":0}}