{"host":"1zjbco0fylw71vbw","time":1614250281,"event":{"mods":["2.2 Compatiblity","AchievementEnabler","Aspiration","BaseMod","Best Route Mod","Better Altar","Better Match","Better Note","Better Sensory Stone","Better Third Choice","Better Vampires","Colored Powertips","Defective Defect","Energized Spire","Halation","Hero for Fun","Highlight Path","Hubris","Infinite Spire","Ironclad Rager","Mimic Mod","Minty Spire (QoL Compilation)","Permanent Neow","Quick Restart","RNG Fix","Rare Cards Sparkle","Relic Stats","Replay The Spire","Shade Mod","Shop Mod","Slumbering Mod","StSLib","Swap Starting Deck Mod","The Accelerator","The Blue Laboratory","The Cursed","The Forsaken","The IronCluck","Useless Jewels Mod","everything is the same but u backflip on backflip"],"gold_per_floor":[112,112,123,123,139,139,182,205,278,278,298,0,0,30,30,155,155,175,175,175,189,207,207,207,207,207,221,262,262,276,276,276,276,276],"floor_reached":33,"language":"ENG","playtime":1598,"items_purged":[],"score":245,"play_id":"dc9760f8-2b30-41ca-bed5-b0e8a4792b75","local_time":"20210225215121","is_ascension_mode":false,"campfire_choices":[{"data":"TheCursedMod:HellfireBreathing","floor":6,"key":"SMITH"},{"data":"TheCursedMod:Evocation","floor":10,"key":"SMITH"},{"data":"TheCursedMod:Strike_TheCursed","floor":15,"key":"PURGE"},{"data":"TheCursedMod:VoidForm","floor":23,"key":"SMITH"},{"data":"Entrench","floor":25,"key":"SMITH"},{"floor":29,"key":"DIG"},{"floor":32,"key":"REST"}],"circlet_count":0,"master_deck":["TheCursedMod:Strike_TheCursed","TheCursedMod:Strike_TheCursed","TheCursedMod:Strike_TheCursed","TheCursedMod:Defend_TheCursed","TheCursedMod:Defend_TheCursed","TheCursedMod:Defend_TheCursed","TheCursedMod:Defend_TheCursed","TheCursedMod:CursedWand","TheCursedMod:CleanUpWorkshop","TheCursedMod:Dregs","TheCursedMod:CircleOfBlood+1","TheCursedMod:CursedStaff","Injury","TheCursedMod:HellfireBreathing+1","TheCursedMod:Evocation+1","TheCursedMod:CircleOfCorruption","TheCursedMod:Wield","TheCursedMod:VoidForm+1","TheCursedMod:SpitefulStrike","TheCursedMod:HellfireBreathing+1","TheCursedMod:CircleOfFlame","TheCursedMod:CircleOfBlood+1","Entrench+1","TheCursedMod:SpitefulStrike","TheCursedMod:StingEye","TheCursedMod:SpitefulPray","infinitespire:Starlight"],"relics":["TheCursedMod:BlackMagic101","aspiration:Nostalgia","Cracked Core","Golden Idol","Ornamental Fan","StrikeDummy","infinitespire:Lychee Nut","energizedSpire:SpiderWeb","Shovel","infinitespire:ShieldingShard","Iron Hammer","hubris:Backtick","PrismaticShard","Counterbalance"],"acts_visited":["Exordium","TheCity"],"potions_floor_usage":[16,16,22,28,33],"damage_taken":[{"damage":0,"enemies":"2 Louse","floor":1,"turns":3},{"damage":6,"enemies":"Jaw Worm","floor":3,"turns":2},{"damage":0,"enemies":"Cultist","floor":5,"turns":3},{"damage":18,"enemies":"3 Sentries","floor":7,"turns":6},{"damage":27,"enemies":"Gremlin Gang","floor":8,"turns":4},{"damage":8,"enemies":"Red Slaver","floor":11,"turns":2},{"damage":35,"enemies":"Hexaghost","floor":16,"turns":8},{"damage":25,"enemies":"2 Thieves","floor":18,"turns":3},{"damage":16,"enemies":"Spheric Guardian","floor":21,"turns":4},{"damage":7,"enemies":"Dream Cultist and Chosen","floor":22,"turns":4},{"damage":26,"enemies":"Snake Plant","floor":27,"turns":4},{"damage":12,"enemies":"Centurion and Healer","floor":28,"turns":6},{"damage":21,"enemies":"Centurion and Healer","floor":30,"turns":5},{"damage":64,"enemies":"hubris:MusketHawk","floor":33,"turns":6}],"seed_played":"5875947670067386683","potions_obtained":[{"floor":7,"key":"Swift Potion"},{"floor":11,"key":"blueLaboratory:FruitPunch"},{"floor":20,"key":"blueLaboratory:RecallPotion"},{"floor":20,"key":"SteroidPotion"},{"floor":20,"key":"blueLaboratory:SavagePotion"},{"floor":27,"key":"blueLaboratory:FruitPunch"}],"is_trial":false,"path_per_floor":["M","?","M","?","M","R","E","M","T","R","M","$","$","?","R","B",null,"M","?","?","M","M","R","?","R","T","M","MIM","R","M","AVR","R","B"],"character_chosen":"THE_CURSED","items_purchased":["infinitespire:Lychee Nut"],"campfire_rested":1,"item_purchase_floors":[12],"current_hp_per_floor":[75,75,69,69,75,75,58,35,35,35,31,31,31,31,31,16,58,43,43,43,37,44,44,44,44,44,40,36,36,21,21,39,0,0],"gold":276,"neow_bonus":"NOSTALGIA","is_daily":false,"chose_seed":false,"campfire_upgraded":4,"win_rate":0.0,"timestamp":1614250281,"path_taken":["M","?","M","?","?","R","E","?","T","R","M","?","$","?","R","BOSS","M","?","?","M","?","R","?","R","T","M","?","R","M","AVR","R","BOSS"],"items_purchased_type":["Relic"],"build_version":"2020-12-22","purchased_purges":0,"victory":false,"max_hp_per_floor":[75,75,75,75,75,75,75,75,75,75,75,56,56,56,56,58,58,58,58,58,58,58,58,58,58,58,58,60,60,60,60,60,60,60],"relic_stats":{"Shovel":1,"counters":[14,59],"Golden Idol":71,"Ornamental Fan":[20],"obtain_stats":[{"TheCursedMod:BlackMagic101":0,"aspiration:Nostalgia":0,"Golden Idol":4,"Counterbalance":31,"energizedSpire:SpiderWeb":17,"PrismaticShard":31,"Shovel":26,"infinitespire:ShieldingShard":28,"hubris:Backtick":31,"Ornamental Fan":7,"infinitespire:Lychee Nut":12,"Iron Hammer":29,"Cracked Core":0,"StrikeDummy":9},{"TheCursedMod:BlackMagic101":0,"aspiration:Nostalgia":0,"Golden Idol":2,"Counterbalance":13,"energizedSpire:SpiderWeb":7,"PrismaticShard":13,"Shovel":10,"infinitespire:ShieldingShard":12,"hubris:Backtick":13,"Ornamental Fan":4,"infinitespire:Lychee Nut":6,"Iron Hammer":12,"Cracked Core":0,"StrikeDummy":5},{"TheCursedMod:BlackMagic101":0,"aspiration:Nostalgia":0,"Golden Idol":5,"Counterbalance":53,"energizedSpire:SpiderWeb":27,"PrismaticShard":53,"Shovel":38,"infinitespire:ShieldingShard":48,"hubris:Backtick":53,"Ornamental Fan":13,"infinitespire:Lychee Nut":19,"Iron Hammer":48,"Cracked Core":0,"StrikeDummy":17}]},"card_choices":[{"not_picked":["TheCursedMod:Torture","TheCursedMod:RapidMovement"],"picked":"TheCursedMod:CircleOfBlood","floor":1},{"not_picked":["TheCursedMod:VitalStrike","TheCursedMod:Stretching"],"picked":"TheCursedMod:CursedStaff","floor":3},{"not_picked":["TheCursedMod:Wield","TheCursedMod:CursedShiv"],"picked":"TheCursedMod:HellfireBreathing","floor":5},{"not_picked":["TheCursedMod:Torture","TheCursedMod:SoulCrush"],"picked":"TheCursedMod:Evocation","floor":7},{"not_picked":["TheCursedMod:RavingStaff","TheCursedMod:Torture"],"picked":"TheCursedMod:CircleOfCorruption","floor":8},{"not_picked":["TheCursedMod:Stigma","TheCursedMod:ManaCirculation"],"picked":"TheCursedMod:Wield","floor":11},{"not_picked":["TheCursedMod:ManaCirculation","TheCursedMod:DemonSword"],"picked":"TheCursedMod:VoidForm","floor":16},{"not_picked":["TheCursedMod:DoubleShield","TheCursedMod:Grudge"],"picked":"TheCursedMod:SpitefulStrike","floor":18},{"not_picked":["TheCursedMod:RapidMovement","TheCursedMod:TacticalStrike"],"picked":"TheCursedMod:CircleOfFlame","floor":21},{"not_picked":["TheCursedMod:TacticalStrike","TheCursedMod:Stretching+1"],"picked":"TheCursedMod:CircleOfBlood+1","floor":22},{"not_picked":["TheCursedMod:SoulCrush+1","TheCursedMod:CursedAmulet"],"picked":"TheCursedMod:SpitefulStrike","floor":27},{"not_picked":["TheCursedMod:Torture","TheCursedMod:SoulCrush"],"picked":"TheCursedMod:StingEye","floor":28},{"not_picked":["TheCursedMod:DemonicPact","TheCursedMod:Obscuration"],"picked":"TheCursedMod:SpitefulPray","floor":30}],"player_experience":399965,"relics_obtained":[{"floor":7,"key":"Ornamental Fan"},{"floor":9,"key":"StrikeDummy"},{"floor":26,"key":"Shovel"},{"floor":28,"key":"infinitespire:ShieldingShard"},{"floor":29,"key":"Iron Hammer"}],"event_choices":[{"damage_healed":0,"gold_gain":0,"player_choice":"Take Wound","damage_taken":0,"relics_obtained":["Golden Idol"],"max_hp_gain":0,"max_hp_loss":0,"event_name":"Golden Idol","floor":4,"gold_loss":0,"cards_obtained":["Injury"]},{"damage_healed":0,"gold_gain":30,"player_choice":"Searched \u00271\u0027 times","damage_taken":0,"max_hp_gain":0,"max_hp_loss":0,"event_name":"Dead Adventurer","floor":14,"gold_loss":0},{"damage_healed":0,"gold_gain":0,"player_choice":"Copied","damage_taken":0,"max_hp_gain":0,"max_hp_loss":0,"event_name":"Duplicator","floor":19,"gold_loss":0,"cards_obtained":["TheCursedMod:HellfireBreathing"]},{"damage_healed":0,"gold_gain":0,"player_choice":"Got Potions","damage_taken":0,"max_hp_gain":0,"max_hp_loss":0,"event_name":"Lab","floor":20,"gold_loss":0},{"damage_healed":0,"gold_gain":0,"player_choice":"Take","damage_taken":0,"max_hp_gain":0,"max_hp_loss":0,"event_name":"betterNote:BetterNote","floor":24,"gold_loss":0,"cards_obtained":["Entrench"]}],"is_beta":false,"boss_relics":[{"not_picked":["theForsaken:PaleLantern","Tiny House"],"picked":"energizedSpire:SpiderWeb"}],"items_purged_floors":[],"is_endless":false,"potions_floor_spawned":[7,11,27],"killed_by":"hubris:MusketHawk","ascension_level":0}}