{"host":"7fyy23rucerupe6i","time":1614248254,"event":{"mods":["AchievementEnabler","Act Like it!","Aspiration","BaseMod","Better Note","BetterRewards","Colored Map","Colored Powertips","Conspire","Curses Come First","Custom Start","Downfall","Googly Eyes","Marisa£®ÏF”Í°°ƒß¿Ì…≥£©","Minty Spire (QoL Compilation)","Quick Restart","Relic Stats","Shop Mod","ShortenTheSpire","Spicy Shops","StSLib","SuperFastMode","The Blackbeard","The Construct","The Cursed","The Senshi","The Servant 0.9.4"],"gold_per_floor":[119,20,20,20,37,37,64,64,64,29,29,57,57,69,69,143,143,154,154,170,120,8,8,8],"floor_reached":23,"language":"ZHS","playtime":589,"items_purged":["Strike_B","Defend_B","Defend_B"],"score":390,"play_id":"43cebf61-aa74-469b-8112-01bbf30d0be6","local_time":"20210225181734","is_ascension_mode":true,"campfire_choices":[{"data":"Rip and Tear","floor":6,"key":"SMITH"},{"floor":8,"key":"REST"},{"data":"Zap","floor":15,"key":"SMITH"}],"circlet_count":0,"master_deck":["AscendersBane","conspire:GhostlyStrike","conspire:GhostlyDefend+1","Zap+1","Dualcast","Rip and Tear+1","Aggregate","Gash","All For One","Rebound","Go for the Eyes","Defragment","White Noise","Defragment","Echo Form","Gash+1"],"relics":["Cracked Core","Membership Card","Turnip","Mercury Hourglass","Emotion Chip","Guardian:PocketSentry","conspire:GiftBox","Vajra","aspiration:ChemicalBlood","aspiration:FetidBarrel","conspire:DeflatedDodgeball","MerchantsRug","Medical Kit","Pen Nib"],"acts_visited":["Exordium","TheCity"],"potions_floor_usage":[7,16,16,23],"damage_taken":[{"damage":0,"enemies":"Cultist","floor":1,"turns":2},{"damage":0,"enemies":"2 Louse","floor":5,"turns":1},{"damage":20,"enemies":"Lagavulin","floor":7,"turns":4},{"damage":5,"enemies":"Gremlin Nob","floor":12,"turns":3},{"damage":7,"enemies":"Small Slimes","floor":14,"turns":2},{"damage":25,"enemies":"The Guardian","floor":16,"turns":6},{"damage":11,"enemies":"conspire:FuzzyDice","floor":18,"turns":5},{"damage":0,"enemies":"Chosen","floor":20,"turns":3},{"damage":15,"enemies":"Book of Stabbing","floor":23,"turns":3}],"seed_played":"387662176935853822","potions_obtained":[{"floor":5,"key":"SkillPotion"},{"floor":16,"key":"EssenceOfSteel"}],"is_trial":false,"path_per_floor":["M","$","?","?","M","R","E","R","T","?","$","E","?","M","R","B",null,"M","?","M","?","$","E"],"character_chosen":"DEFECT","items_purchased":["Membership Card","Turnip","Mercury Hourglass","Rip and Tear","Guardian:PocketSentry","conspire:GiftBox","Vajra","Rebound","MerchantsRug","Medical Kit","Pen Nib"],"campfire_rested":1,"item_purchase_floors":[0,0,0,0,0,2,2,2,22,22,22],"current_hp_per_floor":[32,32,21,21,21,21,1,22,22,39,39,34,38,31,31,6,55,44,44,44,44,44,29,29],"gold":8,"neow_bonus":"","is_daily":false,"chose_seed":false,"campfire_upgraded":2,"win_rate":0.0,"timestamp":1614248254,"path_taken":["M","$","?","?","M","R","E","R","T","?","$","E","?","?","R","BOSS","M","?","M","?","$","E"],"items_purchased_type":["Relic","Relic","Relic","Card","Relic","Relic","Relic","Card","Relic","Relic","Relic"],"build_version":"2020-12-22","purchased_purges":3,"victory":false,"max_hp_per_floor":[71,71,71,71,71,71,71,71,71,71,71,71,71,71,71,71,71,71,71,71,71,71,71,71],"relic_stats":{"Emotion Chip":[14,10,0,4,0],"counters":[25,75],"Turnip":[0],"Pen Nib":[0],"Medical Kit":[0],"obtain_stats":[{"aspiration:Lifesprig":0,"aspiration:Stellarator":17,"sneckomod:BlankCard":3,"Vajra":2,"Empty Cage":17,"Blood Vial":0,"Centennial Puzzle":11,"Emotion Chip":0,"Slimebound:StickyStick":0,"Toxic Egg 2":0,"theSenshi:SailorFukuRelic":3,"Cracked Core":0,"InkBottle":5,"aspiration:ChemicalBlood":7,"MerchantsRug":22,"bronze:DonusWashers":0,"aspiration:FetidBarrel":9,"Eternal Feather":7,"Pen Nib":22,"Guardian:PocketSentry":0,"Medical Kit":0,"Akabeko":0,"Mercury Hourglass":0,"conspire:GiftBox":2,"Bronze Scales":0,"Orrery":21,"Turnip":0,"Art of War":0,"Membership Card":0,"hexamod:BolsterEngine":9,"conspire:DeflatedDodgeball":12,"NlothsMask":5},{"aspiration:Lifesprig":13,"aspiration:Stellarator":10,"sneckomod:BlankCard":16,"Vajra":17,"Empty Cage":22,"Blood Vial":13,"Centennial Puzzle":6,"Emotion Chip":16,"Slimebound:StickyStick":13,"Toxic Egg 2":0,"theSenshi:SailorFukuRelic":17,"Cracked Core":0,"InkBottle":3,"aspiration:ChemicalBlood":19,"MerchantsRug":24,"bronze:DonusWashers":13,"aspiration:FetidBarrel":19,"Eternal Feather":4,"Pen Nib":24,"Guardian:PocketSentry":16,"Medical Kit":13,"Akabeko":0,"Mercury Hourglass":16,"conspire:GiftBox":17,"Bronze Scales":0,"Orrery":12,"Turnip":16,"Art of War":0,"Membership Card":16,"hexamod:BolsterEngine":4,"conspire:DeflatedDodgeball":20,"NlothsMask":16},{"aspiration:Lifesprig":39,"aspiration:Stellarator":30,"sneckomod:BlankCard":47,"Vajra":49,"Empty Cage":64,"Blood Vial":39,"Centennial Puzzle":15,"Emotion Chip":47,"Slimebound:StickyStick":39,"Toxic Egg 2":0,"theSenshi:SailorFukuRelic":49,"Cracked Core":0,"InkBottle":6,"aspiration:ChemicalBlood":54,"MerchantsRug":72,"bronze:DonusWashers":39,"aspiration:FetidBarrel":54,"Eternal Feather":10,"Pen Nib":72,"Guardian:PocketSentry":47,"Medical Kit":39,"Akabeko":0,"Mercury Hourglass":47,"conspire:GiftBox":49,"Bronze Scales":0,"Orrery":37,"Turnip":47,"Art of War":0,"Membership Card":47,"hexamod:BolsterEngine":10,"conspire:DeflatedDodgeball":57,"NlothsMask":47}],"Mercury Hourglass":[99]},"card_choices":[{"not_picked":["Skim","Tempest"],"picked":"Gash","floor":1},{"not_picked":["Seek","Meteor Strike"],"picked":"All For One","floor":2},{"not_picked":["Stack","aspiration:Polymerization"],"picked":"Go for the Eyes","floor":5},{"not_picked":["Multi-Cast","Aggregate"],"picked":"Defragment","floor":7},{"not_picked":["Aggregate","Turbo"],"picked":"White Noise","floor":12},{"not_picked":["Beam Cell","Force Field"],"picked":"Defragment","floor":14},{"not_picked":["All For One","Biased Cognition"],"picked":"Echo Form","floor":16},{"not_picked":["Cold Snap+1","Stack+1","Recycle"],"picked":"SKIP","floor":18},{"not_picked":["Ball Lightning","Leap"],"picked":"Gash","floor":20}],"player_experience":613118,"relics_obtained":[{"floor":7,"key":"aspiration:ChemicalBlood"},{"floor":9,"key":"aspiration:FetidBarrel"},{"floor":12,"key":"conspire:DeflatedDodgeball"}],"event_choices":[{"damage_healed":0,"gold_gain":0,"player_choice":"Success","damage_taken":11,"relics_obtained":["theSenshi:SailorFukuRelic"],"max_hp_gain":0,"max_hp_loss":0,"event_name":"Scrap Ooze","floor":3,"gold_loss":0},{"damage_healed":0,"gold_gain":0,"player_choice":"Agree","damage_taken":0,"max_hp_gain":0,"max_hp_loss":0,"event_name":"conspire:LoneGhost","floor":4,"gold_loss":0},{"damage_healed":17,"gold_gain":0,"player_choice":"Healed","damage_taken":0,"max_hp_gain":0,"max_hp_loss":0,"event_name":"The Cleric","floor":10,"gold_loss":35},{"cards_removed":["conspire:GhostlyDefend"],"damage_healed":0,"gold_gain":0,"player_choice":"Elegance","damage_taken":0,"max_hp_gain":0,"max_hp_loss":0,"event_name":"Back to Basics","floor":19,"gold_loss":0},{"damage_healed":0,"gold_gain":0,"player_choice":"Upgraded Two","damage_taken":0,"max_hp_gain":0,"max_hp_loss":0,"event_name":"Designer","floor":21,"gold_loss":50,"cards_upgraded":["conspire:GhostlyDefend","Gash"]}],"is_beta":false,"boss_relics":[{"not_picked":["Fusion Hammer","conspire:RunicOctahedron"],"picked":"Empty Cage"}],"items_purged_floors":[0,0,0],"is_endless":false,"potions_floor_spawned":[5,16,18,20],"killed_by":"Book of Stabbing","ascension_level":20}}