{"host":"gfmcepcjap0l8d24","time":1614250094,"event":{"mods":["AchievementEnabler","Act Like it!","BaseMod","BetterRewards","Card Filter","Card Forge","Colored Map","Colored Powertips","Custom Start","DeckTracker","Defuse TimeMaze Blight","Gold Saver","Key Reminder","Minty Spire (QoL Compilation)","Permanent Neow","Practice Mode","Quick Restart","Relic Filter","Shop Mod","StSLib","SuperFastMode"],"gold_per_floor":[1179,1194,1205,1215,967,967,986,986,986,936,936,531,563,581,581,683,683,699,718,472,488,488,488,488,503,503,233,268,367,399,399,399,499,499,517,534,534,359,370,370,370,390,390,390,405,405,304,304,304,304,304,304,146,179,179],"floor_reached":56,"language":"JPN","playtime":4425,"items_purged":["Strike_R","Strike_R","Defend_R","Strike_R+1","Dark Shackles"],"score":1110,"play_id":"e0038461-20e2-44ae-a56c-a1e58166dafa","local_time":"20210225194814","is_ascension_mode":false,"campfire_choices":[{"data":"Armaments","floor":6,"key":"SMITH"},{"floor":8,"key":"RECALL"},{"data":"Shrug It Off","floor":15,"key":"SMITH"},{"data":"Inflame","floor":23,"key":"SMITH"},{"data":"J.A.X.","floor":32,"key":"SMITH"},{"data":"Defend_R","floor":40,"key":"SMITH"},{"data":"Defend_R","floor":49,"key":"SMITH"},{"data":"Metallicize","floor":52,"key":"SMITH"}],"circlet_count":0,"master_deck":["Defend_R+1","Defend_R+1","Bash","Armaments+1","Headbutt","Warcry","Pommel Strike","Reaper","Warcry","Ghostly Armor","Deep Breath","Impervious","Shrug It Off+1","Immolate","Metallicize+1","Inflame+1","Impervious","J.A.X.+1","Evolve","Spot Weakness+1","Intimidate+1","Barricade+1","Metallicize+1","Madness+1","Madness+1","Feel No Pain+1","Shrug It Off+1","Entrench+1","Disarm+1","Purity+1"],"relics":["Burning Blood","Hammer of Thor","Seething Fire","Anvil of the Gods","Juzu Bracelet","Bronze Scales","Whetstone","Snecko Eye","MerchantsRug","White Beast Statue","Toxic Egg 2","Eternal Feather","Frozen Egg 2","Busted Crown","Regal Pillow","Mummified Hand"],"acts_visited":["Exordium","TheCity","TheBeyond","TheEnding"],"potions_floor_usage":[13,16,50,55,55,55],"damage_taken":[{"damage":8,"enemies":"Jaw Worm","floor":1,"turns":3},{"damage":3,"enemies":"Small Slimes","floor":2,"turns":5},{"damage":1,"enemies":"Cultist","floor":3,"turns":4},{"damage":11,"enemies":"Large Slime","floor":4,"turns":6},{"damage":15,"enemies":"Exordium Wildlife","floor":7,"turns":6},{"damage":29,"enemies":"Lagavulin","floor":13,"turns":8},{"damage":0,"enemies":"Red Slaver","floor":14,"turns":4},{"damage":52,"enemies":"Hexaghost","floor":16,"turns":16},{"damage":15,"enemies":"2 Thieves","floor":18,"turns":3},{"damage":19,"enemies":"Shell Parasite","floor":19,"turns":6},{"damage":27,"enemies":"Snake Plant","floor":21,"turns":4},{"damage":15,"enemies":"Centurion and Healer","floor":25,"turns":5},{"damage":47,"enemies":"Gremlin Leader","floor":28,"turns":8},{"damage":22,"enemies":"Slavers","floor":30,"turns":4},{"damage":78,"enemies":"Automaton","floor":33,"turns":9},{"damage":14,"enemies":"3 Darklings","floor":35,"turns":6},{"damage":20,"enemies":"3 Shapes","floor":36,"turns":3},{"damage":6,"enemies":"Spire Growth","floor":39,"turns":11},{"damage":45,"enemies":"4 Shapes","floor":42,"turns":10},{"damage":31,"enemies":"3 Darklings","floor":45,"turns":7},{"damage":50,"enemies":"Donu and Deca","floor":50,"turns":12},{"damage":16,"enemies":"Shield and Spear","floor":54,"turns":16},{"damage":58,"enemies":"The Heart","floor":55,"turns":19}],"seed_played":"222496695753529696","potions_obtained":[{"floor":4,"key":"SneckoOil"},{"floor":7,"key":"Strength Potion"},{"floor":14,"key":"PowerPotion"},{"floor":16,"key":"LiquidMemories"},{"floor":19,"key":"PowerPotion"},{"floor":28,"key":"Energy Potion"},{"floor":30,"key":"Regen Potion"},{"floor":33,"key":"BloodPotion"},{"floor":36,"key":"EssenceOfSteel"},{"floor":54,"key":"Block Potion"}],"is_trial":false,"path_per_floor":["M","M","M","M","$","R","M","R","T","?","?","$","E","M","R","B",null,"M","M","$","M","?","R","?","M","T","$","E","?","E","T","R","B",null,"M","M","?","$","M","R","?","M","T","?","M","$","$","?","R","B",null,"R","$","E","B",null],"character_chosen":"IRONCLAD","items_purchased":["Reaper","Warcry","Bronze Scales","Ghostly Armor","Deep Breath","Inflame","MerchantsRug","Evolve","Dark Shackles","Shrug It Off+1","Entrench+1","Disarm+1","Purity+1"],"campfire_rested":0,"item_purchase_floors":[5,5,12,12,12,20,20,27,27,47,47,53,53],"current_hp_per_floor":[78,80,80,75,75,75,66,66,66,66,59,59,43,54,54,13,80,79,66,66,49,49,49,49,48,48,48,49,49,50,50,62,20,80,80,67,67,67,80,80,80,80,80,70,80,80,80,70,80,80,80,80,80,80,41],"gold":179,"neow_bonus":"RANDOM_COMMON_RELIC","is_daily":false,"chose_seed":false,"campfire_upgraded":7,"win_rate":0.0,"timestamp":1614250094,"path_taken":["M","M","M","M","$","R","M","R","T","?","?","?","E","M","R","BOSS","M","M","$","M","?","R","?","M","T","$","E","?","E","?","R","BOSS","M","M","?","$","M","R","?","M","T","?","M","?","$","?","R","BOSS","R","$","E","BOSS"],"items_purchased_type":["Card","Card","Relic","Card","Card","Card","Relic","Card","Card","Card","Card","Card","Card"],"build_version":"2020-12-22","purchased_purges":5,"victory":true,"max_hp_per_floor":[80,80,80,80,80,80,80,80,80,80,80,80,80,80,80,80,80,80,80,80,80,80,80,80,80,80,80,80,80,80,80,80,80,80,80,80,80,80,80,80,80,80,80,80,80,80,80,80,80,80,80,80,80,80,80],"card_choices":[{"not_picked":["Wild Strike","Clash"],"picked":"Armaments","floor":1},{"not_picked":["Perfected Strike","True Grit"],"picked":"Headbutt","floor":2},{"not_picked":["Headbutt","Clash"],"picked":"Warcry","floor":3},{"not_picked":["Clothesline","Dual Wield"],"picked":"Pommel Strike","floor":4},{"not_picked":["Rampage","Armaments","Heavy Blade"],"picked":"SKIP","floor":7},{"not_picked":["Warcry","Pommel Strike"],"picked":"Impervious","floor":13},{"not_picked":["Second Wind","Thunderclap"],"picked":"Shrug It Off","floor":14},{"not_picked":["Bludgeon","Feed"],"picked":"Immolate","floor":16},{"not_picked":["Headbutt+1","Havoc"],"picked":"Whirlwind","floor":18},{"not_picked":["Combust","Shrug It Off"],"picked":"Metallicize","floor":19},{"not_picked":["Iron Wave","Clash","Flex"],"picked":"SKIP","floor":21},{"not_picked":["Warcry","Cleave","Wild Strike+1"],"picked":"SKIP","floor":25},{"not_picked":["Fiend Fire","Disarm+1"],"picked":"Spot Weakness+1","floor":28},{"not_picked":["Havoc+1","Armaments+1"],"picked":"Intimidate+1","floor":30},{"not_picked":["Bludgeon","Exhume+1"],"picked":"Barricade+1","floor":33},{"not_picked":[],"picked":"Metallicize+1","floor":35},{"not_picked":["Iron Wave+1"],"picked":"SKIP","floor":36},{"not_picked":["Warcry+1"],"picked":"SKIP","floor":39},{"not_picked":["Anger"],"picked":"SKIP","floor":42},{"not_picked":[],"picked":"Feel No Pain+1","floor":45},{"not_picked":["Clash+1"],"picked":"SKIP","floor":54}],"player_experience":212211,"relics_obtained":[{"floor":13,"key":"Whetstone"},{"floor":26,"key":"White Beast Statue"},{"floor":28,"key":"Toxic Egg 2"},{"floor":30,"key":"Eternal Feather"},{"floor":31,"key":"Frozen Egg 2"},{"floor":43,"key":"Regal Pillow"},{"floor":54,"key":"Mummified Hand"}],"event_choices":[{"cards_removed":["Defend_R"],"damage_healed":0,"gold_gain":0,"player_choice":"Card Removal","damage_taken":0,"max_hp_gain":0,"max_hp_loss":0,"event_name":"The Cleric","floor":10,"gold_loss":50},{"cards_removed":["Strike_R"],"damage_healed":0,"gold_gain":0,"player_choice":"Card Removal","damage_taken":7,"max_hp_gain":0,"max_hp_loss":0,"event_name":"Golden Wing","floor":11,"gold_loss":0},{"damage_healed":0,"gold_gain":0,"player_choice":"Copied","damage_taken":0,"max_hp_gain":0,"max_hp_loss":0,"event_name":"Duplicator","floor":22,"gold_loss":0,"cards_obtained":["Impervious"]},{"damage_healed":0,"gold_gain":0,"player_choice":"Obtain J.A.X.","damage_taken":0,"max_hp_gain":0,"max_hp_loss":0,"event_name":"Drug Dealer","floor":24,"gold_loss":0,"cards_obtained":["J.A.X."]},{"damage_healed":0,"gold_gain":99,"player_choice":"Stole From Cult","damage_taken":0,"max_hp_gain":0,"max_hp_loss":0,"event_name":"Nest","floor":29,"gold_loss":0},{"cards_removed":["Strike_R"],"damage_healed":0,"gold_gain":0,"player_choice":"Offered Basic","damage_taken":0,"max_hp_gain":0,"max_hp_loss":0,"event_name":"Bonfire Elementals","floor":37,"gold_loss":0},{"cards_removed":["Whirlwind"],"damage_healed":0,"gold_gain":0,"player_choice":"Removed Attack","damage_taken":0,"max_hp_gain":0,"max_hp_loss":0,"event_name":"Falling","floor":41,"gold_loss":0},{"damage_healed":0,"gold_gain":0,"player_choice":"Embrace Madness","damage_taken":10,"max_hp_gain":0,"max_hp_loss":0,"event_name":"Winding Halls","floor":44,"gold_loss":0,"cards_obtained":["Madness","Madness"]},{"damage_healed":0,"gold_gain":0,"player_choice":"Memory 3","damage_taken":10,"max_hp_gain":0,"max_hp_loss":0,"event_name":"SensoryStone","floor":48,"gold_loss":0}],"is_beta":false,"boss_relics":[{"not_picked":["Calling Bell","Runic Dome"],"picked":"Snecko Eye"},{"not_picked":["Mark of Pain","Tiny House"],"picked":"Busted Crown"}],"items_purged_floors":[5,12,20,27,38],"is_endless":false,"potions_floor_spawned":[4,7,14,16,19,28,30,33,35,36,39,42,45,54],"ascension_level":0}}