{"host":"00f1p9ihhzi7hxfk","time":1614259725,"event":{"mods":["AchievementEnabler","BaseMod","Colored Map","Colored Powertips","Minty Spire (QoL Compilation)","Rare Cards Sparkle","Relic Stats"],"gold_per_floor":[369,369,23,36,211,246,246,211,289,302,316,334,359,377,377,377,377],"floor_reached":16,"language":"DEU","playtime":810,"items_purged":[],"score":104,"play_id":"d014dfb3-e113-46c4-bd1c-1e7e617bfeda","local_time":"20210225142845","is_ascension_mode":false,"campfire_choices":[{"floor":7,"key":"REST"},{"floor":15,"key":"REST"}],"circlet_count":0,"master_deck":["Strike_R","Strike_R","Strike_R","Strike_R","Strike_R","Defend_R","Defend_R","Defend_R","Defend_R","Bash","Infernal Blade","FollowUp","Doubt","WaveOfTheHand","Self Repair","SignatureMove","Bane","Ball Lightning"],"relics":["Burning Blood","Golden Idol","Strawberry","PrismaticShard","Lantern","Pantograph"],"acts_visited":["Exordium"],"potions_floor_usage":[],"damage_taken":[{"damage":1,"enemies":"Cultist","floor":1,"turns":3},{"damage":6,"enemies":"Jaw Worm","floor":4,"turns":2},{"damage":68,"enemies":"3 Sentries","floor":6,"turns":13},{"damage":0,"enemies":"2 Louse","floor":10,"turns":2},{"damage":12,"enemies":"Looter","floor":11,"turns":3},{"damage":16,"enemies":"Large Slime","floor":12,"turns":8},{"damage":0,"enemies":"3 Louse","floor":13,"turns":3},{"damage":7,"enemies":"Looter","floor":14,"turns":4},{"damage":75,"enemies":"Hexaghost","floor":16,"turns":9}],"seed_played":"-8785559006852760383","potions_obtained":[{"floor":4,"key":"Strength Potion"},{"floor":6,"key":"Strength Potion"}],"is_trial":false,"path_per_floor":["M","?","$","M","?","E","R","?","T","M","M","M","M","M","R","B"],"character_chosen":"IRONCLAD","items_purchased":["Strawberry","PrismaticShard","Dexterity Potion"],"campfire_rested":2,"item_purchase_floors":[3,3,3],"current_hp_per_floor":[72,67,74,74,74,12,34,52,52,58,59,56,62,68,74,0,0],"gold":377,"neow_bonus":"TWO_FIFTY_GOLD","is_daily":false,"chose_seed":false,"campfire_upgraded":0,"win_rate":0.0,"timestamp":1614259725,"path_taken":["M","?","$","M","?","E","R","?","T","M","M","M","M","M","R","BOSS"],"items_purchased_type":["Relic","Relic","Potion"],"build_version":"2020-12-22","purchased_purges":0,"victory":false,"max_hp_per_floor":[72,67,74,74,74,74,74,74,74,74,74,74,74,74,74,74,74],"relic_stats":{"counters":[9,47],"Golden Idol":29,"Pantograph":0,"obtain_stats":[{"Lantern":6,"Golden Idol":2,"Strawberry":3,"Pantograph":9,"PrismaticShard":3,"Burning Blood":0},{"Lantern":3,"Golden Idol":1,"Strawberry":1,"Pantograph":3,"PrismaticShard":1,"Burning Blood":0},{"Lantern":18,"Golden Idol":3,"Strawberry":3,"Pantograph":18,"PrismaticShard":3,"Burning Blood":0}],"Burning Blood":43},"card_choices":[{"not_picked":["Perfected Strike","Evolve"],"picked":"Infernal Blade","floor":1},{"not_picked":["Outmaneuver","FlurryOfBlows"],"picked":"FollowUp","floor":4},{"not_picked":["Dagger Spray","Dark Embrace"],"picked":"WaveOfTheHand","floor":6},{"not_picked":["Quick Slash","Underhanded Strike"],"picked":"Self Repair","floor":10},{"not_picked":["Tactician","Quick Slash"],"picked":"SignatureMove","floor":11},{"not_picked":["Wild Strike","Quick Slash"],"picked":"Bane","floor":12},{"not_picked":["Trip","Warcry","Leap"],"picked":"SKIP","floor":13},{"not_picked":["Infernal Blade","Underhanded Strike"],"picked":"Ball Lightning","floor":14}],"player_experience":125527,"relics_obtained":[{"floor":6,"key":"Lantern"},{"floor":9,"key":"Pantograph"}],"event_choices":[{"damage_healed":0,"gold_gain":0,"player_choice":"Lose Max HP","damage_taken":0,"relics_obtained":["Golden Idol"],"max_hp_gain":0,"max_hp_loss":5,"event_name":"Golden Idol","floor":2,"gold_loss":0},{"damage_healed":0,"gold_gain":175,"player_choice":"AGREE","damage_taken":0,"max_hp_gain":0,"max_hp_loss":0,"event_name":"Liars Game","floor":5,"gold_loss":0,"cards_obtained":["Doubt"]},{"damage_healed":18,"gold_gain":0,"player_choice":"Healed","damage_taken":0,"max_hp_gain":0,"max_hp_loss":0,"event_name":"The Cleric","floor":8,"gold_loss":35}],"is_beta":false,"boss_relics":[],"items_purged_floors":[],"is_endless":false,"potions_floor_spawned":[4,6,13,14],"killed_by":"Hexaghost","ascension_level":0}}