{"host":"28p8ce41sjwa6lzf","time":1614271925,"event":{"mods":["BaseMod","Bestiary","Colored Map","Colored Powertips","Dark Map","Highlight Path","Minty Spire (QoL Compilation)","Permanent Neow","Quick Restart","Random Character Button","Rare Cards Sparkle","Relic Stats","StSLib","Unceasing Turn Reminder","ojb\u0027s Info Mod: The sequel"],"gold_per_floor":[111,126,201,166,181,181,216,216,216,216,230,21,21,51,51,129,129,147,164,174,1,20,20,49,49,49,49,63,78,78,113,113,188,188,207,207,219,233,243,243,273,273,273,308,333,333,201,201,201,201,201,201,201,12,37,37,37],"floor_reached":56,"language":"ENG","playtime":4783,"items_purged":["Strike_B","Defend_B"],"score":1981,"play_id":"a18e2a14-8abc-4fab-aac0-db4e197a2734","local_time":"20210225105205","is_ascension_mode":true,"campfire_choices":[{"data":"Fission","floor":6.0,"key":"SMITH"},{"data":"Zap","floor":8.0,"key":"SMITH"},{"data":"Sweeping Beam","floor":10.0,"key":"SMITH"},{"data":"Dualcast","floor":13.0,"key":"SMITH"},{"data":"Electrodynamics","floor":15.0,"key":"SMITH"},{"data":"Seek","floor":23.0,"key":"SMITH"},{"data":"Core Surge","floor":25.0,"key":"SMITH"},{"floor":30.0,"key":"REST"},{"data":"Steam","floor":32.0,"key":"SMITH"},{"data":"Turbo","floor":40.0,"key":"SMITH"},{"data":"White Noise","floor":42.0,"key":"SMITH"},{"data":"Shame","floor":46.0,"key":"PURGE"},{"floor":49.0,"key":"RECALL"},{"data":"Strike_B","floor":53.0,"key":"PURGE"}],"circlet_count":0,"master_deck":["AscendersBane","Defend_B","Defend_B","Defend_B","Zap+1","Fission+1","Compile Driver","Sweeping Beam+1","Cold Snap","All For One","Glacier","Steam+1","Gash","All For One","Gash","Electrodynamics+1","Seek+1","Steam","Go for the Eyes","Turbo+1","Coolheaded+1","Core Surge+1","Echo Form","Seek+1","White Noise+1","Gash","White Noise"],"relics":["Cracked Core","DataDisk","Singing Bowl","Orrery","Eternal Feather","Empty Cage","OrangePellets","Vajra","Gremlin Horn","StoneCalendar","Kunai","Philosopher\u0027s Stone","Thread and Needle","Bottled Tornado","Peace Pipe","Bag of Preparation"],"acts_visited":["Exordium","TheCity","TheBeyond","TheEnding"],"potions_floor_usage":[56,56],"damage_taken":[{"damage":4.0,"enemies":"Jaw Worm","floor":1.0,"turns":3.0},{"damage":3.0,"enemies":"2 Louse","floor":2.0,"turns":2.0},{"damage":2.0,"enemies":"Cultist","floor":5.0,"turns":4.0},{"damage":39.0,"enemies":"3 Sentries","floor":7.0,"turns":7.0},{"damage":3.0,"enemies":"Blue Slaver","floor":11.0,"turns":2.0},{"damage":0.0,"enemies":"Lagavulin","floor":14.0,"turns":4.0},{"damage":11.0,"enemies":"The Guardian","floor":16.0,"turns":7.0},{"damage":25.0,"enemies":"2 Thieves","floor":18.0,"turns":3.0},{"damage":0.0,"enemies":"Chosen","floor":19.0,"turns":3.0},{"damage":2.0,"enemies":"Snake Plant","floor":20.0,"turns":2.0},{"damage":6.0,"enemies":"3 Cultists","floor":22.0,"turns":3.0},{"damage":13.0,"enemies":"Slavers","floor":24.0,"turns":5.0},{"damage":8.0,"enemies":"Shelled Parasite and Fungi","floor":28.0,"turns":4.0},{"damage":13.0,"enemies":"Snecko","floor":29.0,"turns":5.0},{"damage":13.0,"enemies":"Book of Stabbing","floor":31.0,"turns":5.0},{"damage":9.0,"enemies":"Collector","floor":33.0,"turns":7.0},{"damage":0.0,"enemies":"3 Shapes","floor":35.0,"turns":7.0},{"damage":0.0,"enemies":"3 Darklings","floor":37.0,"turns":2.0},{"damage":0.0,"enemies":"Jaw Worm Horde","floor":38.0,"turns":1.0},{"damage":0.0,"enemies":"Sphere and 2 Shapes","floor":39.0,"turns":2.0},{"damage":10.0,"enemies":"Reptomancer","floor":41.0,"turns":4.0},{"damage":19.0,"enemies":"Nemesis","floor":44.0,"turns":7.0},{"damage":9.0,"enemies":"Mind Bloom Boss Battle","floor":45.0,"turns":6.0},{"damage":45.0,"enemies":"Awakened One","floor":50.0,"turns":9.0},{"damage":37.0,"enemies":"Time Eater","floor":51.0,"turns":12.0},{"damage":75.0,"enemies":"Shield and Spear","floor":55.0,"turns":7.0},{"damage":15,"enemies":"The Heart","floor":56,"turns":9}],"seed_played":"8658554510017011732","potions_obtained":[{"floor":5.0,"key":"CultistPotion"},{"floor":11.0,"key":"Ancient Potion"},{"floor":20.0,"key":"FearPotion"},{"floor":28.0,"key":"AttackPotion"},{"floor":29.0,"key":"Ancient Potion"},{"floor":38.0,"key":"SpeedPotion"},{"floor":41.0,"key":"Weak Potion"},{"floor":55.0,"key":"SneckoOil"}],"is_trial":false,"path_per_floor":["M","M","?","?","M","R","E","R","T","R","M","$","R","E","R","B",null,"M","M","M","$","M","R","E","R","T","?","M","M","R","E","R","B",null,"M","?","M","M","M","R","E","R","T","E","?","R","$","?","R","B","B",null,"R","$","E","B"],"character_chosen":"DEFECT","items_purchased":["Orrery","Gash","OrangePellets","PowerPotion","White Noise"],"campfire_rested":1,"item_purchase_floors":[12,12,21,47,54],"current_hp_per_floor":[60,57,46,63,61,61,22,22,22,22,19,23,23,23,35,24,62,37,37,35,35,29,44,31,46,46,46,40,29,67,56,71,62,76,78,78,80,82,84,89,79,89,89,72,63,81,81,81,91,46,9,71,86,86,13,0,0],"gold":37,"neow_bonus":"ONE_RANDOM_RARE_CARD","is_daily":false,"chose_seed":false,"campfire_upgraded":10,"win_rate":0.0,"timestamp":1614271925,"path_taken":["M","M","?","?","M","R","E","R","T","R","M","$","R","E","R","BOSS","M","M","M","$","M","R","E","R","T","?","M","M","R","E","R","BOSS","M","?","?","M","M","R","E","R","T","E","?","R","$","?","R","BOSS","BOSS","R","$","E","BOSS"],"items_purchased_type":["Relic","Card","Relic","Potion","Card"],"build_version":"2020-12-22","purchased_purges":2,"victory":false,"max_hp_per_floor":[71,71,71,71,71,71,71,71,71,71,71,75,75,75,75,75,75,75,75,75,75,75,75,75,75,75,75,77,79,79,81,81,81,81,83,83,85,87,89,89,89,89,89,91,91,91,91,91,91,91,91,91,91,91,93,93,93],"relic_stats":{"Peace Pipe":2,"OrangePellets":[18],"Singing Bowl":22,"Gremlin Horn":[19,19],"counters":[27,132],"Eternal Feather":130,"StoneCalendar":[195],"Bag of Preparation":[2],"Kunai":[66],"obtain_stats":[{"Singing Bowl":9,"Gremlin Horn":26,"Vajra":24,"Eternal Feather":14,"StoneCalendar":27,"Thread and Needle":41,"Bag of Preparation":55,"Bottled Tornado":44,"Empty Cage":17,"Peace Pipe":45,"OrangePellets":21,"DataDisk":7,"Orrery":12,"Philosopher\u0027s Stone":34,"Kunai":31,"Cracked Core":0},{"Singing Bowl":4,"Gremlin Horn":12,"Vajra":12,"Eternal Feather":6,"StoneCalendar":12,"Thread and Needle":21,"Bag of Preparation":26,"Bottled Tornado":22,"Empty Cage":7,"Peace Pipe":23,"OrangePellets":10,"DataDisk":4,"Orrery":5,"Philosopher\u0027s Stone":16,"Kunai":15,"Cracked Core":0},{"Singing Bowl":16,"Gremlin Horn":45,"Vajra":45,"Eternal Feather":22,"StoneCalendar":45,"Thread and Needle":82,"Bag of Preparation":123,"Bottled Tornado":89,"Empty Cage":29,"Peace Pipe":95,"OrangePellets":37,"DataDisk":16,"Orrery":18,"Philosopher\u0027s Stone":66,"Kunai":59,"Cracked Core":0}]},"card_choices":[{"not_picked":["Coolheaded","Stack"],"picked":"Compile Driver","floor":1.0},{"not_picked":["Redo","Conserve Battery"],"picked":"Sweeping Beam","floor":2.0},{"not_picked":["Meteor Strike","Coolheaded"],"picked":"Cold Snap","floor":5.0},{"not_picked":["Barrage","Static Discharge"],"picked":"All For One","floor":7.0},{"not_picked":["Melter","Fusion"],"picked":"Glacier","floor":11.0},{"not_picked":["Compile Driver","BootSequence"],"picked":"Steam","floor":12.0},{"not_picked":["Beam Cell","Self Repair"],"picked":"Gash","floor":12.0},{"not_picked":["Stack","Go for the Eyes"],"picked":"All For One","floor":12.0},{"not_picked":["Compile Driver","Darkness","Chill"],"picked":"Singing Bowl","floor":12.0},{"not_picked":["BootSequence","Leap","Streamline"],"picked":"Singing Bowl","floor":12.0},{"not_picked":["Creative AI","Reinforced Body"],"picked":"Electrodynamics","floor":14.0},{"not_picked":["Machine Learning","Thunder Strike"],"picked":"Seek","floor":16.0},{"not_picked":["Redo","Conserve Battery+1"],"picked":"Steam","floor":18.0},{"not_picked":["Ball Lightning","Reinforced Body"],"picked":"Go for the Eyes","floor":19.0},{"not_picked":["Gash+1","Ball Lightning"],"picked":"Turbo","floor":20.0},{"not_picked":["Double Energy","Barrage+1"],"picked":"Coolheaded+1","floor":22.0},{"not_picked":["Undo","Stack"],"picked":"Core Surge","floor":24.0},{"not_picked":["Stack","Storm","Glacier"],"picked":"Singing Bowl","floor":28.0},{"not_picked":["Ball Lightning","Force Field","Stack"],"picked":"Singing Bowl","floor":29.0},{"not_picked":["Ball Lightning","Compile Driver","Stack"],"picked":"Singing Bowl","floor":31.0},{"not_picked":["Multi-Cast","Buffer"],"picked":"Echo Form","floor":33.0},{"not_picked":["Streamline","Compile Driver","Sunder+1"],"picked":"Singing Bowl","floor":35.0},{"not_picked":["Hello World+1","Coolheaded","Glacier+1"],"picked":"Singing Bowl","floor":37.0},{"not_picked":["Amplify","Sunder","Reinforced Body"],"picked":"Singing Bowl","floor":38.0},{"not_picked":["Coolheaded","Conserve Battery+1","Sweeping Beam"],"picked":"Singing Bowl","floor":39.0},{"not_picked":["Doom and Gloom","Chill"],"picked":"White Noise","floor":41.0},{"not_picked":["Redo","Compile Driver+1","Melter"],"picked":"Singing Bowl","floor":44.0},{"not_picked":["Redo","Go for the Eyes"],"picked":"Gash","floor":45.0},{"not_picked":["Streamline","Coolheaded","Go for the Eyes"],"picked":"Singing Bowl","floor":55.0}],"player_experience":1401203,"relics_obtained":[{"floor":7.0,"key":"DataDisk"},{"floor":9.0,"key":"Singing Bowl"},{"floor":14.0,"key":"Eternal Feather"},{"floor":24.0,"key":"Vajra"},{"floor":26.0,"key":"Gremlin Horn"},{"floor":31.0,"key":"Kunai"},{"floor":41.0,"key":"Thread and Needle"},{"floor":44.0,"key":"Bottled Tornado"},{"floor":45.0,"key":"Peace Pipe"},{"floor":55.0,"key":"Bag of Preparation"}],"event_choices":[{"damage_healed":0.0,"max_hp_gain":0.0,"max_hp_loss":0.0,"gold_gain":75.0,"event_name":"World of Goop","player_choice":"Gather Gold","floor":3.0,"gold_loss":0.0,"damage_taken":11.0},{"damage_healed":17.0,"max_hp_gain":0.0,"max_hp_loss":0.0,"gold_gain":0.0,"event_name":"The Cleric","player_choice":"Healed","floor":4.0,"gold_loss":35.0,"damage_taken":0.0},{"damage_healed":0.0,"max_hp_gain":0.0,"max_hp_loss":0.0,"gold_gain":0.0,"event_name":"Addict","player_choice":"Stole Relic","floor":27.0,"gold_loss":0.0,"damage_taken":0.0,"relics_obtained":["StoneCalendar"],"cards_obtained":["Shame"]},{"damage_healed":0.0,"max_hp_gain":0.0,"max_hp_loss":0.0,"gold_gain":0.0,"event_name":"Duplicator","player_choice":"Copied","floor":36.0,"gold_loss":0.0,"damage_taken":0.0,"cards_obtained":["Seek"]},{"damage_healed":0.0,"max_hp_gain":0.0,"max_hp_loss":0.0,"gold_gain":0.0,"event_name":"MindBloom","player_choice":"Fight","floor":45.0,"gold_loss":0.0,"damage_taken":0.0},{"cards_removed":["Dualcast"],"damage_healed":0.0,"max_hp_gain":0.0,"max_hp_loss":0.0,"gold_gain":0.0,"event_name":"Falling","player_choice":"Removed Skill","floor":48.0,"gold_loss":0.0,"damage_taken":0.0}],"is_beta":false,"boss_relics":[{"not_picked":["Calling Bell","Black Star"],"picked":"Empty Cage"},{"not_picked":["Nuclear Battery","Velvet Choker"],"picked":"Philosopher\u0027s Stone"}],"items_purged_floors":[47,54],"is_endless":false,"potions_floor_spawned":[5,11,20,28,29,31,35,38,41,55],"killed_by":"The Heart","ascension_level":20}}