{"host":"2yqfi47fogfu1ic4","time":1614289276,"event":{"mods":["AchievementEnabler","BaseMod","Colored Map","Colored Powertips","Highlight Path","Minty Spire (QoL Compilation)","Permanent Neow","Relic Stats","StSLib"],"gold_per_floor":[112,126,126,141,141,141,152,77,103,135,35,35,48,81,81,158,158,158,158,208,235,235,267,285,310,310,339,30,130,161,34,34,111,111,128,128,143,143,161,161,188,188,188,188,201,231,181,191,191,191,191,191,191,31,61,61],"floor_reached":57,"language":"DEU","playtime":3532,"items_purged":["Strike_G","Strike_G","Phantasmal Killer","Strike_G+1","Storm of Steel+1"],"score":3738,"play_id":"b3b887f9-0eb2-4a9c-aabd-4ca581d8b177","local_time":"20210225224116","is_ascension_mode":true,"campfire_choices":[{"data":"Catalyst","floor":6.0,"key":"SMITH"},{"data":"Bouncing Flask","floor":12.0,"key":"SMITH"},{"data":"Deadly Poison","floor":15.0,"key":"SMITH"},{"data":"Footwork","floor":32,"key":"SMITH"},{"data":"Catalyst","floor":40,"key":"SMITH"},{"data":"Well Laid Plans","floor":42,"key":"SMITH"},{"data":"Crippling Poison","floor":44,"key":"SMITH"},{"floor":49,"key":"RECALL"},{"floor":53,"key":"REST"}],"circlet_count":0,"master_deck":["AscendersBane","Defend_G+1","Defend_G+1","Defend_G+1","Defend_G+1","Survivor","Deadly Poison+1","Catalyst+1","Bouncing Flask+1","PiercingWail","Corpse Explosion","Leg Sweep","PiercingWail","Crippling Poison+1","PanicButton","Leg Sweep+1","Footwork+1","Malaise","Deflect+1","Backflip+1","PiercingWail","Well Laid Plans+1","Dark Shackles","Secret Technique","Impatience","Catalyst+1","Backflip","Acrobatics","Blur"],"relics":["SlaversCollar","Art of War","Snake Skull","Potion Belt","Velvet Choker","Red Mask","Singing Bowl","Smiling Mask","Turnip","Regal Pillow","TwistedFunnel","Prayer Wheel","HornCleat","Akabeko","Astrolabe","InkBottle","Blue Candle","Lizard Tail","Chemical X","The Specimen"],"acts_visited":["Exordium","TheCity","TheBeyond","TheEnding"],"potions_floor_usage":[33,55,56,56,56,56],"damage_taken":[{"damage":0.0,"enemies":"Jaw Worm","floor":1.0,"turns":5.0},{"damage":4.0,"enemies":"2 Louse","floor":2.0,"turns":3.0},{"damage":3.0,"enemies":"Cultist","floor":4.0,"turns":4.0},{"damage":5.0,"enemies":"Red Slaver","floor":7.0,"turns":3.0},{"damage":20.0,"enemies":"Lagavulin","floor":10.0,"turns":7.0},{"damage":6.0,"enemies":"Looter","floor":13.0,"turns":3.0},{"damage":12.0,"enemies":"3 Sentries","floor":14.0,"turns":6.0},{"damage":0.0,"enemies":"Hexaghost","floor":16.0,"turns":4.0},{"damage":0.0,"enemies":"Shell Parasite","floor":18.0,"turns":1.0},{"damage":0.0,"enemies":"Masked Bandits","floor":21.0,"turns":2.0},{"damage":5.0,"enemies":"Slavers","floor":23.0,"turns":4.0},{"damage":0.0,"enemies":"Spheric Guardian","floor":24.0,"turns":3.0},{"damage":10.0,"enemies":"Book of Stabbing","floor":25.0,"turns":4.0},{"damage":6,"enemies":"Slavers","floor":27,"turns":3},{"damage":0,"enemies":"Colosseum Slavers","floor":29,"turns":2},{"damage":10,"enemies":"Colosseum Nobs","floor":29,"turns":4},{"damage":4,"enemies":"Gremlin Leader","floor":30,"turns":3},{"damage":10,"enemies":"Collector","floor":33,"turns":9},{"damage":0,"enemies":"Orb Walker","floor":35,"turns":3},{"damage":0,"enemies":"3 Shapes","floor":37,"turns":3},{"damage":0,"enemies":"3 Darklings","floor":39,"turns":3},{"damage":0,"enemies":"Nemesis","floor":41,"turns":3},{"damage":0,"enemies":"Transient","floor":45,"turns":6},{"damage":0,"enemies":"Reptomancer","floor":46,"turns":4},{"damage":0,"enemies":"4 Shapes","floor":48,"turns":4},{"damage":0,"enemies":"Time Eater","floor":50,"turns":5},{"damage":14,"enemies":"Awakened One","floor":51,"turns":16},{"damage":0,"enemies":"Shield and Spear","floor":55,"turns":5},{"damage":2,"enemies":"The Heart","floor":56,"turns":9}],"seed_played":"-4861967808654401223","potions_obtained":[{"floor":1.0,"key":"SteroidPotion"},{"floor":4.0,"key":"Fire Potion"},{"floor":14.0,"key":"SmokeBomb"},{"floor":21.0,"key":"SpeedPotion"},{"floor":25.0,"key":"Strength Potion"},{"floor":27,"key":"Dexterity Potion"},{"floor":29,"key":"EntropicBrew"},{"floor":30,"key":"SpeedPotion"},{"floor":35,"key":"Weak Potion"}],"is_trial":false,"path_per_floor":["M","M","?","M","?","R","M","$","T","E","$","R","M","E","R","B",null,"M","?","?","?","T","E","M","E","T","E","$","?","E","$","R","B",null,"M","?","M","?","M","R","E","R","T","R","M","E","$","M","R","B","B",null,"R","$","E","B",null],"character_chosen":"THE_SILENT","items_purchased":["TwistedFunnel","PanicButton","Footwork","Chemical X"],"campfire_rested":1,"item_purchase_floors":[28,28,31,54],"current_hp_per_floor":[59,55,55,52,52,52,47,47,47,27,27,27,21,9,9,9,52,52,52,52,52,52,47,49,41,41,35,35,27,23,23,23,13,57,59,59,61,51,51,51,53,53,53,53,55,55,55,59,59,59,45,74,84,84,86,84],"gold":61,"neow_bonus":"BOSS_RELIC","is_daily":false,"chose_seed":false,"campfire_upgraded":7,"win_rate":0.0,"timestamp":1614289276,"path_taken":["M","M","?","M","?","R","M","$","T","E","?","R","?","E","R","BOSS","M","?","?","?","?","E","?","E","T","E","$","?","E","?","R","BOSS","M","?","M","?","M","R","E","R","T","R","M","E","$","M","R","BOSS","BOSS","R","$","E","BOSS"],"items_purchased_type":["Relic","Card","Card","Relic"],"build_version":"2020-12-22","purchased_purges":5,"victory":true,"max_hp_per_floor":[66,66,66,66,66,66,66,66,66,66,66,66,66,66,66,66,66,66,66,66,66,66,66,68,70,70,70,70,72,72,72,72,72,72,74,74,76,76,76,76,78,78,78,78,80,80,80,84,84,84,84,84,84,84,86,86],"relic_stats":{"Regal Pillow":0,"Singing Bowl":20,"counters":[29,131],"Astrolabe":["Storm of Steel","Deflect","Backflip"],"Blue Candle":[0],"Snake Skull":[207],"Smiling Mask":300,"Lizard Tail":0,"Prayer Wheel":5,"Turnip":[7],"Art of War":[66],"Chemical X":[2],"obtain_stats":[{"Potion Belt":14,"TwistedFunnel":28,"Regal Pillow":27,"Singing Bowl":23,"The Specimen":55,"Astrolabe":34,"Blue Candle":43,"Velvet Choker":17,"Snake Skull":10,"Smiling Mask":25,"Akabeko":30,"SlaversCollar":0,"Lizard Tail":46,"HornCleat":29,"Prayer Wheel":29,"Turnip":26,"Art of War":9,"Red Mask":21,"Chemical X":54,"InkBottle":41,"Ring of the Snake":0},{"Potion Belt":7,"TwistedFunnel":14,"Regal Pillow":14,"Singing Bowl":11,"The Specimen":28,"Astrolabe":18,"Blue Candle":22,"Velvet Choker":8,"Snake Skull":5,"Smiling Mask":13,"Akabeko":17,"SlaversCollar":0,"Lizard Tail":24,"HornCleat":16,"Prayer Wheel":16,"Turnip":13,"Art of War":4,"Red Mask":10,"Chemical X":27,"InkBottle":22,"Ring of the Snake":0},{"Potion Belt":31,"TwistedFunnel":52,"Regal Pillow":52,"Singing Bowl":42,"The Specimen":122,"Astrolabe":70,"Blue Candle":82,"Velvet Choker":35,"Snake Skull":22,"Smiling Mask":49,"Akabeko":61,"SlaversCollar":0,"Lizard Tail":92,"HornCleat":58,"Prayer Wheel":58,"Turnip":49,"Art of War":15,"Red Mask":38,"Chemical X":117,"InkBottle":82,"Ring of the Snake":0}],"InkBottle":[15]},"card_choices":[{"not_picked":["Flechettes","Heel Hook"],"picked":"Flying Knee","floor":1.0},{"not_picked":["Flying Knee","Quick Slash"],"picked":"Deadly Poison","floor":2.0},{"not_picked":["Poisoned Stab","Dagger Throw"],"picked":"Catalyst","floor":4.0},{"not_picked":["Acrobatics","Prepared"],"picked":"Phantasmal Killer","floor":7.0},{"not_picked":["Dagger Spray","Deflect"],"picked":"Bouncing Flask","floor":10.0},{"not_picked":["Eviscerate","Heel Hook","Flying Knee"],"picked":"SKIP","floor":13.0},{"not_picked":["Deflect","Dagger Throw"],"picked":"PiercingWail","floor":14.0},{"not_picked":["Tools of the Trade","Die Die Die"],"picked":"Corpse Explosion","floor":16.0},{"not_picked":["Tactician","Acrobatics"],"picked":"Leg Sweep","floor":21.0},{"not_picked":["Cloak And Dagger","Bane"],"picked":"PiercingWail","floor":23.0},{"not_picked":["Dagger Throw","Endless Agony+1","All Out Attack"],"picked":"Singing Bowl","floor":24.0},{"not_picked":["Quick Slash+1","Skewer","Deadly Poison"],"picked":"Singing Bowl","floor":25.0},{"not_picked":["Sucker Punch+1","Masterful Stab"],"picked":"Crippling Poison","floor":27},{"not_picked":["Poisoned Stab","Deflect","Heel Hook"],"picked":"Singing Bowl","floor":29},{"not_picked":["Eviscerate+1","Dagger Spray"],"picked":"Leg Sweep+1","floor":30},{"not_picked":["A Thousand Cuts","Venomology"],"picked":"Malaise","floor":33},{"not_picked":["Calculated Gamble","Concentrate","Outmaneuver"],"picked":"Singing Bowl","floor":35},{"not_picked":["Deadly Poison","Dodge and Roll"],"picked":"PiercingWail","floor":35},{"not_picked":["All Out Attack","Prepared+1"],"picked":"Well Laid Plans","floor":37},{"not_picked":["Flechettes+1","PiercingWail","Dagger Spray+1"],"picked":"Singing Bowl","floor":37},{"not_picked":["Finesse","Swift Strike"],"picked":"Dark Shackles","floor":38},{"not_picked":["Mind Blast","Finesse"],"picked":"Secret Technique","floor":38},{"not_picked":["Purity","Secret Technique"],"picked":"Impatience","floor":38},{"not_picked":["Caltrops+1","Well Laid Plans"],"picked":"Catalyst","floor":39},{"not_picked":["All Out Attack","Terror"],"picked":"Backflip","floor":39},{"not_picked":["Prepared","Slice+1","Finisher"],"picked":"Singing Bowl","floor":41},{"not_picked":["Choke","Flying Knee","Poisoned Stab"],"picked":"Singing Bowl","floor":45},{"not_picked":["Caltrops","Underhanded Strike"],"picked":"Acrobatics","floor":45},{"not_picked":["Phantasmal Killer","Dagger Throw"],"picked":"Blur","floor":46},{"not_picked":["Prepared","Dagger Throw","PiercingWail"],"picked":"Singing Bowl","floor":48},{"not_picked":["Acrobatics","Sucker Punch","Deadly Poison"],"picked":"Singing Bowl","floor":48},{"not_picked":["Bouncing Flask","Sucker Punch","Well Laid Plans"],"picked":"Singing Bowl","floor":55}],"player_experience":1994473,"relics_obtained":[{"floor":9.0,"key":"Art of War"},{"floor":10.0,"key":"Snake Skull"},{"floor":14.0,"key":"Potion Belt"},{"floor":21.0,"key":"Red Mask"},{"floor":23.0,"key":"Singing Bowl"},{"floor":25.0,"key":"Smiling Mask"},{"floor":26.0,"key":"Turnip"},{"floor":27,"key":"Regal Pillow"},{"floor":29,"key":"Prayer Wheel"},{"floor":29,"key":"HornCleat"},{"floor":30,"key":"Akabeko"},{"floor":41,"key":"InkBottle"},{"floor":43,"key":"Blue Candle"},{"floor":46,"key":"Lizard Tail"},{"floor":55,"key":"The Specimen"}],"event_choices":[{"damage_healed":0.0,"max_hp_gain":0.0,"max_hp_loss":0.0,"gold_gain":0.0,"event_name":"The Cleric","player_choice":"Leave","floor":3.0,"gold_loss":0.0,"damage_taken":0.0},{"cards_removed":["Defend_G"],"damage_healed":0.0,"max_hp_gain":0.0,"max_hp_loss":0.0,"gold_gain":0.0,"event_name":"Bonfire Elementals","player_choice":"Offered Basic","floor":5.0,"gold_loss":0.0,"damage_taken":0.0},{"damage_healed":0.0,"max_hp_gain":0.0,"max_hp_loss":0.0,"gold_gain":0.0,"event_name":"Back to Basics","player_choice":"Simplicity","floor":19.0,"gold_loss":0.0,"damage_taken":0.0,"cards_upgraded":["Strike_G","Strike_G","Strike_G","Defend_G","Defend_G","Defend_G","Defend_G"]},{"damage_healed":0.0,"max_hp_gain":0.0,"max_hp_loss":0.0,"gold_gain":50.0,"event_name":"Nest","player_choice":"Stole From Cult","floor":20.0,"gold_loss":0.0,"damage_taken":0.0},{"damage_healed":0.0,"max_hp_gain":0.0,"max_hp_loss":0.0,"gold_gain":0.0,"event_name":"Masked Bandits","player_choice":"Fought Bandits","floor":21.0,"gold_loss":0.0,"damage_taken":0.0},{"damage_healed":0,"gold_gain":0,"player_choice":"Fight","damage_taken":0,"max_hp_gain":0,"max_hp_loss":0,"event_name":"Colosseum","floor":29,"gold_loss":0},{"damage_healed":0,"gold_gain":0,"player_choice":"Fought Nobs","damage_taken":0,"max_hp_gain":0,"max_hp_loss":0,"event_name":"Colosseum","floor":29,"gold_loss":0},{"cards_removed":["Flying Knee"],"damage_healed":0,"gold_gain":0,"player_choice":"Removed Attack","damage_taken":0,"max_hp_gain":0,"max_hp_loss":0,"event_name":"Falling","floor":36,"gold_loss":0},{"damage_healed":0,"gold_gain":0,"player_choice":"Memory 3","damage_taken":10,"max_hp_gain":0,"max_hp_loss":0,"event_name":"SensoryStone","floor":38,"gold_loss":0}],"is_beta":false,"boss_relics":[{"not_picked":["Black Star","WristBlade"],"picked":"Velvet Choker"},{"not_picked":["HoveringKite","Coffee Dripper"],"picked":"Astrolabe"}],"items_purged_floors":[8,11,28,31,47],"is_endless":false,"potions_floor_spawned":[1,4,13,14,21,25,27,29,29,30,35,39,48],"ascension_level":20}}