{"host":"emzatosnsokm6754","time":1614252366,"event":{"mods":["Act Like it!","BaseMod","Bossed Relics","Colored Powertips","Dota2Spire","Energized Spire","Minty Spire (QoL Compilation)","Rare Cards Sparkle","Replay The Spire","Ruina","Small Relic Pack","StSLib","The Hierophant","The Servant 0.9.4"],"gold_per_floor":[115,190,210,273,289,289,301,316,316,320,63,89,40,41,41,1,1],"floor_reached":16,"language":"ENG","playtime":584,"items_purged":["hierophant:FlamingChariot"],"score":94,"play_id":"cb73e4de-3bbb-484d-bea8-1f6760bdd47e","local_time":"20210226002606","is_ascension_mode":false,"campfire_choices":[{"data":"hierophant:FieryStrike","floor":6,"key":"SMITH"},{"floor":15,"key":"REST"}],"circlet_count":0,"master_deck":["hierophant:Strike_Hierophant","hierophant:Strike_Hierophant","hierophant:Strike_Hierophant","hierophant:Strike_Hierophant","hierophant:Punish","hierophant:Defend_Hierophant","hierophant:Defend_Hierophant","hierophant:Defend_Hierophant","hierophant:Defend_Hierophant","hierophant:ChurchCoffers","hierophant:ThreeLashes","hierophant:Encroach","hierophant:FieryStrike+1","HandOfGreed","hierophant:FaithHealing","hierophant:Purify","hierophant:HammerAndAnvil"],"relics":["hierophant:PropheticMaskRelic","Dota2Spire:MaskOfMadness","Counterbalance","Odd Mushroom"],"acts_visited":["Exordium"],"potions_floor_usage":[16],"damage_taken":[{"damage":0,"enemies":"2 Louse","floor":1,"turns":1},{"damage":1,"enemies":"Jaw Worm","floor":3,"turns":3},{"damage":0,"enemies":"Small Slimes","floor":5,"turns":2},{"damage":4,"enemies":"2 Fungi Beasts","floor":7,"turns":3},{"damage":14,"enemies":"Blue Slaver","floor":8,"turns":3},{"damage":11,"enemies":"Lots of Slimes","floor":10,"turns":2},{"damage":9,"enemies":"The Mushroom Lair","floor":12,"turns":3},{"damage":0,"enemies":"Looter","floor":14,"turns":1},{"damage":37,"enemies":"Hexaghost","floor":16,"turns":8}],"seed_played":"1975595198960245107","potions_obtained":[{"floor":4,"key":"SmokeBomb"},{"floor":7,"key":"LiquidMemories"}],"is_trial":false,"path_per_floor":["M","?","M","?","M","R","M","M","T","M","$","?","$","M","R","B"],"character_chosen":"HIEROPHANT","items_purchased":["HandOfGreed","hierophant:Purify"],"campfire_rested":1,"item_purchase_floors":[11,13],"current_hp_per_floor":[75,64,63,45,50,50,46,32,32,21,21,12,12,12,34,4,4],"gold":1,"neow_bonus":"THREE_CARDS","is_daily":false,"chose_seed":false,"campfire_upgraded":1,"win_rate":0.0,"timestamp":1614252366,"path_taken":["M","?","M","?","M","R","M","M","T","M","$","?","?","M","R","BOSS"],"items_purchased_type":["Card","Card"],"build_version":"2020-12-22","purchased_purges":1,"victory":false,"max_hp_per_floor":[75,75,75,75,75,75,75,75,75,75,75,75,75,75,75,75,75],"card_choices":[{"not_picked":["hierophant:Empathy","hierophant:Patience"],"picked":"hierophant:ThreeLashes","floor":0},{"not_picked":["hierophant:RepressedViolence","hierophant:SealAway","hierophant:Mercenaries"],"picked":"SKIP","floor":1},{"not_picked":["hierophant:AuricShield","hierophant:PassingBell"],"picked":"hierophant:Encroach","floor":3},{"not_picked":["hierophant:SealAway","hierophant:Smite"],"picked":"hierophant:FieryStrike","floor":4},{"not_picked":["hierophant:RepressedViolence","hierophant:RustyCrate"],"picked":"hierophant:FlamingChariot","floor":4},{"not_picked":["hierophant:SealAway","hierophant:HolyVerse","hierophant:Sermon"],"picked":"SKIP","floor":5},{"not_picked":["hierophant:RepressedViolence","hierophant:AuricBeam","hierophant:PristineSoul"],"picked":"SKIP","floor":7},{"not_picked":["hierophant:FlamingChariot","hierophant:Cornucopia","hierophant:MirrorShield"],"picked":"SKIP","floor":8},{"not_picked":["hierophant:RustyCrate","hierophant:DisplayOfPower","hierophant:Doomsaying"],"picked":"SKIP","floor":10},{"not_picked":["hierophant:PassingBell","hierophant:OrnateBuckler"],"picked":"hierophant:FaithHealing","floor":12},{"not_picked":["hierophant:OrnateJavelin","hierophant:ThreeLashes"],"picked":"hierophant:HammerAndAnvil","floor":14}],"player_experience":231991,"relics_obtained":[{"floor":4,"key":"Dota2Spire:MaskOfMadness"},{"floor":9,"key":"Counterbalance"},{"floor":12,"key":"Odd Mushroom"}],"event_choices":[{"damage_healed":0,"gold_gain":75,"player_choice":"Gather Gold","damage_taken":11,"max_hp_gain":0,"max_hp_loss":0,"event_name":"World of Goop","floor":2,"gold_loss":0},{"damage_healed":0,"gold_gain":0,"player_choice":"Fought Mushrooms","damage_taken":0,"max_hp_gain":0,"max_hp_loss":0,"event_name":"Mushrooms","floor":12,"gold_loss":0}],"is_beta":false,"boss_relics":[],"items_purged_floors":[11],"is_endless":false,"potions_floor_spawned":[7],"killed_by":"Hexaghost","ascension_level":0}}