{"host":"1t0llcfp0lo7rmr4","time":1614221823,"event":{"mods":["AchievementEnabler","Aspiration","BaseMod","Beaked The Cultist","Better Note","Block Reminder","Colored Powertips","GifTheSpireLib","Hermit","Hubris","Jorbs\u0027s Wanderer Trilogy","Minty Spire (QoL Compilation)","Permanent Neow","Potionbrewer","Quick Restart","Relic Filter","Replay The Spire","StSLib","SuperFastMode","The Bladedancer","The Bug Knight","The Cursed","The Death Knight","The Druid","The Elementalist","The Exalted","The Forsaken","The Judge","The Poker Player","The Runesmith"],"gold_per_floor":[113,193,57,7,7,7,38,38,38,69,69,88,102,113,113,216,216,197,197,197,222,222,222,238,238,238,238,255,280,318,390,390,493,493,518,560,575,575,575,575,28,45,45,45,64,82,107,0,0,5,5,5,5,39,39,39],"floor_reached":55,"language":"ENG","playtime":4273,"items_purged":[],"score":695,"play_id":"7184f73a-29d4-4aae-b111-373752de03c9","local_time":"20210225135703","is_ascension_mode":false,"campfire_choices":[{"floor":6.0,"key":"RECALL"},{"data":"hermit:TakeAim","floor":8.0,"key":"SMITH"},{"data":"Demon Form","floor":15,"key":"SMITH"},{"floor":23,"key":"REST"},{"data":"hermit:FlashPowder","floor":25,"key":"SMITH"},{"data":"hermit:Combo","floor":27,"key":"SMITH"},{"data":"hermit:GhostlyPresence","floor":32,"key":"SMITH"},{"data":"hermit:FatalDesire","floor":40,"key":"SMITH"},{"floor":49,"key":"REST"},{"data":"Madness","floor":52,"key":"SMITH"}],"circlet_count":0,"master_deck":["hermit:Strike_Hermit","hermit:Strike_Hermit","hermit:Strike_Hermit","hermit:Strike_Hermit","hermit:Defend_Hermit","hermit:Defend_Hermit","hermit:Defend_Hermit","hermit:Snapshot","hermit:Covet","hermit:Combo+1","hermit:CursedWeapon+1","hermit:Determination+1","hermit:TakeAim+1","Demon Form+1","hermit:GhostlyPresence+1","Reaper","hermit:Scavenge","hermit:Virtue","hermit:FlashPowder+1","hermit:Manifest+1","hermit:FatalDesire+1","hermit:Cheat","ReplayTheSpireMod:Splinters","hermit:ItchyTrigger+1","Madness+1","Madness","hermit:Malice+1","Apotheosis+1","hermit:ShadowCloak","Parasite","hermit:BlackWind+1","hermit:Enervate+1","hermit:Feint"],"relics":["hermit:Momento","aspiration:Nostalgia","m_ByrdBlood","Ginger","potionbrewer:AlchemistFlask","Philosopher\u0027s Stone","hubris:HerbalPaste","Pear","Quantum Egg","Regal Pillow","Gremlin Horn","Replay:Bottled Steam","DeathKnight:SindragosasSkull","SacredBark","Molten Egg 2","hubris:64BitClover","Letter Opener","Red Mask","Replay:Arrowhead"],"acts_visited":["Exordium","TheCity","TheBeyond","TheEnding"],"potions_floor_usage":[16,28,33,45,46,47,50,50,55],"damage_taken":[{"damage":0.0,"enemies":"2 Louse","floor":1.0,"turns":2.0},{"damage":27.0,"enemies":"Replay:BlueRogue","floor":7.0,"turns":5.0},{"damage":2.0,"enemies":"HollowMod:MossKnight","floor":10.0,"turns":7.0},{"damage":16.0,"enemies":"Jaw Worm","floor":12.0,"turns":4.0},{"damage":3.0,"enemies":"Cultist","floor":13.0,"turns":3.0},{"damage":12,"enemies":"2 Fungi Beasts","floor":14,"turns":4},{"damage":66,"enemies":"The Guardian","floor":16,"turns":5},{"damage":25,"enemies":"2 Thieves","floor":18,"turns":4},{"damage":34,"enemies":"3 Byrds","floor":21,"turns":7},{"damage":35,"enemies":"Snake Plant","floor":24,"turns":4},{"damage":17,"enemies":"Centurion and Healer","floor":28,"turns":5},{"damage":18,"enemies":"Chosen and Byrds","floor":29,"turns":6},{"damage":12,"enemies":"Replay:Snechameleon","floor":30,"turns":7},{"damage":42,"enemies":"Champ","floor":33,"turns":8},{"damage":18,"enemies":"3 Darklings","floor":35,"turns":5},{"damage":13,"enemies":"Orb Walker","floor":37,"turns":3},{"damage":63,"enemies":"Jaw Worm Horde","floor":42,"turns":5},{"damage":52,"enemies":"Writhing Mass","floor":45,"turns":7},{"damage":10,"enemies":"Spire Growth","floor":46,"turns":3},{"damage":44,"enemies":"4 Shapes","floor":47,"turns":4},{"damage":18,"enemies":"hubris:GrandSnecko","floor":50,"turns":10},{"damage":109,"enemies":"Shield and Spear","floor":54,"turns":7},{"damage":51,"enemies":"The Heart","floor":55,"turns":2}],"seed_played":"-3850039155980357115","potions_obtained":[{"floor":1.0,"key":"potionbrewer:AcidPotion"},{"floor":7.0,"key":"AttackPotion"},{"floor":10.0,"key":"potionbrewer:CleansingPotion"},{"floor":24,"key":"Block Potion"},{"floor":29,"key":"PowerPotion"},{"floor":30,"key":"potionbrewer:ToxicPotion"},{"floor":42,"key":"potionbrewer:FreezingPotion"},{"floor":45,"key":"Ancient Potion"},{"floor":46,"key":"Fire Potion"},{"floor":47,"key":"Doom Potion"}],"is_trial":false,"path_per_floor":["M","?","$","?","$","R","E","R","T","E","$","M","M","M","R","B",null,"M","?","$","M","?","R","M","R","T","R","M","M","E","T","R","B",null,"M","?","M","?","?","R","$","M","T","?","M","M","M","?","R","B",null,"R","$","E","B"],"character_chosen":"HERMIT","items_purchased":["hermit:CursedWeapon","hermit:Determination+1","hubris:HerbalPaste","Pear","Quantum Egg","Regal Pillow","Apotheosis","hubris:64BitClover","hermit:ShadowCloak"],"campfire_rested":2,"item_purchase_floors":[3,3,20,20,20,20,41,41,41],"current_hp_per_floor":[75,75,75,75,75,75,60,60,60,66,66,56,59,59,59,23,75,75,75,34,45,45,85,85,85,85,85,85,85,85,85,85,85,85,85,85,85,74,74,74,74,47,47,47,44,55,55,55,85,85,85,85,85,21,0,0],"gold":39,"neow_bonus":"NOSTALGIA","is_daily":false,"chose_seed":false,"campfire_upgraded":7,"win_rate":0.0,"timestamp":1614221823,"path_taken":["M","?","$","?","$","R","E","R","T","E","$","M","M","?","R","BOSS","M","?","?","M","?","R","M","R","T","R","M","M","E","?","R","BOSS","M","?","M","?","?","R","$","M","T","?","M","?","M","?","R","BOSS","R","$","E","BOSS"],"items_purchased_type":["Card","Card","Relic","Relic","Relic","Relic","Card","Relic","Card"],"build_version":"2020-12-22","purchased_purges":0,"victory":false,"max_hp_per_floor":[75,75,75,75,75,75,75,75,75,75,75,75,75,75,75,75,75,75,75,85,85,85,85,85,85,85,85,85,85,85,85,85,85,85,85,85,85,85,85,85,85,85,85,85,85,85,85,85,85,85,85,85,85,85,85,85],"card_choices":[{"not_picked":["beaked:FeelMyPain","hermit:Showdown"],"picked":"hermit:Combo","floor":1.0},{"not_picked":["hermit:Determination","hermit:DeadMansHand"],"picked":"hermit:TakeAim","floor":7.0},{"not_picked":["hermit:Ricochet","hermit:Combo"],"picked":"Demon Form","floor":10.0},{"not_picked":["beaked:FeelMyPain","hermit:HoleUp"],"picked":"hermit:GhostlyPresence","floor":12.0},{"not_picked":["hermit:ItchyTrigger","hermit:Coalescence","beaked:WarriorEssence"],"picked":"SKIP","floor":13.0},{"not_picked":["hermit:Desperado","beaked:BloodForTheGods","hermit:Dive"],"picked":"SKIP","floor":14},{"not_picked":["hermit:Magnum","hermit:Roughhouse"],"picked":"Reaper","floor":16},{"not_picked":["hermit:CalledShot","hermit:Ricochet"],"picked":"hermit:Scavenge","floor":18},{"not_picked":["hermit:Spite","hermit:BodyArmor"],"picked":"hermit:Virtue","floor":21},{"not_picked":["hermit:Combo+1","hermit:HighCaliber"],"picked":"hermit:FlashPowder","floor":24},{"not_picked":["hermit:FinalCanter","hermit:Coalescence"],"picked":"hermit:Manifest+1","floor":28},{"not_picked":["hermit:Manifest","hermit:BodyArmor","hermit:HighCaliber+1"],"picked":"SKIP","floor":29},{"not_picked":["hermit:CursedWeapon+1","hermit:Manifest","hermit:HoleUp"],"picked":"SKIP","floor":30},{"not_picked":["hermit:EternalForm","hermit:RoundhouseKick"],"picked":"hermit:FatalDesire","floor":33},{"not_picked":["hermit:Glare","hermit:Desperado"],"picked":"hermit:Cheat","floor":35},{"not_picked":["hermit:Grudge+1","hermit:Snipe"],"picked":"hermit:ItchyTrigger+1","floor":36},{"not_picked":["hermit:TakeAim","hermit:NoHoldsBarred+1","hermit:CalledShot+1"],"picked":"SKIP","floor":37},{"not_picked":["hermit:Ricochet+1","hermit:DeadMansHand+1","hermit:Misfire+1"],"picked":"SKIP","floor":42},{"not_picked":["hermit:CalledShot+1","hermit:Headshot+1"],"picked":"hermit:BlackWind+1","floor":45},{"not_picked":["hermit:Dive","hermit:Glare","hermit:LowProfile+1"],"picked":"SKIP","floor":46},{"not_picked":["hermit:Snipe+1","hermit:Feint"],"picked":"hermit:Enervate+1","floor":47},{"not_picked":["hermit:DeadOrAlive+1","hermit:HighCaliber+1"],"picked":"hermit:Feint","floor":54}],"player_experience":886899,"relics_obtained":[{"floor":7.0,"key":"Ginger"},{"floor":10.0,"key":"potionbrewer:AlchemistFlask"},{"floor":26,"key":"Gremlin Horn"},{"floor":30,"key":"Replay:Bottled Steam"},{"floor":31,"key":"DeathKnight:SindragosasSkull"},{"floor":36,"key":"Molten Egg 2"},{"floor":43,"key":"Letter Opener"},{"floor":54,"key":"Replay:Arrowhead"}],"event_choices":[{"cards_removed":["hermit:Defend_Hermit"],"damage_healed":0.0,"max_hp_gain":0.0,"max_hp_loss":0.0,"gold_gain":0.0,"event_name":"The Cleric","player_choice":"Card Removal","floor":4.0,"gold_loss":50.0,"damage_taken":0.0},{"damage_healed":0,"gold_gain":0,"player_choice":"Upgraded","damage_taken":0,"max_hp_gain":0,"max_hp_loss":0,"event_name":"Upgrade Shrine","floor":19,"gold_loss":0,"cards_upgraded":["hermit:CursedWeapon"]},{"cards_removed":["hermit:Defend_Hermit"],"damage_healed":0,"gold_gain":0,"player_choice":"Give","damage_taken":0,"max_hp_gain":0,"max_hp_loss":0,"event_name":"betterNote:BetterNote","floor":22,"gold_loss":0,"cards_obtained":["hermit:Defend_Hermit"]},{"damage_healed":0,"gold_gain":0,"player_choice":"Embrace Madness","damage_taken":11,"max_hp_gain":0,"max_hp_loss":0,"event_name":"Winding Halls","floor":38,"gold_loss":0,"cards_obtained":["Madness","Madness"]},{"damage_healed":0,"gold_gain":0,"player_choice":"Upgraded","damage_taken":0,"max_hp_gain":0,"max_hp_loss":0,"event_name":"Upgrade Shrine","floor":44,"gold_loss":0,"cards_upgraded":["Apotheosis"]},{"damage_healed":0,"gold_gain":0,"player_choice":"Paid","damage_taken":0,"relics_obtained":["Red Mask"],"max_hp_gain":0,"max_hp_loss":0,"event_name":"Tomb of Lord Red Mask","floor":48,"gold_loss":107}],"is_beta":false,"boss_relics":[{"not_picked":["aspiration:SecretTechniqueScroll","hubris:HollowSoul"],"picked":"Philosopher\u0027s Stone"},{"not_picked":["theForsaken:PaleLantern","SlaversCollar"],"picked":"SacredBark"}],"items_purged_floors":[],"is_endless":false,"potions_floor_spawned":[1,7,10,24,29,30,42,45,46,47],"killed_by":"The Heart","ascension_level":0}}