{"host":"dr8zw64a6ikw4f73","time":1614212059,"event":{"mods":["AchievementEnabler","BaseMod","Colored Map","DeckTracker","Minty Spire (QoL Compilation)","StSLib","SuperFastMode"],"gold_per_floor":[109,124,136,147,147,147,173,173,243,259,285,303,303,323,323,418,418,428,428,428,378,388,420,420,430,454,469,469,497,511,540,540,636,636,649,649,664,676,676,702,207,207,288,302,316,316,334,7,7,7,7],"floor_reached":50,"language":"KOR","playtime":2914,"items_purged":["Strike_R"],"score":914,"play_id":"3fae8317-0bff-4d0c-a006-301335d8e510","local_time":"20210225091419","is_ascension_mode":true,"campfire_choices":[{"floor":6.0,"key":"REST"},{"floor":8.0,"key":"REST"},{"floor":15.0,"key":"REST"},{"floor":24.0,"key":"REST"},{"floor":28.0,"key":"REST"},{"floor":32.0,"key":"REST"},{"data":"1","floor":42,"key":"LIFT"},{"data":"2","floor":46,"key":"LIFT"},{"data":"3","floor":49,"key":"LIFT"}],"circlet_count":0,"master_deck":["AscendersBane","Strike_R","Strike_R","Strike_R","Strike_R","Defend_R","Defend_R","Defend_R","Defend_R","Bash","Ghostly Armor","Offering","Thunderclap","Feel No Pain","True Grit","Second Wind","Regret","Impervious","Limit Break","J.A.X.","Sentinel+1","Twin Strike+1","Rupture","Twin Strike","Limit Break+1","Havoc+1","Headbutt","Heavy Blade","Flex+1","Armaments+1","Secret Technique+1"],"relics":["Black Blood","Du-Vu Doll","Mercury Hourglass","Bag of Preparation","Vajra","Busted Crown","Toxic Egg 2","Toy Ornithopter","Pen Nib","Kunai","Regal Pillow","Girya","Brimstone","Blue Candle","Eternal Feather","Bag of Marbles"],"acts_visited":["Exordium","TheCity","TheBeyond"],"potions_floor_usage":[35,38,40,45,50],"damage_taken":[{"damage":18.0,"enemies":"Jaw Worm","floor":1.0,"turns":4.0},{"damage":13.0,"enemies":"Small Slimes","floor":2.0,"turns":5.0},{"damage":3.0,"enemies":"2 Louse","floor":3.0,"turns":2.0},{"damage":33.0,"enemies":"Large Slime","floor":4.0,"turns":7.0},{"damage":31.0,"enemies":"3 Sentries","floor":7.0,"turns":13.0},{"damage":6.0,"enemies":"Looter","floor":10.0,"turns":4.0},{"damage":18.0,"enemies":"Lagavulin","floor":11.0,"turns":4.0},{"damage":6.0,"enemies":"Red Slaver","floor":12.0,"turns":2.0},{"damage":0.0,"enemies":"3 Louse","floor":14.0,"turns":2.0},{"damage":56.0,"enemies":"The Guardian","floor":16.0,"turns":10.0},{"damage":18.0,"enemies":"2 Thieves","floor":18.0,"turns":3.0},{"damage":19.0,"enemies":"Shell Parasite","floor":22.0,"turns":4.0},{"damage":40.0,"enemies":"Gremlin Leader","floor":23.0,"turns":6.0},{"damage":16.0,"enemies":"Snecko","floor":25.0,"turns":5.0},{"damage":13.0,"enemies":"Centurion and Healer","floor":27.0,"turns":4.0},{"damage":28.0,"enemies":"Book of Stabbing","floor":29.0,"turns":4.0},{"damage":5.0,"enemies":"Cultist and Chosen","floor":30.0,"turns":4.0},{"damage":19.0,"enemies":"Gremlin Leader","floor":31.0,"turns":5.0},{"damage":39.0,"enemies":"Collector","floor":33.0,"turns":4.0},{"damage":23,"enemies":"3 Darklings","floor":35,"turns":6},{"damage":4,"enemies":"Orb Walker","floor":37,"turns":2},{"damage":23,"enemies":"Jaw Worm Horde","floor":38,"turns":3},{"damage":64,"enemies":"Nemesis","floor":40,"turns":6},{"damage":6,"enemies":"3 Darklings","floor":44,"turns":3},{"damage":11,"enemies":"Maw","floor":45,"turns":3},{"damage":5,"enemies":"4 Shapes","floor":47,"turns":4},{"damage":86,"enemies":"Awakened One","floor":50,"turns":5}],"seed_played":"-5759372746034331725","potions_obtained":[{"floor":4.0,"key":"Weak Potion"},{"floor":10.0,"key":"FearPotion"},{"floor":11.0,"key":"Strength Potion"},{"floor":12.0,"key":"Dexterity Potion"},{"floor":18.0,"key":"BloodPotion"},{"floor":29.0,"key":"ColorlessPotion"},{"floor":31.0,"key":"Fire Potion"},{"floor":33.0,"key":"ColorlessPotion"},{"floor":35,"key":"ColorlessPotion"},{"floor":40,"key":"LiquidMemories"},{"floor":44,"key":"SpeedPotion"}],"is_trial":false,"path_per_floor":["M","M","M","M","?","R","E","R","T","M","E","M","?","M","R","B",null,"M","?","?","?","M","E","R","M","T","M","R","E","M","E","R","B",null,"M","?","M","M","?","E","$","R","T","M","M","R","M","$","R","B"],"character_chosen":"IRONCLAD","items_purchased":["Flex+1","Brimstone","Blue Candle","Bag of Marbles","Secret Technique+1"],"campfire_rested":6,"item_purchase_floors":[41,41,41,48,48],"current_hp_per_floor":[68,61,64,37,37,63,38,64,64,64,52,52,52,58,84,34,75,63,63,63,63,50,33,59,49,49,47,73,51,52,39,65,37,75,69,69,77,71,71,24,24,24,24,30,36,54,61,61,79,0,0],"gold":7,"neow_bonus":"TEN_PERCENT_HP_BONUS","is_daily":false,"chose_seed":false,"campfire_upgraded":0,"win_rate":0.0,"timestamp":1614212059,"path_taken":["M","M","M","M","?","R","E","R","T","M","E","M","?","M","R","BOSS","M","?","?","?","?","E","R","M","T","M","R","E","M","E","R","BOSS","M","?","?","M","?","E","$","R","T","M","M","R","M","$","R","BOSS"],"items_purchased_type":["Card","Relic","Relic","Relic","Card"],"build_version":"2020-12-22","purchased_purges":1,"victory":false,"max_hp_per_floor":[88,88,88,88,88,88,88,88,88,88,88,88,88,88,88,88,88,88,88,88,88,88,88,88,88,88,88,88,88,88,88,88,88,88,88,88,88,88,88,88,88,88,88,88,88,88,88,88,88,88,88],"card_choices":[{"not_picked":["Thunderclap","Anger"],"picked":"Rampage","floor":1.0},{"not_picked":["Uppercut","Havoc","Perfected Strike"],"picked":"SKIP","floor":2.0},{"not_picked":["Body Slam","Clothesline"],"picked":"Ghostly Armor","floor":3.0},{"not_picked":["Sword Boomerang","Sever Soul"],"picked":"Offering","floor":4.0},{"not_picked":["Iron Wave","Carnage"],"picked":"Thunderclap","floor":7.0},{"not_picked":["True Grit","Headbutt"],"picked":"Feel No Pain","floor":10.0},{"not_picked":["Body Slam","Pommel Strike"],"picked":"True Grit","floor":11.0},{"not_picked":["Evolve","Rampage"],"picked":"Second Wind","floor":12.0},{"not_picked":["Armaments","Perfected Strike"],"picked":"Impervious","floor":14.0},{"not_picked":["Immolate","Fiend Fire"],"picked":"Limit Break","floor":16.0},{"not_picked":["Entrench"],"picked":"SKIP","floor":18.0},{"not_picked":["Carnage"],"picked":"SKIP","floor":22.0},{"not_picked":["Thunderclap"],"picked":"SKIP","floor":23.0},{"not_picked":[],"picked":"Sentinel+1","floor":25.0},{"not_picked":[],"picked":"Twin Strike+1","floor":27.0},{"not_picked":[],"picked":"Rupture","floor":29.0},{"not_picked":["Wild Strike"],"picked":"SKIP","floor":30.0},{"not_picked":[],"picked":"Twin Strike","floor":31.0},{"not_picked":[],"picked":"Limit Break+1","floor":33.0},{"not_picked":[],"picked":"Havoc+1","floor":35},{"not_picked":[],"picked":"Headbutt","floor":37},{"not_picked":["Body Slam"],"picked":"SKIP","floor":38},{"not_picked":["Heavy Blade"],"picked":"SKIP","floor":40},{"not_picked":[],"picked":"Heavy Blade","floor":40},{"not_picked":[],"picked":"Armaments+1","floor":44},{"not_picked":["Clothesline"],"picked":"SKIP","floor":45},{"not_picked":["Iron Wave+1"],"picked":"SKIP","floor":47}],"player_experience":130630,"relics_obtained":[{"floor":7.0,"key":"Du-Vu Doll"},{"floor":9.0,"key":"Mercury Hourglass"},{"floor":11.0,"key":"Bag of Preparation"},{"floor":23.0,"key":"Toxic Egg 2"},{"floor":26.0,"key":"Toy Ornithopter"},{"floor":29.0,"key":"Pen Nib"},{"floor":31.0,"key":"Kunai"},{"floor":40,"key":"Girya"},{"floor":43,"key":"Eternal Feather"}],"event_choices":[{"damage_healed":0.0,"max_hp_gain":0.0,"max_hp_loss":0.0,"gold_gain":0.0,"event_name":"Shining Light","player_choice":"Ignored","floor":5.0,"gold_loss":0.0,"damage_taken":0.0},{"damage_healed":0.0,"max_hp_gain":0.0,"max_hp_loss":0.0,"gold_gain":0.0,"event_name":"Big Fish","player_choice":"Box","floor":13.0,"gold_loss":0.0,"damage_taken":0.0,"relics_obtained":["Vajra"],"cards_obtained":["Regret"]},{"damage_healed":0.0,"max_hp_gain":0.0,"max_hp_loss":0.0,"gold_gain":0.0,"event_name":"Ghosts","player_choice":"Ignored","floor":19.0,"gold_loss":0.0,"damage_taken":0.0},{"damage_healed":0.0,"max_hp_gain":0.0,"max_hp_loss":0.0,"gold_gain":0.0,"event_name":"Drug Dealer","player_choice":"Obtain J.A.X.","floor":20.0,"gold_loss":0.0,"damage_taken":0.0,"cards_obtained":["J.A.X."]},{"damage_healed":0.0,"max_hp_gain":0.0,"max_hp_loss":0.0,"gold_gain":0.0,"event_name":"The Joust","player_choice":"Bet on Murderer","floor":21.0,"gold_loss":50.0,"damage_taken":0.0},{"cards_removed":["Rampage"],"damage_healed":0,"gold_gain":0,"player_choice":"Gave Card","damage_taken":0,"relics_obtained":["Regal Pillow"],"max_hp_gain":0,"max_hp_loss":0,"event_name":"WeMeetAgain","floor":36,"gold_loss":0},{"damage_healed":0,"gold_gain":0,"player_choice":"Ignored","damage_taken":0,"max_hp_gain":0,"max_hp_loss":0,"event_name":"Tomb of Lord Red Mask","floor":39,"gold_loss":0}],"is_beta":false,"boss_relics":[{"not_picked":["Runic Dome","Ectoplasm"],"picked":"Busted Crown"},{"not_picked":["Tiny House","SlaversCollar"],"picked":"Black Blood"}],"items_purged_floors":[41],"is_endless":false,"potions_floor_spawned":[4,10,11,12,14,18,29,31,33,35,40,44],"killed_by":"Awakened One","ascension_level":12}}