{"host":"Stephanie","time":1614221237,"event":{"mods":["BaseMod","Colored Powertips","Minty Spire (QoL Compilation)","Rare Cards Sparkle","Relic Stats","StSLib","The Marked"],"gold_per_floor":[99,99,99,99,99,99,99,99,99,99,99,99,99,99],"floor_reached":13,"language":"ENG","playtime":689,"items_purged":[],"score":141,"play_id":"d2dc3c6b-cbb7-43b2-af09-245a497b8e35","local_time":"20210224214717","is_ascension_mode":true,"campfire_choices":[{"data":"Blade Dance","floor":6,"key":"SMITH"},{"floor":8,"key":"REST"}],"circlet_count":0,"master_deck":["AscendersBane","Strike_G","Strike_G","Strike_G","Strike_G","Strike_G","Defend_G","Defend_G","Defend_G","Defend_G","Defend_G","Survivor","Neutralize","Blade Dance+1","Expertise","Skewer","Bouncing Flask","A Thousand Cuts"],"relics":["Ectoplasm","Ornamental Fan","Art of War","Oddly Smooth Stone","Gremlin Horn"],"acts_visited":["Exordium"],"potions_floor_usage":[13],"damage_taken":[{"damage":3,"enemies":"Small Slimes","floor":1,"turns":5},{"damage":7,"enemies":"Jaw Worm","floor":2,"turns":4},{"damage":36,"enemies":"3 Sentries","floor":7,"turns":17},{"damage":17,"enemies":"Gremlin Nob","floor":11,"turns":5},{"damage":0,"enemies":"Cultist","floor":12,"turns":3},{"damage":10,"enemies":"3 Sentries","floor":13,"turns":2}],"seed_played":"-1993159954155653980","potions_obtained":[{"floor":1,"key":"Energy Potion"},{"floor":11,"key":"Ancient Potion"}],"is_trial":false,"path_per_floor":["M","M","?","?","T","R","E","R","T","?","E","M","E"],"character_chosen":"THE_SILENT","items_purchased":[],"campfire_rested":1,"item_purchase_floors":[],"current_hp_per_floor":[60,53,53,42,42,42,6,27,27,27,10,10,0,0],"gold":99,"neow_bonus":"BOSS_RELIC","is_daily":false,"chose_seed":false,"campfire_upgraded":1,"win_rate":0.0,"timestamp":1614221237,"path_taken":["M","M","?","?","?","R","E","R","T","?","E","M","E"],"items_purchased_type":[],"build_version":"2020-12-18","purchased_purges":0,"victory":false,"max_hp_per_floor":[70,70,70,70,70,70,70,70,70,70,70,70,70,70],"relic_stats":{"Gremlin Horn":[0,0],"counters":[6,36],"Ornamental Fan":[48],"Ectoplasm":350,"Art of War":[0],"obtain_stats":[{"Gremlin Horn":11,"Ornamental Fan":5,"Oddly Smooth Stone":9,"Ectoplasm":0,"Art of War":7,"Ring of the Snake":0},{"Gremlin Horn":4,"Ornamental Fan":2,"Oddly Smooth Stone":3,"Ectoplasm":0,"Art of War":3,"Ring of the Snake":0},{"Gremlin Horn":31,"Ornamental Fan":9,"Oddly Smooth Stone":26,"Ectoplasm":0,"Art of War":26,"Ring of the Snake":0}]},"card_choices":[{"not_picked":["Quick Slash","Outmaneuver"],"picked":"Blade Dance","floor":1},{"not_picked":["Deflect","Catalyst"],"picked":"Expertise","floor":2},{"not_picked":["Setup","Dodge and Roll"],"picked":"Skewer","floor":7},{"not_picked":["Tactician","Cloak And Dagger"],"picked":"Bouncing Flask","floor":11},{"not_picked":["Masterful Stab","Bane"],"picked":"A Thousand Cuts","floor":12}],"player_experience":908441,"relics_obtained":[{"floor":5,"key":"Ornamental Fan"},{"floor":7,"key":"Art of War"},{"floor":9,"key":"Oddly Smooth Stone"},{"floor":11,"key":"Gremlin Horn"}],"event_choices":[{"damage_healed":0,"gold_gain":175,"player_choice":"AGREE","damage_taken":0,"max_hp_gain":0,"max_hp_loss":0,"event_name":"Liars Game","floor":3,"gold_loss":0,"cards_obtained":["Doubt"]},{"damage_healed":0,"gold_gain":75,"player_choice":"Gather Gold","damage_taken":11,"max_hp_gain":0,"max_hp_loss":0,"event_name":"World of Goop","floor":4,"gold_loss":0},{"cards_removed":["Doubt"],"damage_healed":0,"gold_gain":0,"player_choice":"Purged","damage_taken":0,"max_hp_gain":0,"max_hp_loss":0,"event_name":"Purifier","floor":10,"gold_loss":0}],"is_beta":true,"boss_relics":[],"items_purged_floors":[],"is_endless":false,"potions_floor_spawned":[1,11],"killed_by":"3 Sentries","ascension_level":11}}