{"host":"7sni158j623xchr2","time":1614276544,"event":{"mods":["BaseMod","Colored Map","Highlight Path","Minty Spire (QoL Compilation)","Permanent Neow","Potion Indicator Mod","Rare Cards Sparkle","Relic Sorter","Relic Stats","StSLib","everything is the same but u backflip on backflip"],"gold_per_floor":[109,109,13,13,25,50,68,68,138,164,164,182,182,196,196,298,298,318,58,157,169,84,116,116,145,145,180,180,210,229,229,229,330,330,344,344,324,340,340,371,385,385,385,411,424,434,88,101,101,101,101,101,23,56,56],"floor_reached":56,"language":"ENG","playtime":1841,"items_purged":["Sucker Punch"],"score":1369,"play_id":"f3982ffb-a584-4599-bf2e-00754926f04a","local_time":"20210225120904","is_ascension_mode":true,"campfire_choices":[{"data":"Poisoned Stab","floor":8.0,"key":"SMITH"},{"data":"Deadly Poison","floor":11.0,"key":"SMITH"},{"data":"Bane","floor":13.0,"key":"SMITH"},{"data":"Neutralize","floor":15.0,"key":"SMITH"},{"data":"Corpse Explosion","floor":24.0,"key":"SMITH"},{"data":"Bullet Time","floor":32.0,"key":"SMITH"},{"floor":42.0,"key":"REST"},{"floor":49,"key":"RECALL"},{"data":"Sucker Punch","floor":52,"key":"SMITH"}],"circlet_count":0,"master_deck":["Survivor","Neutralize+1","Poisoned Stab+1","PiercingWail","Quick Slash","Deadly Poison+1","Flying Knee","Bane+1","After Image","Corpse Explosion+1","Dash","PiercingWail","Bullet Time+1","Unload","A Thousand Cuts","Blade Dance","PiercingWail","Backflip","Dodge and Roll+1","Sucker Punch+1","Bouncing Flask+1","Sucker Punch+1","Bane+1","Blur+1","Phantasmal Killer"],"relics":["Ring of the Snake","NeowsBlessing","Orichalcum","Strawberry","Gremlin Horn","Matryoshka","Pandora\u0027s Box","Paper Crane","HornCleat","Ornamental Fan","Bronze Scales","Mummified Hand","Regal Pillow","Nunchaku","Bird Faced Urn","Busted Crown","Smiling Mask","Snake Skull","Shuriken","TungstenRod","Bag of Marbles"],"acts_visited":["Exordium","TheCity","TheBeyond","TheEnding"],"potions_floor_usage":[54,55,55,55],"damage_taken":[{"damage":0.0,"enemies":"2 Louse","floor":1.0,"turns":1.0},{"damage":0.0,"enemies":"Small Slimes","floor":5.0,"turns":1.0},{"damage":0.0,"enemies":"3 Sentries","floor":6.0,"turns":1.0},{"damage":1.0,"enemies":"Cultist","floor":7.0,"turns":3.0},{"damage":10.0,"enemies":"Gremlin Nob","floor":10.0,"turns":4.0},{"damage":0.0,"enemies":"3 Louse","floor":12.0,"turns":2.0},{"damage":0.0,"enemies":"Blue Slaver","floor":14.0,"turns":3.0},{"damage":12.0,"enemies":"The Guardian","floor":16.0,"turns":9.0},{"damage":5.0,"enemies":"3 Byrds","floor":18.0,"turns":3.0},{"damage":0.0,"enemies":"Spheric Guardian","floor":21.0,"turns":4.0},{"damage":2.0,"enemies":"Slavers","floor":23.0,"turns":3.0},{"damage":21.0,"enemies":"Book of Stabbing","floor":25.0,"turns":5.0},{"damage":18.0,"enemies":"Slavers","floor":27.0,"turns":4.0},{"damage":9.0,"enemies":"Book of Stabbing","floor":29.0,"turns":6.0},{"damage":0.0,"enemies":"Snecko","floor":30.0,"turns":5.0},{"damage":15.0,"enemies":"Automaton","floor":33.0,"turns":8.0},{"damage":0.0,"enemies":"3 Shapes","floor":35.0,"turns":3.0},{"damage":0.0,"enemies":"Orb Walker","floor":38.0,"turns":3.0},{"damage":9.0,"enemies":"Nemesis","floor":40.0,"turns":6.0},{"damage":44.0,"enemies":"Writhing Mass","floor":41.0,"turns":5.0},{"damage":1,"enemies":"Giant Head","floor":44,"turns":8},{"damage":19,"enemies":"4 Shapes","floor":45,"turns":6},{"damage":4,"enemies":"Maw","floor":46,"turns":7},{"damage":0,"enemies":"Sphere and 2 Shapes","floor":48,"turns":4},{"damage":38,"enemies":"Time Eater","floor":50,"turns":11},{"damage":23,"enemies":"Shield and Spear","floor":54,"turns":6},{"damage":63,"enemies":"The Heart","floor":55,"turns":10}],"seed_played":"5548809735904573786","potions_obtained":[{"floor":6.0,"key":"Explosive Potion"},{"floor":7.0,"key":"Block Potion"},{"floor":12.0,"key":"Strength Potion"},{"floor":23.0,"key":"AttackPotion"},{"floor":29.0,"key":"Energy Potion"},{"floor":30.0,"key":"Explosive Potion"},{"floor":37.0,"key":"SneckoOil"},{"floor":38.0,"key":"DuplicationPotion"},{"floor":54,"key":"SpeedPotion"}],"is_trial":false,"path_per_floor":["M","?","$","?","M","E","M","R","T","E","R","M","R","M","R","B",null,"M","$","?","M","?","E","R","E","T","E","?","E","M","?","R","B",null,"M","?","?","M","?","E","M","R","T","E","M","M","$","M","R","B",null,"R","$","E","B",null],"character_chosen":"THE_SILENT","items_purchased":["PiercingWail","Quick Slash","Paper Crane","TungstenRod","DuplicationPotion"],"campfire_rested":1,"item_purchase_floors":[3,3,19,47,53],"current_hp_per_floor":[70,67,67,67,67,74,73,73,73,63,63,63,63,63,63,51,77,72,72,72,72,72,70,70,49,49,31,87,78,82,82,82,71,87,87,83,83,83,83,74,32,71,71,74,59,59,59,61,61,27,83,83,83,62,3],"gold":56,"neow_bonus":"THREE_ENEMY_KILL","is_daily":false,"chose_seed":false,"campfire_upgraded":7,"win_rate":0.0,"timestamp":1614276544,"path_taken":["M","?","$","?","?","E","M","R","T","E","R","M","R","M","R","BOSS","M","$","?","M","?","E","R","E","T","E","?","E","?","?","R","BOSS","M","?","?","?","?","E","M","R","T","E","?","M","$","M","R","BOSS","R","$","E","BOSS"],"items_purchased_type":["Card","Card","Relic","Relic","Potion"],"build_version":"2020-12-22","purchased_purges":1,"victory":true,"max_hp_per_floor":[70,70,70,70,70,77,77,77,77,77,77,77,77,77,77,77,77,77,77,77,77,77,77,77,77,77,77,87,87,87,87,87,87,87,87,83,83,83,83,83,83,83,83,83,83,83,83,83,83,83,83,83,83,83,83],"relic_stats":{"Regal Pillow":15,"Gremlin Horn":[11,11],"counters":[27,131],"Snake Skull":[61],"Orichalcum":[84],"Smiling Mask":25,"Nunchaku":[19],"Busted Crown":18,"Ornamental Fan":[152],"Mummified Hand":[25],"Shuriken":[17],"Bronze Scales":[387],"Bird Faced Urn":[34],"Pandora\u0027s Box":["Prepared","Grand Finale","Dash","PiercingWail","Bullet Time","Unload","Noxious Fumes","A Thousand Cuts","Blade Dance","PiercingWail"],"obtain_stats":[{"Regal Pillow":26,"NeowsBlessing":0,"Gremlin Horn":9,"Snake Skull":43,"Orichalcum":2,"Paper Crane":19,"Smiling Mask":40,"Nunchaku":27,"Matryoshka":10,"HornCleat":22,"Busted Crown":34,"Ornamental Fan":23,"Mummified Hand":26,"Shuriken":44,"Strawberry":6,"Bronze Scales":25,"Bird Faced Urn":29,"Pandora\u0027s Box":17,"Bag of Marbles":54,"TungstenRod":47,"Ring of the Snake":0},{"Regal Pillow":12,"NeowsBlessing":0,"Gremlin Horn":4,"Snake Skull":20,"Orichalcum":1,"Paper Crane":9,"Smiling Mask":19,"Nunchaku":13,"Matryoshka":5,"HornCleat":10,"Busted Crown":16,"Ornamental Fan":11,"Mummified Hand":12,"Shuriken":21,"Strawberry":3,"Bronze Scales":12,"Bird Faced Urn":14,"Pandora\u0027s Box":8,"Bag of Marbles":26,"TungstenRod":23,"Ring of the Snake":0},{"Regal Pillow":39,"NeowsBlessing":0,"Gremlin Horn":6,"Snake Skull":79,"Orichalcum":1,"Paper Crane":27,"Smiling Mask":74,"Nunchaku":43,"Matryoshka":10,"HornCleat":31,"Busted Crown":62,"Ornamental Fan":34,"Mummified Hand":39,"Shuriken":87,"Strawberry":3,"Bronze Scales":39,"Bird Faced Urn":49,"Pandora\u0027s Box":24,"Bag of Marbles":121,"TungstenRod":100,"Ring of the Snake":0}],"TungstenRod":36,"Ring of the Snake":[54]},"card_choices":[{"not_picked":["Acrobatics","Cloak And Dagger"],"picked":"Poisoned Stab","floor":1.0},{"not_picked":["Underhanded Strike","Concentrate","Cloak And Dagger"],"picked":"SKIP","floor":5.0},{"not_picked":["Infinite Blades","Dodge and Roll"],"picked":"Deadly Poison","floor":6.0},{"not_picked":["Infinite Blades","Dodge and Roll"],"picked":"Flying Knee","floor":7.0},{"not_picked":["Acrobatics","PiercingWail"],"picked":"Bane","floor":10.0},{"not_picked":["Slice","Deadly Poison"],"picked":"After Image","floor":12.0},{"not_picked":["Acrobatics","Bane","Poisoned Stab"],"picked":"SKIP","floor":14.0},{"not_picked":["Grand Finale","After Image"],"picked":"Corpse Explosion","floor":16.0},{"not_picked":["Infinite Blades","Cloak And Dagger"],"picked":"Backflip","floor":18.0},{"not_picked":["PiercingWail","Acrobatics+1"],"picked":"Dodge and Roll+1","floor":21.0},{"not_picked":["Calculated Gamble","Dagger Spray","Expertise"],"picked":"SKIP","floor":23.0},{"not_picked":["Concentrate","Backflip"],"picked":"Sucker Punch+1","floor":25.0},{"not_picked":["Accuracy+1","Dagger Throw","Acrobatics"],"picked":"SKIP","floor":27.0},{"not_picked":["Setup+1","Distraction","Finisher+1"],"picked":"SKIP","floor":29.0},{"not_picked":["Tactician","Dodge and Roll+1"],"picked":"Bouncing Flask","floor":30.0},{"not_picked":["Cloak And Dagger+1"],"picked":"SKIP","floor":35.0},{"not_picked":[],"picked":"Bane+1","floor":38.0},{"not_picked":["Quick Slash+1"],"picked":"SKIP","floor":40.0},{"not_picked":[],"picked":"Blur+1","floor":41.0},{"not_picked":["Prepared"],"picked":"SKIP","floor":44},{"not_picked":["Acrobatics"],"picked":"SKIP","floor":45},{"not_picked":["Deflect"],"picked":"SKIP","floor":46},{"not_picked":["Distraction"],"picked":"SKIP","floor":48},{"not_picked":[],"picked":"Phantasmal Killer","floor":54}],"player_experience":1851398,"relics_obtained":[{"floor":6.0,"key":"Strawberry"},{"floor":9.0,"key":"Gremlin Horn"},{"floor":10.0,"key":"Matryoshka"},{"floor":23.0,"key":"Ornamental Fan"},{"floor":25.0,"key":"Bronze Scales"},{"floor":26.0,"key":"Mummified Hand"},{"floor":26.0,"key":"Regal Pillow"},{"floor":27.0,"key":"Nunchaku"},{"floor":29.0,"key":"Bird Faced Urn"},{"floor":40.0,"key":"Smiling Mask"},{"floor":43,"key":"Snake Skull"},{"floor":44,"key":"Shuriken"},{"floor":54,"key":"Bag of Marbles"}],"event_choices":[{"damage_healed":0.0,"max_hp_gain":0.0,"max_hp_loss":0.0,"gold_gain":0.0,"event_name":"Scrap Ooze","player_choice":"Success","floor":2.0,"gold_loss":0.0,"damage_taken":3.0,"relics_obtained":["Orichalcum"]},{"damage_healed":0.0,"max_hp_gain":0.0,"max_hp_loss":0.0,"gold_gain":0.0,"event_name":"Match and Keep!","player_choice":"0 cards matched","floor":4.0,"gold_loss":0.0,"damage_taken":0.0,"cards_obtained":[]},{"damage_healed":0.0,"max_hp_gain":0.0,"max_hp_loss":0.0,"gold_gain":99.0,"event_name":"Nest","player_choice":"Stole From Cult","floor":20.0,"gold_loss":0.0,"damage_taken":0.0},{"damage_healed":0.0,"max_hp_gain":0.0,"max_hp_loss":0.0,"gold_gain":0.0,"event_name":"Addict","player_choice":"Obtained Relic","floor":22.0,"gold_loss":85.0,"damage_taken":0.0,"relics_obtained":["HornCleat"]},{"cards_removed":["Grand Finale"],"damage_healed":46.0,"max_hp_gain":10.0,"max_hp_loss":0.0,"gold_gain":0.0,"event_name":"Bonfire Elementals","player_choice":"Offered Rare","floor":28.0,"gold_loss":0.0,"damage_taken":0.0},{"damage_healed":0.0,"max_hp_gain":0.0,"max_hp_loss":0.0,"gold_gain":0.0,"cards_transformed":["Prepared","Noxious Fumes"],"event_name":"Drug Dealer","player_choice":"Became Test Subject","floor":31.0,"gold_loss":0.0,"damage_taken":0.0,"cards_obtained":["Sucker Punch","Sucker Punch"]},{"damage_healed":0.0,"max_hp_gain":0.0,"max_hp_loss":4.0,"gold_gain":0.0,"event_name":"Winding Halls","player_choice":"Max HP","floor":36.0,"gold_loss":0.0,"damage_taken":0.0},{"damage_healed":0.0,"max_hp_gain":0.0,"max_hp_loss":0.0,"gold_gain":0.0,"event_name":"The Woman in Blue","player_choice":"Bought 1 Potion","floor":37.0,"gold_loss":0.0,"damage_taken":0.0},{"damage_healed":0.0,"max_hp_gain":0.0,"max_hp_loss":0.0,"gold_gain":0.0,"event_name":"Accursed Blacksmith","player_choice":"Forge","floor":39.0,"gold_loss":0.0,"damage_taken":0.0,"cards_upgraded":["Bouncing Flask"]}],"is_beta":false,"boss_relics":[{"not_picked":["Ring of the Serpent","WristBlade"],"picked":"Pandora\u0027s Box"},{"not_picked":["Runic Pyramid","Calling Bell"],"picked":"Busted Crown"}],"items_purged_floors":[47],"is_endless":false,"potions_floor_spawned":[6,7,12,23,29,30,38,44,46,54],"ascension_level":1}}