{"host":"eu6p4n7vldm4bcry","time":1614294971,"event":{"mods":["AchievementEnabler","BaseMod","Highlight Path","Minty Spire (QoL Compilation)","Relic Stats","StSLib","ojb\u0027s Info Mod"],"gold_per_floor":[113,113,130,140,157,157,171,171,171,171,186,186,199,214,214,286,286,306,306,15,30,30,30],"floor_reached":22,"language":"ENG","playtime":1034,"items_purged":[],"score":360,"play_id":"d81df559-2a57-4676-be7c-18fca7c1a173","local_time":"20210225181611","is_ascension_mode":true,"campfire_choices":[{"floor":6,"key":"REST"},{"data":"Zap","floor":10,"key":"SMITH"},{"data":"Leap","floor":12,"key":"SMITH"},{"data":"Dualcast","floor":15,"key":"SMITH"}],"circlet_count":0,"master_deck":["AscendersBane","Zap+1","Dualcast+1","Streamline","Loop","Electrodynamics","Sweeping Beam","Beam Cell","Leap+1","Capacitor","Melter+1","Fission","BootSequence","Leap","Loop","Storm"],"relics":["Cracked Core","Lizard Tail","Molten Egg 2","Pandora\u0027s Box","Enchiridion","OrangePellets"],"acts_visited":["Exordium","TheCity"],"potions_floor_usage":[5,14,16],"damage_taken":[{"damage":7,"enemies":"Small Slimes","floor":1,"turns":3},{"damage":7,"enemies":"Jaw Worm","floor":3,"turns":3},{"damage":0,"enemies":"2 Louse","floor":4,"turns":2},{"damage":23,"enemies":"Exordium Thugs","floor":5,"turns":4},{"damage":33,"enemies":"Large Slime","floor":7,"turns":6},{"damage":2,"enemies":"2 Fungi Beasts","floor":11,"turns":3},{"damage":1,"enemies":"Looter","floor":13,"turns":3},{"damage":0,"enemies":"Lots of Slimes","floor":14,"turns":1},{"damage":46,"enemies":"Hexaghost","floor":16,"turns":8},{"damage":6,"enemies":"3 Byrds","floor":18,"turns":3},{"damage":18,"enemies":"Chosen","floor":21,"turns":4},{"damage":13,"enemies":"Centurion and Healer","floor":22,"turns":1}],"seed_played":"-1609002786008745578","potions_obtained":[{"floor":3,"key":"ColorlessPotion"},{"floor":7,"key":"LiquidBronze"},{"floor":11,"key":"AttackPotion"},{"floor":16,"key":"FearPotion"}],"is_trial":false,"path_per_floor":["M","?","M","M","M","R","M","?","T","R","M","R","M","M","R","B",null,"M","?","$","M","M"],"character_chosen":"DEFECT","items_purchased":["OrangePellets","Leap","Loop"],"campfire_rested":1,"item_purchase_floors":[20,20,20],"current_hp_per_floor":[39,39,32,32,9,30,35,58,58,58,56,56,55,55,55,9,56,50,29,29,11,0,0],"gold":30,"neow_bonus":"ONE_RARE_RELIC","is_daily":false,"chose_seed":false,"campfire_upgraded":3,"win_rate":0.0,"timestamp":1614294971,"path_taken":["M","?","M","M","M","R","M","?","T","R","M","R","M","M","R","BOSS","M","?","$","M","M"],"items_purchased_type":["Relic","Card","Card"],"build_version":"2020-12-22","purchased_purges":0,"victory":false,"max_hp_per_floor":[71,71,71,71,71,71,71,71,71,71,71,71,71,71,71,71,71,71,71,71,71,71,71],"relic_stats":{"OrangePellets":[0],"Lizard Tail":35,"counters":[12,41],"Pandora\u0027s Box":["Loop","Heatsinks","Recycle","Aggregate","Thunder Strike","Sweeping Beam","Multi-Cast","Reboot"],"obtain_stats":[{"OrangePellets":20,"Lizard Tail":0,"Enchiridion":19,"Molten Egg 2":9,"Pandora\u0027s Box":17,"Cracked Core":0},{"OrangePellets":10,"Lizard Tail":0,"Enchiridion":10,"Molten Egg 2":5,"Pandora\u0027s Box":9,"Cracked Core":0},{"OrangePellets":36,"Lizard Tail":0,"Enchiridion":36,"Molten Egg 2":18,"Pandora\u0027s Box":33,"Cracked Core":0}]},"card_choices":[{"not_picked":["Compile Driver","Hello World"],"picked":"Streamline","floor":1},{"not_picked":["Tempest","Hello World"],"picked":"Loop","floor":3},{"not_picked":["Ball Lightning","FTL"],"picked":"Electrodynamics","floor":4},{"not_picked":["Static Discharge","Gash"],"picked":"Sweeping Beam","floor":5},{"not_picked":["Stack","Steam"],"picked":"Beam Cell","floor":7},{"not_picked":["Redo","Barrage+1"],"picked":"Leap","floor":11},{"not_picked":["Barrage+1","Stack"],"picked":"Capacitor","floor":13},{"not_picked":["Beam Cell+1","Amplify"],"picked":"Melter+1","floor":14},{"not_picked":["Multi-Cast","Meteor Strike+1"],"picked":"Fission","floor":16},{"not_picked":["Capacitor+1","Barrage+1"],"picked":"BootSequence","floor":18},{"not_picked":["Double Energy","Steam"],"picked":"Storm","floor":21}],"player_experience":1928628,"relics_obtained":[{"floor":9,"key":"Molten Egg 2"},{"floor":19,"key":"Enchiridion"}],"event_choices":[{"damage_healed":0,"gold_gain":0,"player_choice":"Ignored","damage_taken":0,"max_hp_gain":0,"max_hp_loss":0,"event_name":"Liars Game","floor":2,"gold_loss":0},{"damage_healed":23,"gold_gain":0,"player_choice":"Banana","damage_taken":0,"max_hp_gain":0,"max_hp_loss":0,"event_name":"Big Fish","floor":8,"gold_loss":0},{"damage_healed":0,"gold_gain":0,"player_choice":"Obtained Book","damage_taken":21,"max_hp_gain":0,"max_hp_loss":0,"event_name":"Cursed Tome","floor":19,"gold_loss":0}],"is_beta":false,"boss_relics":[{"not_picked":["Astrolabe","Empty Cage"],"picked":"Pandora\u0027s Box"}],"items_purged_floors":[],"is_endless":false,"potions_floor_spawned":[3,7,11,16],"killed_by":"Centurion and Healer","ascension_level":20}}