{"host":"wppa8gky53tnknhf","time":1614267868,"event":{"mods":["AchievementEnabler","Act Like it!","BaseMod","Better Third Choice","BetterRewards","Card Forge","Colored Powertips","Hubris","Infinite Spire","Marked Mod","Minty Spire (QoL Compilation)","Permanent Neow","Quick Restart","Rare Cards Sparkle","Relic Stats","Reliquary","Remove Card Discount Mod","Replay The Spire","Spikes Relics","Spire Birthday Party","StSLib","Wandering Minibosses","thorton"],"gold_per_floor":[119,119,132,152,164,164,189,207,233,264,264,276,295,303,303,402,402,412,412,429,429,477,507,507,540,609,613,613],"floor_reached":27,"language":"ENG","playtime":779,"items_purged":[],"score":329,"play_id":"c012d960-9287-433f-9dd8-8a5f299ff0db","local_time":"20210225154428","is_ascension_mode":true,"campfire_choices":[{"floor":6,"key":"RECALL"},{"floor":15,"key":"REST"},{"floor":24,"key":"REST"}],"circlet_count":0,"master_deck":["Strike_G+1","Strike_G+1","Strike_G+1","Strike_G+1","Strike_G+1","Defend_G+1","Defend_G+1","Defend_G+1","Defend_G+1","Defend_G+1","Survivor+1","Neutralize+1","Masterful Stab+1","Footwork+1","Slice+1","Dash+1","Corpse Explosion+1","Distraction+1","Deflect+1","Mind Blast+1","Dagger Spray+1","RitualDagger+1","Sucker Punch+1","Slice+1","Dodge and Roll"],"relics":["Hammer of Thor","Seething Fire","Anvil of the Gods","Painkiller Herb","Molten Egg 2","reliquary:TatteredRug","Lizard Tail","Philosopher\u0027s Stone","Juzu Bracelet","infinitespire:Midas Blood","reliquary:BoilingFlask"],"acts_visited":["Exordium","TheCity"],"potions_floor_usage":[13],"damage_taken":[{"damage":2,"enemies":"Cultist","floor":1,"turns":5},{"damage":0,"enemies":"Jaw Worm","floor":3,"turns":2},{"damage":0,"enemies":"2 Louse","floor":4,"turns":1},{"damage":0,"enemies":"Blue Slaver","floor":5,"turns":3},{"damage":0,"enemies":"3 Sentries","floor":7,"turns":7},{"damage":0,"enemies":"2 Fungi Beasts","floor":8,"turns":3},{"damage":0,"enemies":"Gremlin Nob","floor":10,"turns":4},{"damage":0,"enemies":"Red Slaver","floor":12,"turns":2},{"damage":8,"enemies":"Large Slime","floor":13,"turns":7},{"damage":20,"enemies":"Hexaghost","floor":16,"turns":9},{"damage":29,"enemies":"2 Thieves","floor":18,"turns":7},{"damage":4,"enemies":"Chosen","floor":20,"turns":3},{"damage":17,"enemies":"Slavers","floor":23,"turns":5},{"damage":24,"enemies":"Gremlin Leader","floor":25,"turns":8},{"damage":16,"enemies":"Book of Stabbing","floor":27,"turns":3}],"seed_played":"-1504573586933181390","potions_obtained":[{"floor":1,"key":"Block Potion"},{"floor":3,"key":"SteroidPotion"},{"floor":7,"key":"Swift Potion"},{"floor":16,"key":"Elixir"},{"floor":18,"key":"Dexterity Potion"},{"floor":25,"key":"LiquidMemories"}],"is_trial":false,"path_per_floor":["?","T","?","?","?","T","E","?","T","E","?","?","?","T","T","B",null,"?","?","?","?","T","E","T","E","T","E"],"character_chosen":"THE_SILENT","items_purchased":["Mind Blast+1"],"campfire_rested":2,"item_purchase_floors":[14],"current_hp_per_floor":[68,68,68,68,68,68,68,68,68,68,68,68,60,60,70,50,70,41,35,31,31,31,14,35,11,11,52,52],"gold":613,"neow_bonus":"BOSS_RELIC","is_daily":false,"chose_seed":false,"campfire_upgraded":0,"win_rate":0.0,"timestamp":1614267868,"path_taken":["?","?","?","?","?","T","E","?","T","E","?","?","?","T","T","BOSS","?","?","?","?","?","E","T","E","T","E"],"items_purchased_type":["Card"],"build_version":"2020-12-22","purchased_purges":0,"victory":false,"max_hp_per_floor":[70,70,70,70,70,70,70,70,70,70,70,70,70,70,70,70,70,70,70,70,70,70,70,70,70,70,70,70],"relic_stats":{"Lizard Tail":35,"counters":[15,69],"Juzu Bracelet":0,"obtain_stats":[{"Lizard Tail":10,"Anvil of the Gods":0,"reliquary:BoilingFlask":26,"Painkiller Herb":0,"Molten Egg 2":7,"Philosopher\u0027s Stone":17,"Hammer of Thor":0,"reliquary:TatteredRug":9,"Juzu Bracelet":22,"Seething Fire":0,"Ring of the Snake":0,"infinitespire:Midas Blood":23},{"Lizard Tail":7,"Anvil of the Gods":0,"reliquary:BoilingFlask":14,"Painkiller Herb":0,"Molten Egg 2":5,"Philosopher\u0027s Stone":10,"Hammer of Thor":0,"reliquary:TatteredRug":6,"Juzu Bracelet":12,"Seething Fire":0,"Ring of the Snake":0,"infinitespire:Midas Blood":13},{"Lizard Tail":25,"Anvil of the Gods":0,"reliquary:BoilingFlask":66,"Painkiller Herb":0,"Molten Egg 2":18,"Philosopher\u0027s Stone":43,"Hammer of Thor":0,"reliquary:TatteredRug":21,"Juzu Bracelet":53,"Seething Fire":0,"Ring of the Snake":0,"infinitespire:Midas Blood":58}]},"card_choices":[{"not_picked":["Crippling Poison","Prepared"],"picked":"Masterful Stab","floor":1},{"not_picked":["Prepared","Sneak Up","Reflex"],"picked":"SKIP","floor":3},{"not_picked":["Finisher","Prepared"],"picked":"Footwork","floor":4},{"not_picked":["Cloak And Dagger","Accuracy"],"picked":"Slice","floor":5},{"not_picked":["Cloak And Dagger","InfectiousVector"],"picked":"Dash+1","floor":7},{"not_picked":["Setup","Leg Sweep"],"picked":"Corpse Explosion","floor":8},{"not_picked":["Dodge and Roll","Backflip"],"picked":"Distraction","floor":10},{"not_picked":["Underhanded Strike+1","Expertise","Prepared"],"picked":"SKIP","floor":12},{"not_picked":["Acrobatics","Dodge and Roll"],"picked":"Deflect","floor":13},{"not_picked":["Quick Slash+1","Caltrops"],"picked":"Dagger Spray+1","floor":18},{"not_picked":["Distraction+1","Quick Slash+1"],"picked":"Sucker Punch+1","floor":20},{"not_picked":["Caltrops","Prepared+1"],"picked":"Slice+1","floor":23},{"not_picked":["Backflip","Catalyst"],"picked":"Dodge and Roll","floor":25}],"player_experience":744812,"relics_obtained":[{"floor":7,"key":"Molten Egg 2"},{"floor":9,"key":"reliquary:TatteredRug"},{"floor":10,"key":"Lizard Tail"},{"floor":22,"key":"Juzu Bracelet"},{"floor":23,"key":"infinitespire:Midas Blood"},{"floor":26,"key":"reliquary:BoilingFlask"}],"event_choices":[{"damage_healed":0,"gold_gain":0,"player_choice":"Ignored","damage_taken":0,"max_hp_gain":0,"max_hp_loss":0,"event_name":"NoteForYourself","floor":11,"gold_loss":0},{"damage_healed":0,"gold_gain":0,"player_choice":"Dagger","damage_taken":6,"max_hp_gain":0,"max_hp_loss":0,"event_name":"betterThird:BetterNest","floor":19,"gold_loss":0,"cards_obtained":["RitualDagger"]},{"damage_healed":0,"gold_gain":0,"player_choice":"Ignored","damage_taken":0,"max_hp_gain":0,"max_hp_loss":0,"event_name":"Beggar","floor":21,"gold_loss":0}],"is_beta":false,"boss_relics":[{"not_picked":["Honey Jar","Coffee Dripper"],"picked":"Philosopher\u0027s Stone"}],"items_purged_floors":[],"is_endless":false,"potions_floor_spawned":[1,3,7,8,12,16,18,23,25],"killed_by":"Book of Stabbing","ascension_level":1}}