{"host":"vms4oj7um5h6bhuu","time":1614235912,"event":{"mods":["BaseMod","Custom Start","Downfall","Hermit","Minty Spire (QoL Compilation)","READ ME - Guardian Mod","StSLib","The Cursed","The Servant 0.9.4"],"gold_per_floor":[116,136,311,326,342,342,375,375,375,401,428,428,462,225,225,320,320,340,95,95,111,111,142,142,177,202,9,34,47,47,60,60,155,155,170,184,184,216,236,263,278,313,313,313,313,313],"floor_reached":44,"language":"ZHS","playtime":5038,"items_purged":["Doubt","downfall:Bewildered"],"score":871,"play_id":"6c98040c-64e4-442a-a335-7d6396467f87","local_time":"20210225145152","daily_mods":["Heirloom","DeadlyEvents","Elite Swarm"],"is_ascension_mode":true,"campfire_choices":[{"data":"Slimebound:SlimeSlap","floor":6.0,"key":"SMITH"},{"data":"Slimebound:Split","floor":8.0,"key":"SMITH"},{"data":"Slimebound:MassFeed","floor":12.0,"key":"SMITH"},{"data":"Slimebound:MassFeed","floor":15.0,"key":"SMITH"},{"data":"Slimebound:MassRepurpose","floor":24,"key":"SMITH"},{"data":"Slimebound:SelfFormingGoo","floor":30,"key":"SMITH"},{"data":"Slimebound:OneTwoCombo","floor":32,"key":"SMITH"}],"circlet_count":0,"master_deck":["Slimebound:Strike_Slimebound+1","Slimebound:Defend_Slimebound","Slimebound:Defend_Slimebound","Slimebound:Defend_Slimebound","Slimebound:Defend_Slimebound","Slimebound:Split+1","Slimebound:CorrosiveSpit","Slimebound:SamplingLick","Slimebound:SplitLeeching","Slimebound:Nibble+1","Slimebound:SlimeSlap+1","Slimebound:Teamwork","Slimebound:SplitLeeching","Slimebound:MassFeed+1","Slimebound:MassFeed+1","Slimebound:MinionMaster","Slimebound:MassRepurpose","Slimebound:Chomp+1","Slimebound:LeechLife+1","Slimebound:SamplingLick+1","Slimebound:GrowthPunch+1","Slimebound:SpikyOuterGoop","Writhe","Slimebound:SlimeBarrage+1","Slimebound:MassRepurpose+1","Slimebound:OneTwoCombo+1","Slimebound:ProtectTheBoss","Slimebound:Repurpose","Slimebound:SelfFormingGoo+1","Slimebound:Schlurp+1","Slimebound:Gluttony+1","Slimebound:RallyTheTroops","Slimebound:Schlurp+1","Slimebound:FormOfPuddle+1","Slimebound:SelfFormingGoo","Slimebound:Repurpose+1","Slimebound:SelfFormingGoo","Slimebound:LevelUp","Slimebound:OozeBath"],"relics":["Slimebound:AbsorbEndCombat","Torii","Whetstone","hexamod:BolsterEngine","Odd Mushroom","The Courier","Pocketwatch","Oddly Smooth Stone","Astrolabe","Slimebound:SelfDamagePreventRelic","sneckomod:BlankCard","sneckomod:BabySnecko","Question Card","Regal Pillow","Vajra","WingedGreaves","sneckomod:SneckoTalon","champ:DeflectingBracers","Ornamental Fan","Happy Flower","Matryoshka"],"acts_visited":["Exordium","TheCity","TheBeyond"],"potions_floor_usage":[23,25,28,33,38,38,41,44],"damage_taken":[{"damage":7.0,"enemies":"Jaw Worm","floor":1.0,"turns":4.0},{"damage":1.0,"enemies":"Small Slimes","floor":2.0,"turns":3.0},{"damage":0.0,"enemies":"2 Louse","floor":4.0,"turns":2.0},{"damage":1.0,"enemies":"Large Slime","floor":5.0,"turns":6.0},{"damage":2.0,"enemies":"Lagavulin","floor":7.0,"turns":6.0},{"damage":3.0,"enemies":"The Mushroom Lair","floor":10.0,"turns":4.0},{"damage":1.0,"enemies":"3 Sentries","floor":11.0,"turns":8.0},{"damage":9.0,"enemies":"Lagavulin","floor":13.0,"turns":8.0},{"damage":10.0,"enemies":"The Guardian","floor":16.0,"turns":12.0},{"damage":38.0,"enemies":"2 Thieves","floor":18.0,"turns":4.0},{"damage":24,"enemies":"3 Byrds","floor":21,"turns":5},{"damage":22,"enemies":"Book of Stabbing","floor":23,"turns":7},{"damage":8,"enemies":"Gremlin Leader","floor":25,"turns":6},{"damage":9,"enemies":"Book of Stabbing","floor":28,"turns":5},{"damage":1,"enemies":"Snake Plant","floor":29,"turns":3},{"damage":6,"enemies":"Cultist and Chosen","floor":31,"turns":5},{"damage":29,"enemies":"Automaton","floor":33,"turns":10},{"damage":32,"enemies":"3 Shapes","floor":35,"turns":4},{"damage":0,"enemies":"Orb Walker","floor":36,"turns":3},{"damage":3,"enemies":"Nemesis","floor":38,"turns":5},{"damage":8,"enemies":"Spire Growth","floor":39,"turns":4},{"damage":44,"enemies":"Reptomancer","floor":40,"turns":8},{"damage":16,"enemies":"Transient","floor":41,"turns":5},{"damage":58,"enemies":"Giant Head","floor":42,"turns":10},{"damage":56,"enemies":"Nemesis","floor":44,"turns":4}],"seed_played":"760284711498504816","potions_obtained":[{"floor":2.0,"key":"AttackPotion"},{"floor":4.0,"key":"ColorlessPotion"},{"floor":7.0,"key":"SteroidPotion"},{"floor":13.0,"key":"ColorlessPotion"},{"floor":16.0,"key":"BlessingOfTheForge"},{"floor":18.0,"key":"Strength Potion"},{"floor":23,"key":"PowerPotion"},{"floor":25,"key":"ColorlessPotion"},{"floor":33,"key":"PowerPotion"},{"floor":35,"key":"Fire Potion"},{"floor":40,"key":"EssenceOfSteel"}],"is_trial":true,"path_per_floor":["M","M","?","M","M","R","E","R","T","?","E","R","E","$","R","B",null,"M","$","?","M","?","E","R","E","T","$","E","M","R","M","R","B",null,"M","M","?","E","M","E","M","E","T","E"],"character_chosen":"SLIMEBOUND","items_purchased":["Oddly Smooth Stone","Slimebound:MinionMaster","Slimebound:SelfDamagePreventRelic","Slimebound:SpikyOuterGoop","Slimebound:ProtectTheBoss","Slimebound:Repurpose"],"campfire_rested":0,"item_purchase_floors":[14,14,19,19,27,27],"current_hp_per_floor":[61,65,65,65,64,64,65,65,65,65,65,65,60,60,60,62,73,49,49,49,37,37,41,41,37,37,37,40,55,55,55,55,46,97,79,91,109,113,111,99,91,45,45,0,0,0],"gold":313,"neow_bonus":"","is_daily":false,"chose_seed":false,"campfire_upgraded":7,"win_rate":0.0,"timestamp":1614235912,"path_taken":["M","M","?","M","M","R","E","R","T","?","E","R","E","?","R","BOSS","M","$","?","M","?","E","R","E","T","?","E","M","R","?","R","BOSS","M","?","?","?","M","E","M","E","T","E"],"items_purchased_type":["Relic","Card","Relic","Card","Card","Card"],"build_version":"2020-12-22","purchased_purges":2,"victory":false,"max_hp_per_floor":[65,65,65,65,65,65,65,65,65,65,65,65,69,69,69,73,73,81,81,81,85,85,89,89,89,89,89,93,93,93,93,93,97,97,105,109,109,113,117,117,117,121,121,121,121,121],"card_choices":[{"not_picked":["Slimebound:ComboTackle","Slimebound:BestDefense"],"picked":"Slimebound:SamplingLick","floor":1.0},{"not_picked":["Slimebound:LeechEnergy","Slimebound:GoopSpray"],"picked":"Slimebound:SplitLeeching","floor":2.0},{"not_picked":["Slimebound:PressTheAttack","Slimebound:FinishingTackle"],"picked":"Slimebound:Nibble","floor":4.0},{"not_picked":["Slimebound:LeechingTouch","Slimebound:PressTheAttack"],"picked":"Slimebound:SlimeSlap","floor":5.0},{"not_picked":["Slimebound:PrepareCrush","Slimebound:WasteNot"],"picked":"Slimebound:Teamwork","floor":7.0},{"not_picked":["Slimebound:FinishingTackle","Slimebound:LivingWall"],"picked":"Slimebound:SplitLeeching","floor":10.0},{"not_picked":["Slimebound:MinionMaster","Slimebound:DouseInSlime"],"picked":"Slimebound:MassFeed","floor":11.0},{"not_picked":["Slimebound:LeechLife","Slimebound:DuplicatedForm"],"picked":"Slimebound:MassFeed","floor":13.0},{"not_picked":["Slimebound:WasteNot","Slimebound:MinionMaster"],"picked":"Slimebound:MassRepurpose","floor":16.0},{"not_picked":["Slimebound:LeechEnergy","Slimebound:GoopSpray"],"picked":"Slimebound:GrowthPunch+1","floor":18.0},{"not_picked":["Slimebound:Prepare+1","Slimebound:SplitBruiser"],"picked":"Slimebound:SlimeBarrage+1","floor":21},{"not_picked":["Slimebound:RallyTheTroops","Slimebound:SlimeSlap"],"picked":"Slimebound:MassRepurpose","floor":23},{"not_picked":["Slimebound:MassFeed","Slimebound:DouseInSlime","Slimebound:FirmFortitude"],"picked":"Slimebound:OneTwoCombo","floor":25},{"not_picked":["Slimebound:MinionMaster","Slimebound:WasteNot","Slimebound:RallyTheTroops"],"picked":"Slimebound:SelfFormingGoo","floor":28},{"not_picked":["Slimebound:FinishingTackle","Slimebound:SplitBruiser+1","Slimebound:DisruptingSlam"],"picked":"Slimebound:Schlurp+1","floor":29},{"not_picked":["Slimebound:MegaLick","Slimebound:Replication","Slimebound:Schlurp"],"picked":"Slimebound:Gluttony+1","floor":31},{"not_picked":["Slimebound:MinionMaster","Slimebound:Teamwork","Slimebound:MassRepurpose"],"picked":"Slimebound:RallyTheTroops","floor":33},{"not_picked":["Slimebound:Prepare","Slimebound:FinishingTackle","Slimebound:HauntingLick"],"picked":"Slimebound:Schlurp+1","floor":35},{"not_picked":["Slimebound:DisruptingSlam+1","Slimebound:RollThrough+1","Slimebound:SplitAcid+1"],"picked":"Slimebound:FormOfPuddle+1","floor":36},{"not_picked":["Slimebound:WasteNot","Slimebound:RallyTheTroops","Slimebound:MassFeed"],"picked":"Slimebound:SelfFormingGoo","floor":38},{"not_picked":["Slimebound:SplitBruiser+1","Slimebound:SlimeBarrage+1","Slimebound:SplitMire+1"],"picked":"Slimebound:Repurpose+1","floor":39},{"not_picked":["Slimebound:MassFeed","Slimebound:MinionMaster","Slimebound:DuplicatedForm"],"picked":"Slimebound:SelfFormingGoo","floor":40},{"not_picked":["Slimebound:SplitAcid","Slimebound:GoopTackle","Slimebound:LeechEnergy+1"],"picked":"Slimebound:LevelUp","floor":41},{"not_picked":["Slimebound:DuplicatedForm","Slimebound:FirmFortitude","Slimebound:PrepareCrush"],"picked":"Slimebound:OozeBath","floor":42}],"player_experience":534440,"relics_obtained":[{"floor":7.0,"key":"Whetstone"},{"floor":9.0,"key":"hexamod:BolsterEngine"},{"floor":10.0,"key":"Odd Mushroom"},{"floor":11.0,"key":"The Courier"},{"floor":13.0,"key":"Pocketwatch"},{"floor":23,"key":"Question Card"},{"floor":25,"key":"Regal Pillow"},{"floor":26,"key":"Vajra"},{"floor":28,"key":"WingedGreaves"},{"floor":38,"key":"champ:DeflectingBracers"},{"floor":40,"key":"Ornamental Fan"},{"floor":42,"key":"Happy Flower"},{"floor":43,"key":"Matryoshka"}],"event_choices":[{"damage_healed":0.0,"max_hp_gain":0.0,"max_hp_loss":0.0,"gold_gain":175.0,"event_name":"Liars Game","player_choice":"AGREE","floor":3.0,"gold_loss":0.0,"damage_taken":0.0,"cards_obtained":["Doubt"]},{"damage_healed":0.0,"max_hp_gain":0.0,"max_hp_loss":0.0,"gold_gain":0.0,"event_name":"Mushrooms","player_choice":"Fought Mushrooms","floor":10.0,"gold_loss":0.0,"damage_taken":0.0},{"damage_healed":0,"gold_gain":0,"player_choice":"Opened","damage_taken":0,"relics_obtained":["sneckomod:BlankCard"],"max_hp_gain":0,"max_hp_loss":0,"event_name":"The Mausoleum","floor":20,"gold_loss":0,"cards_obtained":["Writhe"]},{"damage_healed":18,"gold_gain":0,"player_choice":"Full Heal","damage_taken":0,"max_hp_gain":0,"max_hp_loss":0,"event_name":"Wheel of Change","floor":37,"gold_loss":0}],"is_beta":false,"boss_relics":[{"not_picked":["Ectoplasm","Tiny House"],"picked":"Astrolabe"},{"not_picked":["Coffee Dripper","Slimebound:AbsorbEndCombatUpgraded"],"picked":"sneckomod:SneckoTalon"}],"items_purged_floors":[19,27],"is_endless":true,"potions_floor_spawned":[2,4,7,13,16,18,23,25,33,35,36,40],"killed_by":"Nemesis","ascension_level":2}}