{"host":"w5o3iglp98qr199u","time":1614284549,"event":{"mods":["AchievementEnabler","BaseMod","Bestiary","Colored Map","Colored Powertips","Highlight Path","Minty Spire (QoL Compilation)","Relic Stats","StSLib","SuperFastMode"],"gold_per_floor":[115,131,146,166,178,210,224,236,236,251,261,271,271,299,299,401,401,416,435,127,127,127,160,160,191,191,211,222,239,239,338,338,437,487,505,522,522,118,131,131,156,208,277,310,330,343,343,355,355,355],"floor_reached":51,"language":"ENG","playtime":2882,"items_purged":["Strike_G","Strike_G"],"score":1085,"play_id":"86be7e14-a057-43d5-a79e-eecfe93fe521","local_time":"20210225212229","is_ascension_mode":true,"campfire_choices":[{"data":"Prepared","floor":13,"key":"SMITH"},{"data":"Glass Knife","floor":15,"key":"SMITH"},{"data":"Footwork","floor":30,"key":"SMITH"},{"data":"Blade Dance","floor":32,"key":"SMITH"},{"data":"Tools of the Trade","floor":40,"key":"SMITH"},{"data":"Tactician","floor":47,"key":"SMITH"},{"data":"Strike_G","floor":49,"key":"PURGE"}],"circlet_count":0,"master_deck":["Strike_G","Defend_G","Defend_G+1","Defend_G","Defend_G","Survivor","Neutralize","Tactician+1","PiercingWail+1","Underhanded Strike+1","Masterful Stab","Blade Dance+1","Prepared+1","Underhanded Strike","Dash","Terror+1","Burst+1","Glass Knife+1","Adrenaline+1","Underhanded Strike","Footwork+1","Deflect+1","Prepared+1","Sucker Punch+1","Leg Sweep+1","Tools of the Trade+1","Concentrate+1","Underhanded Strike+1","Glass Knife+1","Reflex+1","Prepared+1","Blade Dance+1"],"relics":["Ring of the Snake","Bag of Preparation","Toxic Egg 2","Toy Ornithopter","Runic Pyramid","Oddly Smooth Stone","MutagenicStrength","Anchor","Mummified Hand","Molten Egg 2","PreservedInsect","Tiny House","Ice Cream","War Paint","Peace Pipe","Sundial","Boot"],"acts_visited":["Exordium","TheCity","TheBeyond"],"potions_floor_usage":[10,16,33,50,50],"damage_taken":[{"damage":2,"enemies":"Cultist","floor":1,"turns":4},{"damage":10,"enemies":"Jaw Worm","floor":2,"turns":6},{"damage":0,"enemies":"Small Slimes","floor":3,"turns":3},{"damage":0,"enemies":"Exordium Wildlife","floor":4,"turns":4},{"damage":1,"enemies":"Large Slime","floor":5,"turns":4},{"damage":19,"enemies":"3 Sentries","floor":6,"turns":9},{"damage":0,"enemies":"2 Fungi Beasts","floor":7,"turns":2},{"damage":0,"enemies":"Looter","floor":8,"turns":2},{"damage":9,"enemies":"Large Slime","floor":10,"turns":6},{"damage":0,"enemies":"2 Fungi Beasts","floor":11,"turns":1},{"damage":0,"enemies":"Red Slaver","floor":12,"turns":3},{"damage":0,"enemies":"Gremlin Nob","floor":14,"turns":2},{"damage":13,"enemies":"The Guardian","floor":16,"turns":9},{"damage":4,"enemies":"Shell Parasite","floor":18,"turns":2},{"damage":10,"enemies":"2 Thieves","floor":19,"turns":2},{"damage":5,"enemies":"Book of Stabbing","floor":23,"turns":4},{"damage":0,"enemies":"Slavers","floor":25,"turns":5},{"damage":8,"enemies":"Snake Plant","floor":27,"turns":3},{"damage":0,"enemies":"Shelled Parasite and Fungi","floor":28,"turns":1},{"damage":0,"enemies":"Centurion and Healer","floor":29,"turns":3},{"damage":89,"enemies":"Collector","floor":33,"turns":8},{"damage":0,"enemies":"Orb Walker","floor":35,"turns":4},{"damage":13,"enemies":"3 Shapes","floor":36,"turns":5},{"damage":0,"enemies":"Sphere and 2 Shapes","floor":39,"turns":3},{"damage":0,"enemies":"Nemesis","floor":41,"turns":3},{"damage":0,"enemies":"2 Orb Walkers","floor":42,"turns":4},{"damage":0,"enemies":"Giant Head","floor":44,"turns":5},{"damage":0,"enemies":"Spire Growth","floor":45,"turns":3},{"damage":1,"enemies":"Writhing Mass","floor":46,"turns":5},{"damage":0,"enemies":"4 Shapes","floor":48,"turns":4},{"damage":18,"enemies":"Awakened One","floor":50,"turns":13}],"seed_played":"4227445929734562174","potions_obtained":[{"floor":2,"key":"BlessingOfTheForge"},{"floor":4,"key":"Regen Potion"},{"floor":5,"key":"PowerPotion"},{"floor":8,"key":"CultistPotion"},{"floor":10,"key":"Fire Potion"},{"floor":16,"key":"FairyPotion"},{"floor":18,"key":"FairyPotion"},{"floor":34,"key":"SteroidPotion"},{"floor":36,"key":"GamblersBrew"},{"floor":41,"key":"FearPotion"},{"floor":44,"key":"CunningPotion"},{"floor":46,"key":"PowerPotion"}],"is_trial":false,"path_per_floor":["M","M","M","M","M","E","M","M","T","M","M","M","R","E","R","B",null,"M","M","$","?","?","E","?","E","T","M","M","M","R","?","R","B",null,"M","M","?","$","M","R","E","?","T","E","M","M","R","M","R","B",null],"character_chosen":"THE_SILENT","items_purchased":["Footwork","Oddly Smooth Stone","Ice Cream"],"campfire_rested":0,"item_purchase_floors":[20,20,38],"current_hp_per_floor":[61,51,51,51,50,31,31,31,31,36,36,36,36,36,36,28,63,59,49,49,49,49,44,44,44,44,36,36,36,36,36,36,23,68,68,55,55,55,55,55,55,55,55,55,55,54,54,54,54,46],"gold":355,"neow_bonus":"TRANSFORM_TWO_CARDS","is_daily":false,"chose_seed":false,"campfire_upgraded":6,"win_rate":0.0,"timestamp":1614284549,"path_taken":["M","M","M","M","M","E","M","M","T","M","M","M","R","E","R","BOSS","M","M","$","?","?","E","?","E","T","M","?","M","R","?","R","BOSS","M","M","?","$","M","R","E","?","T","E","M","M","R","M","R","BOSS"],"items_purchased_type":["Card","Relic","Relic"],"build_version":"2020-12-22","purchased_purges":2,"victory":true,"max_hp_per_floor":[63,63,63,63,63,63,63,63,63,63,63,63,63,63,63,63,63,63,63,63,63,63,63,63,63,63,63,63,63,63,63,63,63,68,68,68,65,65,65,65,65,65,65,65,65,65,65,65,65,65],"relic_stats":{"Peace Pipe":1,"counters":[31,132],"Mummified Hand":[29],"Sundial":[4],"PreservedInsect":172,"Bag of Preparation":[50],"War Paint":["Defend_G","PiercingWail"],"Boot":[31],"obtain_stats":[{"Ice Cream":38,"Tiny House":34,"Oddly Smooth Stone":20,"PreservedInsect":26,"Bag of Preparation":6,"War Paint":41,"Boot":44,"Peace Pipe":42,"Anchor":23,"Mummified Hand":24,"Sundial":43,"MutagenicStrength":21,"Molten Egg 2":25,"Toxic Egg 2":9,"Toy Ornithopter":14,"Ring of the Snake":0,"Runic Pyramid":17},{"Ice Cream":23,"Tiny House":21,"Oddly Smooth Stone":15,"PreservedInsect":17,"Bag of Preparation":6,"War Paint":25,"Boot":27,"Peace Pipe":26,"Anchor":16,"Mummified Hand":16,"Sundial":26,"MutagenicStrength":15,"Molten Egg 2":17,"Toxic Egg 2":8,"Toy Ornithopter":12,"Ring of the Snake":0,"Runic Pyramid":13},{"Ice Cream":92,"Tiny House":83,"Oddly Smooth Stone":59,"PreservedInsect":68,"Bag of Preparation":30,"War Paint":98,"Boot":107,"Peace Pipe":102,"Anchor":63,"Mummified Hand":63,"Sundial":102,"MutagenicStrength":59,"Molten Egg 2":68,"Toxic Egg 2":34,"Toy Ornithopter":46,"Ring of the Snake":0,"Runic Pyramid":55}],"Toy Ornithopter":20,"Ring of the Snake":[62]},"card_choices":[{"not_picked":["PiercingWail","Predator","Backflip"],"picked":"SKIP","floor":1},{"not_picked":["Dash","Choke"],"picked":"Underhanded Strike","floor":2},{"not_picked":["Leg Sweep","Poisoned Stab"],"picked":"Masterful Stab","floor":3},{"not_picked":["Distraction","Tactician"],"picked":"Blade Dance","floor":4},{"not_picked":["Cloak And Dagger","Outmaneuver"],"picked":"Prepared","floor":5},{"not_picked":["PiercingWail","Dodge and Roll"],"picked":"Underhanded Strike","floor":6},{"not_picked":["Escape Plan","PiercingWail"],"picked":"Dash","floor":7},{"not_picked":["Expertise","Setup","Crippling Poison"],"picked":"SKIP","floor":8},{"not_picked":["Quick Slash","Dodge and Roll+1"],"picked":"Terror+1","floor":10},{"not_picked":["Dagger Spray","Quick Slash"],"picked":"Burst+1","floor":11},{"not_picked":["Quick Slash","Backflip+1","Deadly Poison+1"],"picked":"SKIP","floor":12},{"not_picked":["Bane","Calculated Gamble+1"],"picked":"Glass Knife","floor":14},{"not_picked":["Burst+1","Doppelganger+1"],"picked":"Adrenaline+1","floor":16},{"not_picked":["PiercingWail+1","Dodge and Roll+1"],"picked":"Underhanded Strike","floor":18},{"not_picked":["Deadly Poison+1","Riddle With Holes+1","Poisoned Stab"],"picked":"SKIP","floor":19},{"not_picked":["PiercingWail+1","Finisher"],"picked":"Deflect+1","floor":23},{"not_picked":["Underhanded Strike+1","Dodge and Roll+1","Storm of Steel+1"],"picked":"SKIP","floor":25},{"not_picked":["Flechettes+1","Deflect+1"],"picked":"Prepared+1","floor":27},{"not_picked":["Deflect+1","Distraction+1"],"picked":"Sucker Punch+1","floor":28},{"not_picked":["PiercingWail+1","Unload+1"],"picked":"Leg Sweep+1","floor":29},{"not_picked":["Wraith Form v2","Phantasmal Killer+1"],"picked":"Tools of the Trade","floor":33},{"not_picked":["Bane+1","Deadly Poison+1"],"picked":"Concentrate+1","floor":34},{"not_picked":["Finisher+1","Crippling Poison+1"],"picked":"Underhanded Strike+1","floor":35},{"not_picked":["Distraction+1","Eviscerate+1"],"picked":"Glass Knife+1","floor":36},{"not_picked":["Riddle With Holes+1","Prepared+1"],"picked":"Reflex+1","floor":39},{"not_picked":["Backflip+1","Poisoned Stab+1","Quick Slash+1"],"picked":"SKIP","floor":41},{"not_picked":["Eviscerate+1","Masterful Stab+1"],"picked":"Prepared+1","floor":42},{"not_picked":["Glass Knife+1","Riddle With Holes+1","Poisoned Stab+1"],"picked":"SKIP","floor":44},{"not_picked":["Outmaneuver+1","Deflect+1"],"picked":"Blade Dance+1","floor":45},{"not_picked":["Poisoned Stab+1","Concentrate+1","Sucker Punch+1"],"picked":"SKIP","floor":46},{"not_picked":["Riddle With Holes+1","Outmaneuver+1","Flying Knee+1"],"picked":"SKIP","floor":48}],"player_experience":97427,"relics_obtained":[{"floor":6,"key":"Bag of Preparation"},{"floor":9,"key":"Toxic Egg 2"},{"floor":14,"key":"Toy Ornithopter"},{"floor":23,"key":"Anchor"},{"floor":25,"key":"Molten Egg 2"},{"floor":26,"key":"PreservedInsect"},{"floor":41,"key":"War Paint"},{"floor":42,"key":"Peace Pipe"},{"floor":43,"key":"Sundial"},{"floor":44,"key":"Boot"}],"event_choices":[{"damage_healed":0,"gold_gain":0,"player_choice":"Inject Mutagens","damage_taken":0,"relics_obtained":["MutagenicStrength"],"max_hp_gain":0,"max_hp_loss":0,"event_name":"Drug Dealer","floor":21,"gold_loss":0},{"damage_healed":0,"gold_gain":0,"player_choice":"Ignored","damage_taken":0,"max_hp_gain":0,"max_hp_loss":0,"event_name":"Vampires","floor":22,"gold_loss":0},{"damage_healed":0,"gold_gain":0,"player_choice":"Opened","damage_taken":0,"relics_obtained":["Mummified Hand"],"max_hp_gain":0,"max_hp_loss":0,"event_name":"The Mausoleum","floor":24,"gold_loss":0},{"damage_healed":0,"gold_gain":99,"player_choice":"Stole From Cult","damage_taken":0,"max_hp_gain":0,"max_hp_loss":0,"event_name":"Nest","floor":31,"gold_loss":0},{"damage_healed":0,"gold_gain":0,"player_choice":"Max HP","damage_taken":0,"max_hp_gain":0,"max_hp_loss":3,"event_name":"Winding Halls","floor":37,"gold_loss":0},{"damage_healed":0,"gold_gain":0,"player_choice":"Fight","damage_taken":0,"max_hp_gain":0,"max_hp_loss":0,"event_name":"Mysterious Sphere","floor":42,"gold_loss":0}],"is_beta":false,"boss_relics":[{"not_picked":["Coffee Dripper","Pandora\u0027s Box"],"picked":"Runic Pyramid"},{"not_picked":["Runic Dome","Snecko Eye"],"picked":"Tiny House"}],"items_purged_floors":[20,38],"is_endless":false,"potions_floor_spawned":[2,4,5,8,10,16,18,19,25,36,41,44,46],"ascension_level":4}}