{"host":"qrfkyfrpo74atslb","time":1614251474,"event":{"mods":["Astrologer","Bartender","BaseMod","Beaked The Cultist","Better Note","Better Third Choice","CapriCore","Colored Map","Colored Powertips","Conspire","DeckTracker","Downfall","GungeonMod","Hermit","Hero for Fun","Hubris","Koishi","LagranYue(???·?)","Mad Scientist","Marisa????????","Minty Spire (QoL Compilation)","Prisma Mod","Reimu??????","Remilia??????","StSLib","The Administrix","The Alterego","The Bladedancer","The Cursed","The Gatherer","The Immortal","The Mystic","The Necromancer","The Runesmith","The Servant 0.9.4","The Wild Card","TheSwordswoman","WarShipGirlsR/????R mod","Yakumo Yukari mod","Yuyuko"],"gold_per_floor":[110,136,66,79,31,59,134,134,134,134,147,147,160,175,175,274,274,292,292,74,44,62,94,111,111,111,131,143,91,91,107,107,208,208,218,218,62,62,62],"floor_reached":38,"language":"ENG","playtime":1728,"items_purged":[],"score":394,"play_id":"3112e2ba-0a6d-4195-aefc-1b2eeaa3ae4a","local_time":"20210226001114","is_ascension_mode":false,"campfire_choices":[{"floor":8,"key":"REST"},{"data":"blademaster:Bloodbath","floor":10,"key":"SMITH"},{"data":"blademaster:UnrelentingWind","floor":15,"key":"SMITH"},{"data":"blademaster:Overcharge","floor":25,"key":"SMITH"},{"floor":32,"key":"REST"}],"circlet_count":0,"master_deck":["blademaster:Strike","blademaster:Strike","blademaster:Strike","blademaster:Strike","blademaster:Defend","blademaster:Defend","blademaster:Defend","blademaster:Defend","blademaster:RagingBlow","blademaster:HighVoltage","blademaster:Sharpen","blademaster:UnrelentingWind+1","blademaster:Gust","blademaster:Bloodbath+1","blademaster:Safeguard","blademaster:DragonStrike","blademaster:DragonStrike","blademaster:Safeguard","blademaster:Flurry","blademaster:Flash","blademaster:Sharpen","MokouMod:BlazingComet","blademaster:Overcharge+1","blademaster:BloodyBlow","blademaster:FuriousStrike+1","blademaster:WindSlash","blademaster:IcyWind","blademaster:EnchantedCuirass+1","blademaster:Slice","blademaster:Overcharge","blademaster:Empower","blademaster:OneTrickPony+1","Writhe"],"relics":["blademaster:DancersAmulet","LagranYue:RandomDrawCardRelic","NeowsBlessing","DemoMod:ClearGuonStone","Choco_Feather","Torii","hubris:Towel","hubris:RunicObelisk","HandDrill","DemoMod:MonsterBlood","HornCleat","conspire:RoyalGoblet","PreservedInsect"],"acts_visited":["Exordium","TheCity","TheBeyond"],"potions_floor_usage":[16,16,21,33,33,33,38],"damage_taken":[{"damage":0,"enemies":"Jaw Worm","floor":1,"turns":1},{"damage":0,"enemies":"conspire:MimicChest","floor":2,"turns":1},{"damage":0,"enemies":"Small Slimes","floor":4,"turns":1},{"damage":27,"enemies":"Lagavulin","floor":6,"turns":9},{"damage":0,"enemies":"Cultist","floor":11,"turns":3},{"damage":0,"enemies":"Looter","floor":13,"turns":2},{"damage":0,"enemies":"Large Slime","floor":14,"turns":4},{"damage":3,"enemies":"The Guardian","floor":16,"turns":6},{"damage":1,"enemies":"Spheric Guardian","floor":18,"turns":4},{"damage":1,"enemies":"Shell Parasite","floor":22,"turns":4},{"damage":14,"enemies":"Book of Stabbing","floor":23,"turns":4},{"damage":0,"enemies":"Shelled Parasite and Fungi","floor":24,"turns":2},{"damage":1,"enemies":"Snake Plant","floor":27,"turns":3},{"damage":17,"enemies":"Cultist and Chosen","floor":28,"turns":6},{"damage":8,"enemies":"Centurion and Healer","floor":31,"turns":5},{"damage":30,"enemies":"Automaton","floor":33,"turns":7},{"damage":7,"enemies":"beaked:SuperParasite","floor":35,"turns":6},{"damage":71,"enemies":"beaked:SuperParasite","floor":38,"turns":8}],"seed_played":"8257623564563672261","potions_obtained":[{"floor":1,"key":"Weak Potion"},{"floor":4,"key":"PowerPotion"},{"floor":13,"key":"MagicPotion:ReiMu"},{"floor":21,"key":"Fruit Juice"},{"floor":21,"key":"conspire:TimeTravelPotion"},{"floor":22,"key":"Ancient Potion"},{"floor":33,"key":"Block Potion"},{"floor":35,"key":"bronze:BurnAndBuffPotion"}],"is_trial":false,"path_per_floor":["M","?","$","M","$","E","?","R","T","R","M","?","M","M","R","B",null,"M","?","$","?","M","E","M","R","T","M","M","$","?","M","R","B",null,"M","?","$","?"],"character_chosen":"THE_BLADEMASTER","items_purchased":["blademaster:Gust","blademaster:Safeguard","blademaster:Overcharge","HandDrill","blademaster:Slice","PreservedInsect"],"campfire_rested":2,"item_purchase_floors":[3,5,20,20,29,37],"current_hp_per_floor":[75,75,75,75,75,48,37,59,59,59,59,59,59,59,59,56,75,74,74,74,79,78,71,71,71,71,70,53,53,53,45,71,71,87,80,87,87,0,0],"gold":62,"neow_bonus":"THREE_ENEMY_KILL","is_daily":false,"chose_seed":false,"campfire_upgraded":3,"win_rate":0.0,"timestamp":1614251474,"path_taken":["M","?","$","M","?","E","?","R","T","R","M","?","M","M","R","BOSS","M","?","?","?","M","E","M","R","T","?","M","$","?","M","R","BOSS","M","?","$","?"],"items_purchased_type":["Card","Card","Card","Relic","Card","Relic"],"build_version":"2020-12-22","purchased_purges":0,"victory":false,"max_hp_per_floor":[75,75,75,75,75,75,75,75,75,75,75,75,75,75,75,75,75,75,75,75,80,80,87,87,87,87,87,87,87,87,87,87,87,87,87,87,87,87,87],"card_choices":[{"not_picked":["blademaster:ThunderSlash","blademaster:BrainBloom"],"picked":"blademaster:Sharpen","floor":1},{"not_picked":["blademaster:Stability","blademaster:DeadlyDance"],"picked":"blademaster:UnrelentingWind","floor":2},{"not_picked":["blademaster:Slice","blademaster:Hailwind"],"picked":"blademaster:Bloodbath","floor":4},{"not_picked":["blademaster:SlyStabs","blademaster:Gust"],"picked":"blademaster:DragonStrike","floor":6},{"not_picked":["blademaster:CullingStrike","blademaster:KiBarrier"],"picked":"blademaster:DragonStrike","floor":11},{"not_picked":["blademaster:ThunderingOpener","blademaster:BladeCross"],"picked":"blademaster:Safeguard","floor":13},{"not_picked":["blademaster:Frenzy","blademaster:Frontflip"],"picked":"blademaster:Flurry","floor":14},{"not_picked":["blademaster:HighVoltage","blademaster:FuryOfTheElements"],"picked":"blademaster:Flash","floor":16},{"not_picked":["blademaster:Quickness+1","blademaster:Stormstrike+1"],"picked":"blademaster:Sharpen","floor":18},{"not_picked":["blademaster:FuriousStrike","blademaster:Frontflip"],"picked":"blademaster:BloodyBlow","floor":22},{"not_picked":["blademaster:AwakeningDefend","blademaster:Stormstrike"],"picked":"blademaster:FuriousStrike+1","floor":23},{"not_picked":["blademaster:Quickstep","blademaster:AspectOfWind+1"],"picked":"blademaster:WindSlash","floor":24},{"not_picked":["blademaster:AwakeningDefend","blademaster:BloodyBlow"],"picked":"blademaster:IcyWind","floor":27},{"not_picked":["blademaster:ThunderSlash","blademaster:Thrust+1"],"picked":"blademaster:EnchantedCuirass","floor":28},{"not_picked":["blademaster:AwakeningDefend","blademaster:SlyStabs"],"picked":"blademaster:Overcharge","floor":31},{"not_picked":["blademaster:HighVoltage","blademaster:RollingTyphoon"],"picked":"blademaster:Empower","floor":33},{"not_picked":["blademaster:ChargingUp+1","blademaster:FuriousStrike"],"picked":"blademaster:OneTrickPony+1","floor":35}],"player_experience":145872,"relics_obtained":[{"floor":2,"key":"DemoMod:ClearGuonStone"},{"floor":2,"key":"blademaster:ComboEveryTurnPerk"},{"floor":6,"key":"Choco_Feather"},{"floor":6,"key":"blademaster:FinisherDrawCardPerk"},{"floor":9,"key":"Torii"},{"floor":23,"key":"DemoMod:MonsterBlood"},{"floor":23,"key":"blademaster:BonusFuryPerk"},{"floor":26,"key":"HornCleat"}],"event_choices":[{"damage_healed":0,"gold_gain":75,"player_choice":"Gold","damage_taken":11,"max_hp_gain":0,"max_hp_loss":0,"event_name":"betterThird:BetterGoop","floor":7,"gold_loss":0},{"cards_removed":["blademaster:Bloodbath"],"damage_healed":0,"gold_gain":0,"player_choice":"Take \u0026 Give","damage_taken":0,"max_hp_gain":0,"max_hp_loss":0,"event_name":"betterNote:BetterNote","floor":19,"gold_loss":0,"cards_obtained":["MokouMod:BlazingComet"]},{"damage_healed":0,"gold_gain":0,"player_choice":"Bought 2 Potions","damage_taken":0,"max_hp_gain":0,"max_hp_loss":0,"event_name":"The Woman in Blue","floor":21,"gold_loss":0},{"damage_healed":0,"gold_gain":0,"player_choice":"Forge","damage_taken":0,"max_hp_gain":0,"max_hp_loss":0,"event_name":"Accursed Blacksmith","floor":30,"gold_loss":0,"cards_upgraded":["blademaster:EnchantedCuirass"]},{"damage_healed":22,"gold_gain":0,"player_choice":"Writhe","damage_taken":0,"max_hp_gain":0,"max_hp_loss":0,"event_name":"Winding Halls","floor":36,"gold_loss":0,"cards_obtained":["Writhe"]}],"is_beta":false,"boss_relics":[{"not_picked":["hubris:BlackHole","Ectoplasm"],"picked":"hubris:RunicObelisk"},{"not_picked":["LagranYue:ContractPerformanceRelic","conspire:SpecialSausage"],"picked":"conspire:RoyalGoblet"}],"items_purged_floors":[],"is_endless":false,"potions_floor_spawned":[1,4,13,14,22,27,28,31,33,35],"killed_by":"beaked:SuperParasite","ascension_level":0}}