{"host":"6406jj8da6015sxr","time":1614233686,"event":{"mods":["AchievementEnabler","BaseMod","Colored Map","DeckTracker","Keyboard Shortcuts","Minty Spire (QoL Compilation)","Permanent Neow","Relic Stats","SuperFastMode","everything is the same but u backflip on backflip"],"gold_per_floor":[17,17,41,92,108,108,133,153,178,178,192,227,67,88,88,184,184,207,207,230,59,109,109,140,153,153,153,153,178,192,192,192,269,269,284,284,303,525,536,536,566,566,619,619,663,21,30,55,55,55,55],"floor_reached":50,"language":"KOR","playtime":1597,"items_purged":["Decay"],"score":1025,"play_id":"28d12b0d-979a-4479-94ce-e61b0774fcb0","local_time":"20210225151446","is_ascension_mode":true,"campfire_choices":[{"data":"All Out Attack","floor":6.0,"key":"SMITH"},{"data":"Cloak And Dagger","floor":10.0,"key":"SMITH"},{"data":"Skewer","floor":15.0,"key":"SMITH"},{"data":"Envenom","floor":23.0,"key":"SMITH"},{"data":"Neutralize","floor":27.0,"key":"SMITH"},{"data":"Bane","floor":32.0,"key":"SMITH"},{"data":"Night Terror","floor":40.0,"key":"SMITH"},{"data":"1","floor":44.0,"key":"LIFT"},{"data":"Accuracy","floor":49.0,"key":"SMITH"}],"circlet_count":0,"master_deck":["AscendersBane","Strike_G","Strike_G","Strike_G","Defend_G","Defend_G","Defend_G","Defend_G","Defend_G","Survivor","Neutralize+1","All Out Attack+1","Flying Knee","Poisoned Stab","Well Laid Plans","Cloak And Dagger+1","Bane+1","Skewer+1","Flying Knee","Blade Dance","Envenom+1","Blade Dance+1","PiercingWail","Night Terror+1","Calculated Gamble+1","Crippling Poison","Backflip+1","PiercingWail+1","Accuracy+1","Night Terror","Skewer+1"],"relics":["Ring of the Serpent","Bloody Idol","Akabeko","Toy Ornithopter","Juzu Bracelet","Chemical X","Coffee Dripper","MutagenicStrength","Bag of Marbles","Red Mask","Meat on the Bone","Girya","Bag of Preparation","CeramicFish","OrangePellets","Pen Nib","FossilizedHelix"],"acts_visited":["Exordium","TheCity","TheBeyond"],"potions_floor_usage":[],"damage_taken":[{"damage":4.0,"enemies":"Small Slimes","floor":1.0,"turns":3.0},{"damage":1.0,"enemies":"Jaw Worm","floor":3.0,"turns":4.0},{"damage":0.0,"enemies":"Cultist","floor":5.0,"turns":2.0},{"damage":1.0,"enemies":"Exordium Wildlife","floor":7.0,"turns":3.0},{"damage":1.0,"enemies":"Looter","floor":8.0,"turns":3.0},{"damage":4.0,"enemies":"Red Slaver","floor":11.0,"turns":3.0},{"damage":32.0,"enemies":"Gremlin Nob","floor":12.0,"turns":4.0},{"damage":4.0,"enemies":"Exordium Wildlife","floor":14.0,"turns":2.0},{"damage":15.0,"enemies":"Slime Boss","floor":16.0,"turns":4.0},{"damage":0.0,"enemies":"Shell Parasite","floor":18.0,"turns":1.0},{"damage":0.0,"enemies":"Chosen","floor":20.0,"turns":3.0},{"damage":0.0,"enemies":"Masked Bandits","floor":24.0,"turns":1.0},{"damage":0.0,"enemies":"Snake Plant","floor":25.0,"turns":1.0},{"damage":19.0,"enemies":"Cultist and Chosen","floor":29.0,"turns":5.0},{"damage":11.0,"enemies":"Sentry and Sphere","floor":30.0,"turns":3.0},{"damage":37.0,"enemies":"Champ","floor":33.0,"turns":10.0},{"damage":1.0,"enemies":"3 Shapes","floor":35.0,"turns":7.0},{"damage":13.0,"enemies":"3 Darklings","floor":37.0,"turns":4.0},{"damage":0.0,"enemies":"Spire Growth","floor":39.0,"turns":2.0},{"damage":21.0,"enemies":"Nemesis","floor":41.0,"turns":3.0},{"damage":42.0,"enemies":"Giant Head","floor":45.0,"turns":6.0},{"damage":0.0,"enemies":"Mind Bloom Boss Battle","floor":48.0,"turns":1.0},{"damage":57,"enemies":"Awakened One","floor":50,"turns":5}],"seed_played":"-7450282702009532783","potions_obtained":[{"floor":3.0,"key":"DistilledChaos"},{"floor":7.0,"key":"SneckoOil"},{"floor":8.0,"key":"ColorlessPotion"},{"floor":12.0,"key":"SmokeBomb"},{"floor":14.0,"key":"SteroidPotion"},{"floor":20.0,"key":"ColorlessPotion"},{"floor":29.0,"key":"EssenceOfSteel"},{"floor":33.0,"key":"Block Potion"},{"floor":35.0,"key":"Ancient Potion"},{"floor":41.0,"key":"Ancient Potion"}],"is_trial":false,"path_per_floor":["M","?","M","T","M","R","M","M","T","R","M","E","$","M","R","B",null,"M","?","M","$","?","R","?","M","T","R","?","M","M","?","R","B",null,"M","?","M","?","M","R","E","?","T","R","E","$","?","?","R","B"],"character_chosen":"THE_SILENT","items_purchased":["Chemical X","Bag of Marbles","OrangePellets","Accuracy","Pen Nib","Night Terror"],"campfire_rested":0,"item_purchase_floors":[13,21,46,46,46,46],"current_hp_per_floor":[55,55,54,54,54,54,53,52,52,52,48,21,21,17,17,12,48,48,48,48,48,48,48,48,48,48,48,48,41,42,42,42,32,53,60,60,52,57,60,60,44,44,49,49,29,39,44,49,49,0,0],"gold":55,"neow_bonus":"TRANSFORM_TWO_CARDS","is_daily":false,"chose_seed":false,"campfire_upgraded":8,"win_rate":0.0,"timestamp":1614233686,"path_taken":["M","?","M","?","M","R","?","M","T","R","M","E","$","M","R","BOSS","M","?","M","$","?","R","?","M","T","R","?","M","M","?","R","BOSS","M","?","M","?","M","R","E","?","T","R","E","$","?","?","R","BOSS"],"items_purchased_type":["Relic","Relic","Relic","Card","Relic","Card"],"build_version":"2020-12-22","purchased_purges":1,"victory":false,"max_hp_per_floor":[66,60,60,60,60,60,60,60,60,60,60,60,60,60,60,60,60,60,60,60,60,60,60,60,60,60,60,60,60,60,60,60,60,60,60,60,60,60,60,60,60,60,60,60,60,60,60,60,60,60,60],"relic_stats":{"OrangePellets":[0],"counters":[23,80],"Bloody Idol":61,"CeramicFish":36,"Pen Nib":[2],"Juzu Bracelet":3,"Bag of Preparation":[6],"Chemical X":[26],"obtain_stats":[{"Girya":41,"Golden Idol":2,"CeramicFish":45,"Pen Nib":46,"Juzu Bracelet":12,"Bag of Preparation":43,"Akabeko":4,"OrangePellets":46,"MutagenicStrength":19,"Bloody Idol":31,"Coffee Dripper":17,"Bag of Marbles":21,"Red Mask":24,"Chemical X":13,"Toy Ornithopter":9,"Ring of the Serpent":34,"FossilizedHelix":48,"Ring of the Snake":0,"Meat on the Bone":26},{"Girya":20,"Golden Idol":1,"CeramicFish":21,"Pen Nib":21,"Juzu Bracelet":7,"Bag of Preparation":20,"Akabeko":2,"OrangePellets":21,"MutagenicStrength":10,"Bloody Idol":15,"Coffee Dripper":9,"Bag of Marbles":11,"Red Mask":12,"Chemical X":7,"Toy Ornithopter":5,"Ring of the Serpent":16,"FossilizedHelix":22,"Ring of the Snake":0,"Meat on the Bone":13},{"Girya":68,"Golden Idol":3,"CeramicFish":74,"Pen Nib":74,"Juzu Bracelet":22,"Bag of Preparation":68,"Akabeko":7,"OrangePellets":74,"MutagenicStrength":29,"Bloody Idol":42,"Coffee Dripper":28,"Bag of Marbles":32,"Red Mask":33,"Chemical X":22,"Toy Ornithopter":15,"Ring of the Serpent":52,"FossilizedHelix":75,"Ring of the Snake":0,"Meat on the Bone":34}],"Toy Ornithopter":30,"Meat on the Bone":48},"card_choices":[{"not_picked":["Bane","Prepared"],"picked":"Poisoned Stab","floor":1.0},{"not_picked":["Concentrate","Outmaneuver"],"picked":"Well Laid Plans","floor":3.0},{"not_picked":["Deadly Poison","Terror"],"picked":"Quick Slash","floor":5.0},{"not_picked":["Grand Finale","Terror"],"picked":"Cloak And Dagger","floor":7.0},{"not_picked":["Concentrate","Well Laid Plans"],"picked":"Bane","floor":8.0},{"not_picked":["Prepared","Terror"],"picked":"Skewer","floor":11.0},{"not_picked":["Sucker Punch","Noxious Fumes"],"picked":"Flying Knee","floor":12.0},{"not_picked":["Quick Slash","Expertise"],"picked":"Blade Dance","floor":14.0},{"not_picked":["Night Terror","Die Die Die"],"picked":"Envenom","floor":16.0},{"not_picked":["Flechettes","Well Laid Plans+1","Caltrops+1"],"picked":"SKIP","floor":18.0},{"not_picked":["Cloak And Dagger","Prepared","Backflip"],"picked":"SKIP","floor":20.0},{"not_picked":["Infinite Blades","Escape Plan"],"picked":"Blade Dance+1","floor":24.0},{"not_picked":["Terror","Infinite Blades","Quick Slash"],"picked":"SKIP","floor":25.0},{"not_picked":["Cloak And Dagger","Riddle With Holes"],"picked":"PiercingWail","floor":29.0},{"not_picked":["Well Laid Plans","Quick Slash","Burst"],"picked":"SKIP","floor":30.0},{"not_picked":["Doppelganger","Grand Finale"],"picked":"Night Terror","floor":33.0},{"not_picked":["Well Laid Plans+1","All Out Attack","Underhanded Strike"],"picked":"SKIP","floor":35.0},{"not_picked":["PiercingWail","Underhanded Strike"],"picked":"Calculated Gamble+1","floor":37.0},{"not_picked":["Slice","Cloak And Dagger"],"picked":"Crippling Poison","floor":39.0},{"not_picked":["Blur","Heel Hook"],"picked":"Backflip+1","floor":41.0},{"not_picked":["Acrobatics","All Out Attack"],"picked":"PiercingWail+1","floor":45.0}],"player_experience":110363,"relics_obtained":[{"floor":4.0,"key":"Akabeko"},{"floor":9.0,"key":"Toy Ornithopter"},{"floor":12.0,"key":"Juzu Bracelet"},{"floor":24.0,"key":"Red Mask"},{"floor":26.0,"key":"Meat on the Bone"},{"floor":41.0,"key":"Girya"},{"floor":43.0,"key":"Bag of Preparation"},{"floor":45.0,"key":"CeramicFish"},{"floor":48.0,"key":"FossilizedHelix"}],"event_choices":[{"damage_healed":0.0,"max_hp_gain":0.0,"max_hp_loss":6.0,"gold_gain":0.0,"event_name":"Golden Idol","player_choice":"Lose Max HP","floor":2.0,"gold_loss":0.0,"damage_taken":0.0,"relics_obtained":["Golden Idol"]},{"damage_healed":0.0,"max_hp_gain":0.0,"max_hp_loss":0.0,"gold_gain":0.0,"event_name":"Drug Dealer","player_choice":"Inject Mutagens","floor":19.0,"gold_loss":0.0,"damage_taken":0.0,"relics_obtained":["MutagenicStrength"]},{"damage_healed":0.0,"max_hp_gain":0.0,"max_hp_loss":0.0,"gold_gain":50.0,"event_name":"Golden Shrine","player_choice":"Pray","floor":22.0,"gold_loss":0.0,"damage_taken":0.0},{"damage_healed":0.0,"max_hp_gain":0.0,"max_hp_loss":0.0,"gold_gain":0.0,"event_name":"Masked Bandits","player_choice":"Fought Bandits","floor":24.0,"gold_loss":0.0,"damage_taken":0.0},{"damage_healed":0.0,"max_hp_gain":0.0,"max_hp_loss":0.0,"gold_gain":0.0,"event_name":"Wheel of Change","player_choice":"Cursed","floor":28.0,"gold_loss":0.0,"damage_taken":0.0,"cards_obtained":["Decay"]},{"damage_healed":0.0,"max_hp_gain":0.0,"max_hp_loss":0.0,"gold_gain":0.0,"event_name":"Forgotten Altar","player_choice":"Gave Idol","floor":31.0,"relics_lost":["Golden Idol"],"gold_loss":0.0,"damage_taken":0.0,"relics_obtained":["Bloody Idol"]},{"damage_healed":0.0,"max_hp_gain":0.0,"max_hp_loss":0.0,"gold_gain":0.0,"event_name":"SensoryStone","player_choice":"Memory 1","floor":36.0,"gold_loss":0.0,"damage_taken":0.0},{"damage_healed":0.0,"max_hp_gain":0.0,"max_hp_loss":0.0,"gold_gain":222.0,"event_name":"Tomb of Lord Red Mask","player_choice":"Wore Mask","floor":38.0,"gold_loss":0.0,"damage_taken":0.0},{"cards_removed":["Quick Slash"],"damage_healed":0.0,"max_hp_gain":0.0,"max_hp_loss":0.0,"gold_gain":0.0,"event_name":"Falling","player_choice":"Removed Attack","floor":42.0,"gold_loss":0.0,"damage_taken":0.0},{"damage_healed":0.0,"max_hp_gain":0.0,"max_hp_loss":0.0,"gold_gain":0.0,"event_name":"Duplicator","player_choice":"Copied","floor":47.0,"gold_loss":0.0,"damage_taken":0.0,"cards_obtained":["Skewer"]},{"damage_healed":0.0,"max_hp_gain":0.0,"max_hp_loss":0.0,"gold_gain":0.0,"event_name":"MindBloom","player_choice":"Fight","floor":48.0,"gold_loss":0.0,"damage_taken":0.0}],"is_beta":false,"boss_relics":[{"not_picked":["Cursed Key","Fusion Hammer"],"picked":"Coffee Dripper"},{"not_picked":["Pandora\u0027s Box","SacredBark"],"picked":"Ring of the Serpent"}],"items_purged_floors":[46],"is_endless":false,"potions_floor_spawned":[3,7,8,12,14,20,29,33,35,41],"killed_by":"Awakened One","ascension_level":20}}