{"host":"kda2p2afd6bvz6qo","time":1614284966,"event":{"mods":["BaseMod","Colored Map","Minty Spire (QoL Compilation)","Relic Stats"],"gold_per_floor":[110,130,149,224,237,237,237,237],"floor_reached":7,"language":"ENG","playtime":274,"items_purged":[],"score":69,"play_id":"dbbddfe2-8062-4f52-a34e-7b8074e990a0","local_time":"20210225202926","is_ascension_mode":true,"campfire_choices":[{"floor":6,"key":"REST"}],"circlet_count":0,"master_deck":["AscendersBane","Strike_R","Strike_R","Strike_R","Strike_R","Strike_R","Defend_R","Defend_R","Defend_R","Defend_R","Bash","Combust","Flame Barrier","Carnage","Thunderclap"],"relics":["Black Star"],"acts_visited":["Exordium"],"potions_floor_usage":[7],"damage_taken":[{"damage":13,"enemies":"Jaw Worm","floor":1,"turns":6},{"damage":7,"enemies":"2 Louse","floor":2,"turns":3},{"damage":1,"enemies":"Cultist","floor":3,"turns":4},{"damage":18,"enemies":"Lots of Slimes","floor":5,"turns":3},{"damage":47,"enemies":"Gremlin Nob","floor":7,"turns":4}],"seed_played":"3346117675745562597","potions_obtained":[{"floor":1,"key":"ElixirPotion"},{"floor":2,"key":"EssenceOfSteel"}],"is_trial":false,"path_per_floor":["M","M","M","?","M","R","E"],"character_chosen":"IRONCLAD","items_purchased":[],"campfire_rested":1,"item_purchase_floors":[],"current_hp_per_floor":[59,52,51,40,22,46,0,0],"gold":237,"neow_bonus":"BOSS_RELIC","is_daily":false,"chose_seed":false,"campfire_upgraded":0,"win_rate":0.0,"timestamp":1614284966,"path_taken":["M","M","M","?","M","R","E"],"items_purchased_type":[],"build_version":"2020-12-22","purchased_purges":0,"victory":false,"max_hp_per_floor":[80,80,80,80,80,80,80,80],"relic_stats":{"counters":[5,20],"Black Star":0,"obtain_stats":[{"Black Star":0,"Burning Blood":0},{"Black Star":0,"Burning Blood":0},{"Black Star":0,"Burning Blood":0}]},"card_choices":[{"not_picked":["Shrug It Off","Perfected Strike"],"picked":"Combust","floor":1},{"not_picked":["Spot Weakness","Headbutt"],"picked":"Flame Barrier","floor":2},{"not_picked":["Iron Wave","Perfected Strike"],"picked":"Carnage","floor":3},{"not_picked":["Metallicize","Heavy Blade"],"picked":"Thunderclap","floor":5}],"player_experience":319639,"relics_obtained":[],"event_choices":[{"damage_healed":0,"gold_gain":75,"player_choice":"Gather Gold","damage_taken":11,"max_hp_gain":0,"max_hp_loss":0,"event_name":"World of Goop","floor":4,"gold_loss":0}],"is_beta":false,"boss_relics":[],"items_purged_floors":[],"is_endless":false,"potions_floor_spawned":[1,2],"killed_by":"Gremlin Nob","ascension_level":12}}