{"host":"ec2wu4mdnvke243f","time":1614288479,"event":{"mods":["2.2 Compatiblity","AchievementEnabler","BaseMod","Downfall","Hermit","Infinite Spire","Minty Spire (QoL Compilation)","StSLib","The Servant 0.9.4"],"gold_per_floor":[118,193,213,139,104,138,163,195,195,195,209,225,237,271,283,397,409,436,448,460,472,504,516,528,569,581,608,647,659,671,695,707,719,719],"floor_reached":33,"language":"POL","playtime":2406,"items_purged":[],"score":354,"play_id":"8719bd51-6af0-46fb-bba3-29e8268088b1","local_time":"20210225222759","daily_mods":["Colorless Cards","Flight"],"is_ascension_mode":true,"campfire_choices":[{"floor":15,"key":"REST"},{"floor":23,"key":"REST"},{"floor":24,"key":"REST"},{"floor":32,"key":"REST"}],"circlet_count":0,"master_deck":["hermit:Strike_Hermit","hermit:Strike_Hermit","hermit:Strike_Hermit","hermit:Strike_Hermit","hermit:Defend_Hermit","hermit:Defend_Hermit","hermit:Defend_Hermit","hermit:Defend_Hermit","hermit:Snapshot","hermit:Covet","hermit:Misfire","hermit:Malice","hermit:Dive","hermit:Headshot","hermit:LowProfile","hermit:Glare","hermit:Quickdraw","Madness+1","Sadistic Nature","hermit:Showdown+1","hermit:Ricochet+1","hermit:Maintenance+1"],"relics":["hermit:Momento","PreservedInsect","CaptainsWheel","Pantograph","Toxic Egg 2","Singing Bowl","MawBank","Enchiridion","infinitespire:WardingShard","Strawberry","Sundial"],"acts_visited":["Exordium","TheCity"],"potions_floor_usage":[16,16,27,31,31],"damage_taken":[{"damage":5,"enemies":"Small Slimes","floor":1,"turns":3},{"damage":6,"enemies":"Cultist","floor":3,"turns":3},{"damage":11,"enemies":"3 Sentries","floor":6,"turns":7},{"damage":6,"enemies":"Gremlin Nob","floor":7,"turns":3},{"damage":6,"enemies":"Lagavulin","floor":8,"turns":4},{"damage":0,"enemies":"Jaw Worm","floor":11,"turns":2},{"damage":2,"enemies":"Blue Slaver","floor":12,"turns":3},{"damage":8,"enemies":"Lots of Slimes","floor":13,"turns":5},{"damage":4,"enemies":"3 Sentries","floor":14,"turns":4},{"damage":30,"enemies":"Slime Boss","floor":16,"turns":14},{"damage":29,"enemies":"Spheric Guardian","floor":18,"turns":6},{"damage":11,"enemies":"3 Byrds","floor":22,"turns":5},{"damage":3,"enemies":"Book of Stabbing","floor":25,"turns":4},{"damage":25,"enemies":"Sentry and Sphere","floor":27,"turns":6},{"damage":12,"enemies":"Slavers","floor":28,"turns":4},{"damage":6,"enemies":"Snake Plant","floor":31,"turns":4},{"damage":87,"enemies":"Champ","floor":33,"turns":13}],"seed_played":"-1962556999744989941","potions_obtained":[{"floor":1,"key":"Regen Potion"},{"floor":6,"key":"AttackPotion"},{"floor":11,"key":"SpeedPotion"},{"floor":25,"key":"Weak Potion"},{"floor":28,"key":"hexamod:SoulburnPotion"}],"is_trial":true,"path_per_floor":["M","?","M","$","?","E","E","E","T","T","M","M","M","E","R","B",null,"M","?","?","?","M","R","R","E","T","M","E","$","?","M","R","B"],"character_chosen":"HERMIT","items_purchased":["hermit:Dive","hermit:Headshot"],"campfire_rested":4,"item_purchase_floors":[4,4],"current_hp_per_floor":[70,63,57,57,75,64,58,52,52,52,52,52,46,44,68,51,81,52,37,21,21,10,35,60,57,64,46,36,36,36,32,61,0,0],"gold":719,"neow_bonus":"","is_daily":false,"chose_seed":false,"campfire_upgraded":0,"win_rate":0.0,"timestamp":1614288479,"path_taken":["M","?","M","?","?","E","E","E","T","?","?","?","?","E","R","BOSS","M","?","?","?","M","R","R","E","T","?","E","?","?","M","R","BOSS"],"items_purchased_type":["Card","Card"],"build_version":"2020-12-22","purchased_purges":0,"victory":false,"max_hp_per_floor":[75,75,75,75,75,75,75,75,75,75,75,77,79,81,81,81,81,81,86,86,86,86,86,86,86,93,95,97,97,97,99,99,99,99],"card_choices":[{"not_picked":["hermit:Dive","hermit:CalledShot"],"picked":"hermit:Misfire","floor":1},{"not_picked":["hermit:LuckOfTheDraw","Dark Shackles"],"picked":"hermit:Malice","floor":3},{"not_picked":["hermit:Virtue","hermit:Dive"],"picked":"hermit:LowProfile","floor":6},{"not_picked":["hermit:BodyArmor","hermit:Feint"],"picked":"hermit:Glare","floor":7},{"not_picked":["hermit:Spite","hermit:HoleUp"],"picked":"hermit:Quickdraw","floor":8},{"not_picked":["hermit:Midnight+1","hermit:Headshot"],"picked":"Madness+1","floor":11},{"not_picked":["hermit:BodyArmor+1","hermit:CalledShot","Impatience+1"],"picked":"Singing Bowl","floor":12},{"not_picked":["hermit:CalledShot","Madness+1","hermit:WideOpen"],"picked":"Singing Bowl","floor":13},{"not_picked":["hermit:LowProfile+1","hermit:OverwhelmingPower","hermit:Cheat+1"],"picked":"Singing Bowl","floor":14},{"not_picked":["hermit:FatalDesire","Secret Weapon+1"],"picked":"Sadistic Nature","floor":16},{"not_picked":["hermit:HoleUp+1","hermit:Roulette+1"],"picked":"hermit:Showdown","floor":18},{"not_picked":["hermit:Misfire","hermit:HighCaliber"],"picked":"hermit:Ricochet+1","floor":22},{"not_picked":["hermit:PistolWhip","hermit:OverwhelmingPower"],"picked":"hermit:Maintenance+1","floor":25},{"not_picked":["hermit:LowProfile+1","hermit:Malice","hermit:Roulette+1"],"picked":"Singing Bowl","floor":27},{"not_picked":["hermit:Glare+1","hermit:Headshot","hermit:WideOpen"],"picked":"Singing Bowl","floor":28},{"not_picked":["Discovery+1","hermit:Glare+1","hermit:WideOpen"],"picked":"Singing Bowl","floor":31}],"player_experience":580417,"relics_obtained":[{"floor":6,"key":"PreservedInsect"},{"floor":7,"key":"CaptainsWheel"},{"floor":8,"key":"Pantograph"},{"floor":9,"key":"Toxic Egg 2"},{"floor":10,"key":"Singing Bowl"},{"floor":14,"key":"MawBank"},{"floor":20,"key":"Enchiridion"},{"floor":25,"key":"infinitespire:WardingShard"},{"floor":26,"key":"Strawberry"},{"floor":28,"key":"Sundial"}],"event_choices":[{"damage_healed":0,"gold_gain":75,"player_choice":"Touch","damage_taken":7,"max_hp_gain":0,"max_hp_loss":0,"event_name":"FaceTrader","floor":2,"gold_loss":0},{"damage_healed":18,"gold_gain":0,"player_choice":"Healed","damage_taken":0,"max_hp_gain":0,"max_hp_loss":0,"event_name":"The Cleric","floor":5,"gold_loss":35},{"damage_healed":0,"gold_gain":0,"player_choice":"Shed Blood","damage_taken":20,"max_hp_gain":5,"max_hp_loss":0,"event_name":"Forgotten Altar","floor":19,"gold_loss":0},{"damage_healed":0,"gold_gain":0,"player_choice":"Obtained Book","damage_taken":16,"max_hp_gain":0,"max_hp_loss":0,"event_name":"Cursed Tome","floor":20,"gold_loss":0},{"damage_healed":0,"gold_gain":0,"player_choice":"Upgraded","damage_taken":0,"max_hp_gain":0,"max_hp_loss":0,"event_name":"Upgrade Shrine","floor":21,"gold_loss":0,"cards_upgraded":["hermit:Showdown"]},{"damage_healed":0,"gold_gain":0,"player_choice":"Ignored","damage_taken":0,"max_hp_gain":0,"max_hp_loss":0,"event_name":"Vampires","floor":30,"gold_loss":0}],"is_beta":false,"boss_relics":[{"not_picked":["Runic Dome","Runic Pyramid","Empty Cage"]}],"items_purged_floors":[],"is_endless":false,"potions_floor_spawned":[1,6,11,12,13,25,28],"killed_by":"Champ","ascension_level":1}}