{"host":"l8lm1goh5xm9tkuw","time":1614253311,"event":{"mods":["Act Like it!","Alarm Clock","Astrologer","BaseMod","Colored Map","Colored Powertips","Hermit","KomeijiMod","Library of Ruina","Library of Ruina Extra","Lobotomy","LobotomyExtend","Marisa£®ÏF”Í°°ƒß¿Ì…≥£©","Minty Spire (QoL Compilation)","MostiFishMod","Quick Restart","Replay The Spire","Ruina","StSLib","TestMod","The Bug Knight","The Hierophant","UnlockEverythingMod","°æ“≈ŒÔø®≈∆°øREMEMod"],"gold_per_floor":[118,118,167,180,199,230,248,282,282,308,319,319,319,335,335,412,412,412,412,431,449,465,492,492,519,519,538,552,585,597,96,96,170,170,182,24,37,37,51,78,78,105,130,130,141,141,155,189,189,189,189,189,189,189,31,59,59],"floor_reached":58,"language":"ZHS","playtime":1420,"items_purged":[],"score":2698,"play_id":"24ade023-ee03-41fd-b2c9-1aaeb65d1712","local_time":"20210225194151","is_ascension_mode":true,"campfire_choices":[{"floor":12,"key":"RECALL"},{"floor":15,"key":"REST"},{"data":"DegradedPillar","floor":32,"key":"SMITH"},{"data":"DegradedLock","floor":41,"key":"SMITH"},{"data":"DegradedPillar","floor":46,"key":"SMITH"},{"data":"DegradedChain","floor":49,"key":"SMITH"},{"data":"DegradedFairy","floor":54,"key":"SMITH"}],"circlet_count":0,"master_deck":["AscendersBane","DegradedFairy+1","DegradedFairy+1","DegradedChain","DegradedChain+1","DegradedLock+1","DegradedPillar+1","DegradedPillar+1","DegradedShockwave+1","DegradedFairy+1"],"relics":["PageOfLibrarian","DaveBox","testmod-TestBox","REME_ComplimentaryCards","Ying","testmod-Antiphasic","SynthV:TestCard","LetterFromLob","Replay:Baseball","Replay:Bottled Flurry","HornCleat","Matryoshka","Snecko Eye","Juzu Bracelet","PageOfSnowWhitesApple","Boot","Gremlin Food","Blood Vial","Lee\u0027s Waffle","Ancient Tea Set","Runic Dome","TheAbacus","Darkstone Periapt","PageOfBigBird","CeramicFish","HollowMod:PaleOreRelic","Happy Flower","PageOfPorccubus","Thread and Needle"],"acts_visited":["Exordium","ruina:Briah","TheBeyond","TheEnding"],"potions_floor_usage":[3],"damage_taken":[{"damage":0,"enemies":"Jaw Worm","floor":1,"turns":1},{"damage":0,"enemies":"Small Slimes","floor":4,"turns":1},{"damage":0,"enemies":"Cultist","floor":5,"turns":1},{"damage":0,"enemies":"Gremlin Nob","floor":6,"turns":2},{"damage":0,"enemies":"2 Fungi Beasts","floor":7,"turns":1},{"damage":0,"enemies":"3 Sentries","floor":8,"turns":2},{"damage":0,"enemies":"Gremlin Nob","floor":10,"turns":2},{"damage":0,"enemies":"Exordium Wildlife","floor":11,"turns":1},{"damage":0,"enemies":"Blue Slaver","floor":14,"turns":2},{"damage":0,"enemies":"The Guardian","floor":16,"turns":4},{"damage":0,"enemies":"ruina:3_Bats","floor":20,"turns":1},{"damage":0,"enemies":"ruina:2_Scarecrows","floor":21,"turns":2},{"damage":0,"enemies":"ruina:Woodsman","floor":22,"turns":1},{"damage":0,"enemies":"ruina:Mountain","floor":23,"turns":3},{"damage":22,"enemies":"ruina:ServantOfWrath","floor":25,"turns":4},{"damage":0,"enemies":"ruina:KnightOfDespair","floor":27,"turns":2},{"damage":0,"enemies":"ruina:KingOfGreed","floor":28,"turns":2},{"damage":1,"enemies":"ruina:RoadHome","floor":29,"turns":2},{"damage":0,"enemies":"ruina:QueenOfHate","floor":30,"turns":2},{"damage":0,"enemies":"ruina:Ozma","floor":33,"turns":3},{"damage":0,"enemies":"Orb Walker","floor":35,"turns":1},{"damage":0,"enemies":"3 Darklings","floor":37,"turns":1},{"damage":0,"enemies":"Spire Growth","floor":39,"turns":2},{"damage":0,"enemies":"R_Hoarder","floor":40,"turns":4},{"damage":0,"enemies":"Reptomancer","floor":42,"turns":2},{"damage":0,"enemies":"Transient","floor":45,"turns":6},{"damage":0,"enemies":"3 Darklings","floor":47,"turns":1},{"damage":0,"enemies":"Nemesis","floor":48,"turns":3},{"damage":0,"enemies":"Donu and Deca","floor":50,"turns":3},{"damage":0,"enemies":"Replay:Hell Engine","floor":51,"turns":3},{"damage":0,"enemies":"Replay:Hell Engine","floor":52,"turns":4},{"damage":0,"enemies":"Shield and Spear","floor":56,"turns":2},{"damage":17,"enemies":"The Heart","floor":57,"turns":7}],"seed_played":"4690152554754350830","potions_obtained":[{"floor":1,"key":"Strength Potion"},{"floor":3,"key":"Fruit Juice"},{"floor":3,"key":"CultistPotion"},{"floor":3,"key":"Swift Potion"}],"is_trial":false,"path_per_floor":["M","?","?","M","M","E","M","E","T","E","M","R","$","M","R","B",null,"M","?","M","M","M","E","$","E","T","M","M","E","M","$","R","B",null,"M","$","M","?","M","E","R","E","T","$","M","R","M","E","R","B","B",null,null,"R","$","E","B",null],"character_chosen":"Librarian","items_purchased":["Blood Vial","Lee\u0027s Waffle","Ancient Tea Set","TheAbacus","PageOfPorccubus"],"campfire_rested":1,"item_purchase_floors":[31,31,31,36,55],"current_hp_per_floor":[54,54,23,23,23,23,23,23,23,23,23,23,23,23,51,51,84,84,46,46,46,46,46,46,24,24,24,24,23,23,102,102,102,102,102,102,102,97,97,97,97,97,97,97,97,97,97,97,97,97,97,97,97,97,97,97,80],"gold":59,"neow_bonus":"REMOVE_CARD","is_daily":false,"chose_seed":false,"campfire_upgraded":5,"win_rate":0.0,"timestamp":1614253311,"path_taken":["M","?","?","?","M","E","M","E","T","E","M","R","$","M","R","BOSS","M","?","M","M","M","E","$","E","T","M","M","E","M","$","R","BOSS","M","?","M","?","M","E","R","E","T","$","M","R","M","E","R","BOSS","BOSS","R","$","E","BOSS"],"items_purchased_type":["Relic","Relic","Relic","Relic","Relic"],"build_version":"2020-12-22","purchased_purges":0,"victory":true,"max_hp_per_floor":[90,90,95,95,95,95,95,95,95,95,95,95,95,95,95,95,95,95,95,95,95,95,95,95,95,95,95,95,95,95,102,102,102,102,102,102,102,97,97,97,97,97,97,97,97,97,97,97,97,97,97,97,97,97,97,97,97],"card_choices":[{"not_picked":["RulesOfTheBackstreets","Clone","VenomousFangs","Thrust","ProselytesBlade","Diversion","Outburst","FeelinGood","StructuralAnalysis"],"picked":"SKIP","floor":1},{"not_picked":["SteelKnuckles","Unlock1","GuidanceOfTheGears","EnergyCycle","BayonetCombat","SpearedSweep","BlowItUp","OpportunitySpotted","SnakesPrey","Rewind","DarkCloud"],"picked":"SKIP","floor":4},{"not_picked":["BackstreetsDash","TheRedNotes","ToOvercomeCrisis","Parry2","BackAttack","MultiBlock","UnavoidableGaze","QuickAttack","InnerArdor","DefenseOrder","NightInTheBackstreets"],"picked":"SKIP","floor":5},{"not_picked":["FervidEmotions","TheRedNotes","FleshFillet","Unlock1","BattleCommand","SweepTheBackstreets","FlyingSword","Standoff","Rewind","SkitterAway","Reload"],"picked":"SKIP","floor":6},{"not_picked":["OpportunitySpotted","EnergyStrike","ExtremeEdge","PreemptiveStrike","GuardingStance","DaringDecision","RhinoRam","FlowOfTheSword","StructuralAnalysis","EndlessBattle","ProselytesBlade"],"picked":"SKIP","floor":7},{"not_picked":["ReadyUp","BlazingStrike","EnergyCycle","Outburst","ShockingBlow","EnergyShield","Leap_lor","Collision","Pound","GroundSmash","AsThePrescriptOrders"],"picked":"SKIP","floor":8},{"not_picked":["FlyingSword","VioletBlade","Mutilate","DefenseOrder","TheRedNotes","GuidanceOfTheGears","ExtractFuel","StrikeDown","ChiWen","PuppetBlockade","FleetFootsteps"],"picked":"SKIP","floor":10},{"not_picked":["FrontalAssault","LeRegole","SummaryJudgment","PuppetBlockade","EnergyShield","Diversion","Multislash","QuickSuppression","EndlessBattle","Standoff","GrazeTheGrass"],"picked":"SKIP","floor":11},{"not_picked":["EnergyStrike","Zzzzzap","TasteMyFlamingBat","EnergyCycle","SerpentSwordTechnique","YoureTooSlow","Leap_lor","PreemptiveStrike","FrontalAssault","SpearedSweep","WillProduceFineSilk"],"picked":"SKIP","floor":14},{"not_picked":["DarkCloud","LoosenUp","TheRedNotes","DesperateStruggle","PinpointShot","Wallop_lor","Parry","StrongStrike","FlyingSword","EndlessBattle","GuardingStance"],"picked":"SKIP","floor":20},{"not_picked":["BurningFlash","TheArtOfRapidSteps","Thrust","SinglePointStab","StructuralAnalysis","InnerArdor","FieryDragonSlash","NightInTheBackstreets","GrazeTheGrass","NonstopAssault","ButterflySlash"],"picked":"SKIP","floor":21},{"not_picked":["Concentration+1","BackstreetsDash","SinglePointStab","Diversion","StrikeDown","Quickness","QuickSuppression","ScatteringSlash","JiaoTu","Decapitation","CoordinatedAssault"],"picked":"SKIP","floor":22},{"not_picked":["Parry","StructuralAnalysis","BurningFlash","CutIn","YourShield","YoureTooSlow","Rampage_lor","TheRedNotes","SkyClearingCut","MultiBlock","AsThePrescriptOrders"],"picked":"SKIP","floor":23},{"not_picked":["RepressedFlesh","DarkCloud","HighKick","FlashOfSunup+1","Zzzzzap","GrazeTheGrass","FlowOfTheSword","Rampage_lor","SetFire","GreatSerpentsImpact","UncannyStrike"],"picked":"SKIP","floor":25},{"not_picked":["CookingPrep","MindWhip","NightInTheBackstreets","StrongStrike+1","AsThePrescriptOrders","WillOfThePrescript","ViolentFlame","EnergyShield","DirtyBlow","Execute_lor+1","QuickAttack"],"picked":"SKIP","floor":27},{"not_picked":["Transpierce","PinpointShot","HandleRequest","RatsGuideToSurvival","StrongStrike","MultiBlock","MindPrepared+1","SnakesPrey","WillOfThePrescript+1","BurningFlash+1","DefenseOrder"],"picked":"SKIP","floor":28},{"not_picked":["Parry","Rampage_lor","QuickSuppression+1","SharpSwipe+1","ExtremeEdge","ScratchThat","GreatSerpentsImpact","FierceOnslaught+1","Execute_lor","LossOfSenses","AsThePrescriptOrders"],"picked":"SKIP","floor":29},{"not_picked":["BackAttack+1","FleetEdge","EnergyCycle","StructuralAnalysis","Leap_lor","CoordinatedAssault","Standoff","AlloutWar","BiAn","SinglePointStab","Collision"],"picked":"SKIP","floor":30},{"not_picked":["Thrust","FierceCharge","StrongStrike","SnakesPrey","Unlock1","GrazeTheGrass","EndlessBattle+1","DesperateStruggle","SerpentineBarrier","BayonetCombat","GreatSerpentsImpact"],"picked":"SKIP","floor":35},{"not_picked":["TendonChords+1","SmokingPipe","SharpSwipe","SuanNi","SnakeSlit","Pound","EnergyCycle","EnergyShield+1","StrikeDown","DarkCloud","HiddenBlade+1"],"picked":"SKIP","floor":37},{"not_picked":["SnakesPrey","Guardian_lor","HiddenBlade","AlloutWar","BiAn","IdentifyWeakpoint","RulesOfTheBackstreets","JiaoTu","Fence","SunsetBlade+1","WaitUp"],"picked":"SKIP","floor":39},{"not_picked":["Concentration","BlazingStrike","BulkyImpact","SerpentineBarrier+1","DesperateStruggle+1","SerpentSwordTechnique","Leap_lor","ScratchThat","BizarreAttack","OpportunitySpotted+1","Marionette+1"],"picked":"SKIP","floor":40},{"not_picked":["Parry2+1","NightInTheBackstreets+1","HandleRequest","CumulusWall","SilentNight","Thrust+1","SturdyDefense","EndlessBattle","Quickness","QuickSuppression+1","EmotionalTurbulence"],"picked":"SKIP","floor":42},{"not_picked":["FleetFootsteps","Thirst","NightInTheBackstreets","StrongStrike","Diversion","Concentration","Unlock1+1","MultiBlock","GrazeTheGrass","YoureTooSlow","StrikeDown"],"picked":"SKIP","floor":45},{"not_picked":["CircusKnives+1","InkOver+1","ToWhereThePrescriptPoints","SharpNails","EnergyCycle","HandlingWork+1","ViolentFlame","TendonChords","CumulusWall","DesperateStruggle+1","GuidanceOfTheGears+1"],"picked":"SKIP","floor":47},{"not_picked":["FocusFire","Struggle+1","TrashDisposal","BiAn","FrontalAssault","FleetEdge+1","Pound+1","SharpSwipe","FierceOnslaught+1","Quickness","Commandeering"],"picked":"SKIP","floor":48},{"not_picked":["BladeWhirl","FrontalAssault+1","Feast","SummaryJudgment","Mutilate+1","Unlock1+1","BiAn","Parry","BlowItUp","Cruelty","QuickAttack"],"picked":"SKIP","floor":56}],"player_experience":365008,"relics_obtained":[{"floor":1,"key":"SynthV:TestCard"},{"floor":1,"key":"LetterFromLob"},{"floor":6,"key":"Replay:Baseball"},{"floor":8,"key":"Replay:Bottled Flurry"},{"floor":9,"key":"HornCleat"},{"floor":10,"key":"Matryoshka"},{"floor":23,"key":"Juzu Bracelet"},{"floor":25,"key":"PageOfSnowWhitesApple"},{"floor":26,"key":"Boot"},{"floor":29,"key":"Gremlin Food"},{"floor":40,"key":"Darkstone Periapt"},{"floor":42,"key":"PageOfBigBird"},{"floor":43,"key":"CeramicFish"},{"floor":43,"key":"HollowMod:PaleOreRelic"},{"floor":48,"key":"Happy Flower"},{"floor":56,"key":"Thread and Needle"}],"event_choices":[{"damage_healed":0,"gold_gain":0,"player_choice":"Grow","damage_taken":0,"max_hp_gain":0,"max_hp_loss":0,"event_name":"Living Wall","floor":2,"gold_loss":0,"cards_upgraded":["DegradedShockwave"]},{"damage_healed":0,"gold_gain":0,"player_choice":"Max HP","damage_taken":0,"max_hp_gain":0,"max_hp_loss":5,"event_name":"Winding Halls","floor":38,"gold_loss":0}],"is_beta":false,"boss_relics":[{"not_picked":["testmod-EnergyCheck","Coffee Dripper"],"picked":"Snecko Eye"},{"not_picked":["FixedStarFall","BloodWine"],"picked":"Runic Dome"}],"items_purged_floors":[],"is_endless":false,"potions_floor_spawned":[1,4,10,14,21,25,27,29,30,33,35,40,42,56],"ascension_level":20}}