{"host":"6152go0anyt7mc9e","time":1614250970,"event":{"mods":["BaseMod","Colored Map","Minty Spire (QoL Compilation)","StSLib"],"gold_per_floor":[114,129,304,304,304,342,0,0,0,0,38,57,76,95,95,220,220,239,239,239,338,31,78,97,135,135,163,58,86,86,20,20,154,154,182,201,201,201,229,229,276,50,50,69,107,107,43,71,71,71],"floor_reached":51,"language":"ZHT","playtime":999,"items_purged":["Doubt"],"score":1128,"play_id":"fc3f19c6-0cdf-4ebd-9179-07909ce0f8dd","local_time":"20210225190250","daily_mods":["Insanity","Colorless Cards","Night Terrors"],"is_ascension_mode":false,"campfire_choices":[{"data":"Mind Blast","floor":8,"key":"SMITH"},{"data":"1","floor":10,"key":"LIFT"},{"data":"2","floor":15,"key":"LIFT"},{"data":"3","floor":30,"key":"LIFT"},{"data":"Machine Learning","floor":32,"key":"SMITH"},{"floor":40,"key":"REST"},{"floor":46,"key":"REST"},{"data":"Barrage","floor":49,"key":"SMITH"}],"circlet_count":0,"master_deck":["Streamline+1","Hologram+1","Redo+1","Ball Lightning+1","Leap+1","Gash+1","Barrage+1","Hello World+1","Blizzard+1","Undo+1","Turbo+1","Undo+1","Bandage Up+1","Streamline+1","BootSequence+1","Glacier+1","Stack+1","Gash+1","Ball Lightning+1","Turbo+1","Gash+1","Turbo+1","Beam Cell+1","Trip+1","Redo+1","Jack Of All Trades+1","Ball Lightning+1","Coolheaded+1","Hologram+1","Leap+1","Doom and Gloom+1","Hologram+1","Coolheaded+1","Ball Lightning+1","Rebound+1","Self Repair+1","Streamline+1","Skim+1","Loop+1","Blizzard+1","Mind Blast+1","Barrage+1","Beam Cell+1","Rebound+1","Streamline+1","Static Discharge+1","FTL+1","Scrape+1","Loop+1","Streamline+1","Machine Learning+1","Mayhem+1","Darkness+1","Gash+1","Ball Lightning+1","Storm+1","Stack+1","Flash of Steel+1","Capacitor+1","Steam Power+1","Leap+1","BootSequence+1","Defragment+1","Self Repair+1","Mind Blast+1","Secret Technique+1","Redo+1","Sweeping Beam+1","Jack Of All Trades+1","Barrage+1"],"relics":["Cracked Core","Golden Idol","Girya","Membership Card","Bronze Scales","Pantograph","MealTicket","Busted Crown","MutagenicStrength","CeramicFish","Orrery","Ornamental Fan","Centennial Puzzle","Oddly Smooth Stone","Bottled Flame","Runic Capacitor","DollysMirror","Nuclear Battery","Mark of the Bloom","MawBank","Bottled Lightning","Vajra","TungstenRod","StrikeDummy","Potion Belt"],"acts_visited":["Exordium","TheCity","TheBeyond"],"potions_floor_usage":[16,50,50,50],"damage_taken":[{"damage":0.0,"enemies":"2 Louse","floor":1.0,"turns":1.0},{"damage":0.0,"enemies":"Small Slimes","floor":2.0,"turns":1.0},{"damage":7,"enemies":"3 Sentries","floor":6,"turns":4},{"damage":0,"enemies":"Lagavulin","floor":11,"turns":2},{"damage":0,"enemies":"Jaw Worm","floor":12,"turns":1},{"damage":0,"enemies":"Large Slime","floor":13,"turns":1},{"damage":0,"enemies":"2 Fungi Beasts","floor":14,"turns":2},{"damage":36,"enemies":"Hexaghost","floor":16,"turns":4},{"damage":0,"enemies":"Chosen","floor":18,"turns":1},{"damage":0,"enemies":"Gremlin Leader","floor":23,"turns":2},{"damage":0,"enemies":"2 Thieves","floor":24,"turns":2},{"damage":0,"enemies":"Slavers","floor":25,"turns":4},{"damage":0,"enemies":"Sentry and Sphere","floor":27,"turns":2},{"damage":0,"enemies":"Shelled Parasite and Fungi","floor":29,"turns":2},{"damage":8,"enemies":"Automaton","floor":33,"turns":4},{"damage":0,"enemies":"3 Darklings","floor":35,"turns":2},{"damage":0,"enemies":"3 Shapes","floor":36,"turns":2},{"damage":0,"enemies":"Jaw Worm Horde","floor":39,"turns":2},{"damage":0,"enemies":"Reptomancer","floor":41,"turns":2},{"damage":0,"enemies":"Writhing Mass","floor":44,"turns":1},{"damage":8,"enemies":"Giant Head","floor":45,"turns":3},{"damage":0,"enemies":"4 Shapes","floor":48,"turns":2},{"damage":0,"enemies":"Donu and Deca","floor":50,"turns":2}],"seed_played":"3523290589944034342","potions_obtained":[{"floor":2.0,"key":"LiquidBronze"},{"floor":6,"key":"Block Potion"},{"floor":11,"key":"DuplicationPotion"},{"floor":18,"key":"LiquidMemories"}],"is_trial":false,"path_per_floor":["M","M","?","?","?","E","$","R","T","R","E","M","M","M","R","B",null,"M","?","?","?","$","E","M","E","T","M","$","M","R","$","R","B",null,"M","M","?","?","M","R","E","$","T","M","E","R","?","M","R","B",null],"character_chosen":"DEFECT","items_purchased":["Membership Card","Bronze Scales","Machine Learning","CeramicFish","Orrery","Flash of Steel","Ornamental Fan","Capacitor","Steam Power","Runic Capacitor","Defragment","DollysMirror","Bottled Lightning","Vajra","DuplicationPotion"],"campfire_rested":2,"item_purchase_floors":[7,7,7,22,22,22,22,22,22,28,28,31,42,42,42],"current_hp_per_floor":[75,75,75,57,57,57,57,57,57,57,57,57,57,61,61,46,75,75,75,75,75,75,75,75,75,75,75,75,75,75,75,75,67,75,75,75,75,75,75,70,70,70,70,70,62,62,62,62,62,62],"gold":71,"neow_bonus":"","is_daily":true,"chose_seed":false,"campfire_upgraded":3,"win_rate":0.0,"timestamp":1614250970,"path_taken":["M","M","?","?","?","E","?","R","T","R","E","M","M","M","R","BOSS","M","?","?","?","$","E","M","E","T","M","$","M","R","?","R","BOSS","M","M","?","?","M","R","E","$","T","?","E","R","?","M","R","BOSS"],"items_purchased_type":["Relic","Relic","Card","Relic","Relic","Card","Relic","Card","Card","Relic","Card","Relic","Relic","Relic","Potion"],"build_version":"2020-12-22","purchased_purges":1,"victory":true,"max_hp_per_floor":[75,75,75,75,75,75,75,75,75,75,75,75,75,75,75,75,75,75,75,75,75,75,75,75,75,75,75,75,75,75,75,75,75,75,75,75,75,75,75,70,70,70,70,70,70,65,65,65,65,65],"card_choices":[{"not_picked":["Undo","Redo","Conserve Battery"],"picked":"SKIP","floor":1.0},{"not_picked":["Gash","Barrage","Hologram"],"picked":"SKIP","floor":2.0},{"not_picked":["Coolheaded","Beam Cell","Recycle"],"picked":"SKIP","floor":6},{"not_picked":["Hello World","Stack","Compile Driver"],"picked":"SKIP","floor":11},{"not_picked":["Redo","Go for the Eyes","Steam"],"picked":"SKIP","floor":12},{"not_picked":["Multi-Cast","Loop","Force Field"],"picked":"SKIP","floor":13},{"not_picked":["Streamline","Coolheaded","Barrage"],"picked":"SKIP","floor":14},{"not_picked":["Violence","Creative AI"],"picked":"Mayhem","floor":16},{"not_picked":["Streamline+1"],"picked":"SKIP","floor":18},{"not_picked":[],"picked":"Darkness+1","floor":22},{"not_picked":[],"picked":"Gash","floor":22},{"not_picked":[],"picked":"Ball Lightning","floor":22},{"not_picked":[],"picked":"Storm","floor":22},{"not_picked":[],"picked":"Stack","floor":22},{"not_picked":[],"picked":"Leap+1","floor":23},{"not_picked":["Barrage"],"picked":"SKIP","floor":24},{"not_picked":["PanicButton"],"picked":"SKIP","floor":25},{"not_picked":["PanicButton"],"picked":"SKIP","floor":25},{"not_picked":[],"picked":"BootSequence","floor":27},{"not_picked":[],"picked":"Self Repair","floor":29},{"not_picked":[],"picked":"Secret Technique","floor":33},{"not_picked":[],"picked":"Redo","floor":35},{"not_picked":["Barrage"],"picked":"SKIP","floor":36},{"not_picked":[],"picked":"Sweeping Beam+1","floor":39},{"not_picked":[],"picked":"Jack Of All Trades+1","floor":41},{"not_picked":["Conserve Battery+1"],"picked":"SKIP","floor":44},{"not_picked":["Turbo"],"picked":"SKIP","floor":45},{"not_picked":[],"picked":"Barrage","floor":48}],"player_experience":1558959,"relics_obtained":[{"floor":6,"key":"Girya"},{"floor":9,"key":"Pantograph"},{"floor":11,"key":"MealTicket"},{"floor":23,"key":"Centennial Puzzle"},{"floor":25,"key":"Oddly Smooth Stone"},{"floor":26,"key":"Bottled Flame"},{"floor":41,"key":"MawBank"},{"floor":43,"key":"TungstenRod"},{"floor":45,"key":"StrikeDummy"}],"event_choices":[{"damage_healed":0.0,"max_hp_gain":0.0,"max_hp_loss":0.0,"gold_gain":175.0,"event_name":"Liars Game","player_choice":"AGREE","floor":3.0,"gold_loss":0.0,"damage_taken":0.0,"cards_obtained":["Doubt"]},{"damage_healed":0.0,"max_hp_gain":0.0,"max_hp_loss":0.0,"gold_gain":0.0,"event_name":"Golden Idol","player_choice":"Take Damage","floor":4.0,"gold_loss":0.0,"damage_taken":18.0,"relics_obtained":["Golden Idol"]},{"damage_healed":0.0,"max_hp_gain":0.0,"max_hp_loss":0.0,"gold_gain":0.0,"event_name":"The Cleric","player_choice":"Leave","floor":5.0,"gold_loss":0.0,"damage_taken":0.0},{"damage_healed":0,"gold_gain":0,"player_choice":"Ignored","damage_taken":0,"max_hp_gain":0,"max_hp_loss":0,"event_name":"Ghosts","floor":19,"gold_loss":0},{"damage_healed":0,"gold_gain":0,"player_choice":"Inject Mutagens","damage_taken":0,"relics_obtained":["MutagenicStrength"],"max_hp_gain":0,"max_hp_loss":0,"event_name":"Drug Dealer","floor":20,"gold_loss":0},{"damage_healed":0,"gold_gain":99,"player_choice":"Stole From Cult","damage_taken":0,"max_hp_gain":0,"max_hp_loss":0,"event_name":"Nest","floor":21,"gold_loss":0},{"damage_healed":0,"gold_gain":0,"player_choice":"Upgrade","damage_taken":0,"relics_obtained":["Mark of the Bloom"],"max_hp_gain":0,"max_hp_loss":0,"event_name":"MindBloom","floor":37,"gold_loss":0,"cards_upgraded":["Streamline","Hologram","Redo","Ball Lightning","Leap","Gash","Barrage","Hello World","Blizzard","Undo","Turbo","Undo","Bandage Up","Streamline","BootSequence","Glacier","Stack","Gash","Ball Lightning","Turbo","Gash","Turbo","Beam Cell","Trip","Redo","Jack Of All Trades","Ball Lightning","Coolheaded","Hologram","Leap","Doom and Gloom","Hologram","Coolheaded","Ball Lightning","Rebound","Self Repair","Streamline","Skim","Loop","Blizzard","Barrage","Beam Cell","Rebound","Streamline","Static Discharge","FTL","Scrape","Loop","Streamline","Mayhem","Gash","Ball Lightning","Storm","Stack","Flash of Steel","Capacitor","Steam Power","BootSequence","Defragment","Self Repair","Secret Technique","Redo"]},{"damage_healed":0,"gold_gain":0,"player_choice":"Ignored","damage_taken":0,"max_hp_gain":0,"max_hp_loss":0,"event_name":"Upgrade Shrine","floor":38,"gold_loss":0},{"damage_healed":0,"gold_gain":0,"player_choice":"Paid Gold","damage_taken":0,"relics_obtained":["Potion Belt"],"max_hp_gain":0,"max_hp_loss":0,"event_name":"WeMeetAgain","floor":47,"gold_loss":64}],"is_beta":false,"boss_relics":[{"not_picked":["Tiny House","Calling Bell"],"picked":"Busted Crown"},{"not_picked":["Runic Pyramid","Astrolabe"],"picked":"Nuclear Battery"}],"items_purged_floors":[7],"is_endless":false,"potions_floor_spawned":[2,6,11,14,18,27,36,44,45],"ascension_level":0}}