{"host":"bvp2uifzy1c463d9","time":1614226751,"event":{"mods":["AchievementEnabler","BaseMod","Better Note","Block Reminder","Bossed Relics","Colored Map","Colored Powertips","Highlight Path","Hubris","Infinite Spire","Minty Spire (QoL Compilation)","Relic Sorter","Relic Stats","Reliquary","Replay The Spire","StSLib","The Blue Laboratory","Wandering Minibosses"],"gold_per_floor":[118,118,132,132,171,171,203,217,217,247,279,154,167,182,182,182,182],"floor_reached":16,"language":"ENG","playtime":648,"items_purged":["Strike_G"],"score":176,"play_id":"3ee4a245-371b-42bb-beb9-119982c83081","local_time":"20210224221911","is_ascension_mode":true,"campfire_choices":[{"data":"Tactician","floor":6,"key":"SMITH"},{"floor":15,"key":"REST"}],"circlet_count":0,"master_deck":["Strike_G","Strike_G","Strike_G","Defend_G","Defend_G","Defend_G","Defend_G","Defend_G","Survivor","Neutralize","Hidden Blade+1","Tactician+1","Dodge and Roll","Reflex","Dagger Throw","Underhanded Strike","Concentrate","All Out Attack","Prepared","Flying Knee"],"relics":["Ring of the Snake","NeowsBlessing","reliquary:PartyBalloon","hubris:OldNail","reliquary:HotPoker","Odd Mushroom","Durian"],"acts_visited":["Exordium"],"potions_floor_usage":[10,11,14],"damage_taken":[{"damage":0,"enemies":"Jaw Worm","floor":1,"turns":1},{"damage":0,"enemies":"2 Louse","floor":3,"turns":1},{"damage":0,"enemies":"3 Sentries","floor":7,"turns":1},{"damage":3,"enemies":"Small Slimes","floor":8,"turns":4},{"damage":9,"enemies":"The Mushroom Lair","floor":10,"turns":5},{"damage":25,"enemies":"Gremlin Nob","floor":11,"turns":4},{"damage":0,"enemies":"Blue Slaver","floor":13,"turns":3},{"damage":0,"enemies":"Gremlin Gang","floor":14,"turns":5},{"damage":31,"enemies":"Hexaghost","floor":16,"turns":9}],"seed_played":"-7086967411775130767","potions_obtained":[{"floor":5,"key":"PowerPotion"},{"floor":7,"key":"FearPotion"},{"floor":8,"key":"blueLaboratory:NullPotion"},{"floor":13,"key":"blueLaboratory:BottledHope"},{"floor":14,"key":"Elixir"}],"is_trial":false,"path_per_floor":["M","?","M","?","?","R","E","M","T","?","E","$","M","M","R","B"],"character_chosen":"THE_SILENT","items_purchased":["blueLaboratory:FrostheartPotion"],"campfire_rested":1,"item_purchase_floors":[12],"current_hp_per_floor":[63,63,63,56,39,39,39,36,36,27,7,7,7,7,29,0,0],"gold":182,"neow_bonus":"THREE_ENEMY_KILL","is_daily":false,"chose_seed":false,"campfire_upgraded":1,"win_rate":0.0,"timestamp":1614226751,"path_taken":["M","?","M","?","?","R","E","M","T","?","E","$","M","M","R","BOSS"],"items_purchased_type":["Potion"],"build_version":"2020-12-22","purchased_purges":1,"victory":false,"max_hp_per_floor":[70,70,70,70,70,70,70,70,70,70,75,75,75,75,75,75,75],"relic_stats":{"counters":[9,33],"obtain_stats":[{"reliquary:HotPoker":9,"NeowsBlessing":0,"reliquary:PartyBalloon":5,"Durian":11,"Odd Mushroom":10,"hubris:OldNail":7,"Ring of the Snake":0},{"reliquary:HotPoker":4,"NeowsBlessing":0,"reliquary:PartyBalloon":2,"Durian":6,"Odd Mushroom":5,"hubris:OldNail":3,"Ring of the Snake":0},{"reliquary:HotPoker":7,"NeowsBlessing":0,"reliquary:PartyBalloon":2,"Durian":16,"Odd Mushroom":12,"hubris:OldNail":3,"Ring of the Snake":0}],"Ring of the Snake":[18]},"card_choices":[{"not_picked":["Sucker Punch","Slice"],"picked":"Hidden Blade","floor":1},{"not_picked":["Escape Plan","Acrobatics"],"picked":"Tactician","floor":3},{"not_picked":["Deadly Poison","hubris:Counter"],"picked":"Dodge and Roll","floor":5},{"not_picked":["Outmaneuver","Fluid Movement"],"picked":"Reflex","floor":5},{"not_picked":["ReplayTheSpireMod:Tripwire","Dodge and Roll"],"picked":"Dagger Throw","floor":7},{"not_picked":["Poisoned Stab","Riddle With Holes"],"picked":"Underhanded Strike","floor":8},{"not_picked":["Skewer","Distraction"],"picked":"Concentrate","floor":10},{"not_picked":["Replay:Bag of Tricks","Replay:Poison Smokescreen"],"picked":"All Out Attack","floor":11},{"not_picked":["Sucker Punch","hubris:SlightOfHand"],"picked":"Prepared","floor":13},{"not_picked":["ReplayTheSpireMod:Scrap Shanks","Deflect"],"picked":"Flying Knee","floor":14}],"player_experience":291008,"relics_obtained":[{"floor":5,"key":"reliquary:PartyBalloon"},{"floor":7,"key":"hubris:OldNail"},{"floor":9,"key":"reliquary:HotPoker"},{"floor":10,"key":"Odd Mushroom"},{"floor":11,"key":"Durian"}],"event_choices":[{"cards_removed":["Strike_G"],"damage_healed":0,"gold_gain":0,"player_choice":"Card Removal","damage_taken":7,"max_hp_gain":0,"max_hp_loss":0,"event_name":"Golden Wing","floor":4,"gold_loss":0},{"damage_healed":0,"gold_gain":0,"player_choice":"Fought Mushrooms","damage_taken":0,"max_hp_gain":0,"max_hp_loss":0,"event_name":"Mushrooms","floor":10,"gold_loss":0}],"is_beta":false,"boss_relics":[],"items_purged_floors":[12],"is_endless":false,"potions_floor_spawned":[7,8,13,14],"killed_by":"Hexaghost","ascension_level":6}}