{"host":"8u7tvcybuv0u72fd","time":1614231347,"event":{"mods":["BaseMod","BetterRewards","Colored Map","Colored Powertips","Minty Spire (QoL Compilation)","Quick Restart","Shop Mod"],"gold_per_floor":[116,128,140,157,332,332,347,1,24,62,99,127,139,171,183,297,309,334,346,378,203,253,273,300,187,242,242,41,52,52,67,67,162,162,172,0,10,10,29,29,62,62,62,62,78,90,32,57,57,57,57,57,11,43,43],"floor_reached":56,"language":"ENG","playtime":2926,"items_purged":["Strike_R","Doubt"],"score":1679,"play_id":"0ebfe9f0-d39f-4256-bf99-dc6d9f8fb49b","local_time":"20210225003547","is_ascension_mode":false,"campfire_choices":[{"data":"Body Slam","floor":6.0,"key":"SMITH"},{"data":"Bash","floor":15.0,"key":"SMITH"},{"data":"Shrug It Off","floor":27.0,"key":"SMITH"},{"data":"Iron Wave","floor":30.0,"key":"SMITH"},{"data":"Seeing Red","floor":32.0,"key":"SMITH"},{"data":"Impervious","floor":40,"key":"SMITH"},{"floor":42,"key":"RECALL"},{"data":"Defend_R","floor":44,"key":"SMITH"},{"data":"Defend_R","floor":49,"key":"SMITH"},{"data":"Defend_R","floor":52,"key":"SMITH"}],"circlet_count":0,"master_deck":["Strike_R","Strike_R","Strike_R","Defend_R","Defend_R+1","Defend_R+1","Defend_R+1","Bash+1","Body Slam+1","Metallicize+1","Iron Wave+1","Shrug It Off+1","Seeing Red+1","Juggernaut+1","CurseOfTheBell","Power Through+1","Headbutt","Fire Breathing+1","Impervious+1","Flame Barrier+1","Shame","Disarm+1"],"relics":["Burning Blood","Bronze Scales","HandDrill","Frozen Egg 2","Sling","Blue Candle","Medical Kit","Calipers","Odd Mushroom","Centennial Puzzle","PreservedInsect","Pantograph","Turnip","MerchantsRug","Art of War","Dream Catcher","Mercury Hourglass","Bottled Tornado","Ancient Tea Set","Cursed Key","Red Mask","Torii","Gremlin Horn","Paper Frog","Boot"],"acts_visited":["Exordium","TheCity","TheBeyond","TheEnding"],"potions_floor_usage":[35,41,55,55,55],"damage_taken":[{"damage":1.0,"enemies":"Cultist","floor":1.0,"turns":4.0},{"damage":1.0,"enemies":"2 Louse","floor":2.0,"turns":2.0},{"damage":5.0,"enemies":"Small Slimes","floor":3.0,"turns":3.0},{"damage":9.0,"enemies":"Blue Slaver","floor":4.0,"turns":4.0},{"damage":5.0,"enemies":"Red Slaver","floor":7.0,"turns":4.0},{"damage":0.0,"enemies":"The Mushroom Lair","floor":10.0,"turns":4.0},{"damage":1.0,"enemies":"3 Sentries","floor":11.0,"turns":8.0},{"damage":6.0,"enemies":"Exordium Wildlife","floor":12.0,"turns":3.0},{"damage":3.0,"enemies":"Blue Slaver","floor":14.0,"turns":3.0},{"damage":46.0,"enemies":"Slime Boss","floor":16.0,"turns":18.0},{"damage":16.0,"enemies":"3 Byrds","floor":18.0,"turns":5.0},{"damage":9.0,"enemies":"Chosen","floor":20.0,"turns":5.0},{"damage":4.0,"enemies":"3 Cultists","floor":23.0,"turns":5.0},{"damage":10.0,"enemies":"Book of Stabbing","floor":24.0,"turns":4.0},{"damage":8.0,"enemies":"Centurion and Healer","floor":29.0,"turns":4.0},{"damage":1.0,"enemies":"Cultist and Chosen","floor":31.0,"turns":4.0},{"damage":26.0,"enemies":"Automaton","floor":33.0,"turns":10.0},{"damage":1,"enemies":"3 Shapes","floor":35,"turns":3},{"damage":1,"enemies":"Orb Walker","floor":37,"turns":3},{"damage":1,"enemies":"Transient","floor":39,"turns":5},{"damage":1,"enemies":"Nemesis","floor":41,"turns":3},{"damage":1,"enemies":"4 Shapes","floor":45,"turns":4},{"damage":2,"enemies":"Spire Growth","floor":46,"turns":5},{"damage":15,"enemies":"Reptomancer","floor":48,"turns":6},{"damage":2,"enemies":"Time Eater","floor":50,"turns":12},{"damage":17,"enemies":"Shield and Spear","floor":54,"turns":5},{"damage":74,"enemies":"The Heart","floor":55,"turns":12}],"seed_played":"5813869937176003409","potions_obtained":[{"floor":3.0,"key":"SkillPotion"},{"floor":7.0,"key":"Swift Potion"},{"floor":11.0,"key":"Energy Potion"},{"floor":14.0,"key":"SkillPotion"},{"floor":18.0,"key":"BlessingOfTheForge"},{"floor":23.0,"key":"DistilledChaos"},{"floor":24.0,"key":"Strength Potion"},{"floor":37,"key":"DistilledChaos"},{"floor":45,"key":"Explosive Potion"},{"floor":46,"key":"Fire Potion"}],"is_trial":false,"path_per_floor":["M","M","M","M","?","R","M","$","T","?","E","M","?","M","R","B",null,"M","?","M","$","?","M","E","$","T","R","$","M","R","M","R","B",null,"M","?","M","?","M","R","E","R","T","R","M","M","$","E","R","B",null,"R","$","E","B",null],"character_chosen":"IRONCLAD","items_purchased":["Bronze Scales","HandDrill","Frozen Egg 2","Sling","Blue Candle","Medical Kit","Body Slam","BloodPotion","BlessingOfTheForge","Membership Card","Calipers","MerchantsRug","Art of War","EssenceOfSteel","Mercury Hourglass","Fire Breathing+1","Bottled Tornado","Ancient Tea Set","Torii","Paper Frog"],"campfire_rested":0,"item_purchase_floors":[0,0,0,0,0,0,0,0,0,8,8,21,21,21,25,25,28,28,47,53],"current_hp_per_floor":[37,42,43,40,40,40,57,57,57,63,68,68,61,64,64,24,80,70,70,67,67,67,69,65,65,65,65,65,63,63,68,68,60,80,80,80,80,80,80,80,87,87,87,87,87,87,87,78,78,87,87,87,87,76,19],"gold":43,"neow_bonus":"","is_daily":false,"chose_seed":false,"campfire_upgraded":9,"win_rate":0.0,"timestamp":1614231347,"path_taken":["M","M","?","M","?","R","M","$","T","?","E","M","?","M","R","BOSS","M","?","?","$","?","?","E","$","T","R","$","M","R","M","R","BOSS","M","?","M","?","?","R","E","R","T","R","M","M","$","E","R","BOSS","R","$","E","BOSS"],"items_purchased_type":["Relic","Relic","Relic","Relic","Relic","Relic","Card","Potion","Potion","Relic","Relic","Relic","Relic","Potion","Relic","Card","Relic","Relic","Relic","Relic"],"build_version":"2020-12-22","purchased_purges":2,"victory":true,"max_hp_per_floor":[80,80,80,80,80,80,80,80,80,80,80,80,80,80,80,80,80,80,80,80,80,80,80,80,80,80,80,80,80,80,80,80,80,80,80,80,80,80,80,80,87,87,87,87,87,87,87,87,87,87,87,87,87,87,87],"card_choices":[{"not_picked":["Anger","Pommel Strike","Blood for Blood"],"picked":"SKIP","floor":1.0},{"not_picked":["Metallicize+1","Warcry","Carnage"],"picked":"SKIP","floor":2.0},{"not_picked":["Armaments","Thunderclap","Havoc"],"picked":"SKIP","floor":3.0},{"not_picked":["Anger","Shockwave"],"picked":"Metallicize+1","floor":4.0},{"not_picked":["Second Wind","Cleave"],"picked":"Iron Wave","floor":7.0},{"not_picked":["Inflame+1","Headbutt"],"picked":"Shrug It Off","floor":10.0},{"not_picked":["Clothesline","Ghostly Armor","Warcry"],"picked":"SKIP","floor":11.0},{"not_picked":["Warcry","Thunderclap","Fire Breathing+1"],"picked":"SKIP","floor":12.0},{"not_picked":["Perfected Strike","Pommel Strike"],"picked":"Seeing Red","floor":14.0},{"not_picked":["Double Tap","Offering"],"picked":"Juggernaut+1","floor":16.0},{"not_picked":["Shrug It Off+1","Twin Strike"],"picked":"Power Through+1","floor":18.0},{"not_picked":["Heavy Blade","Combust+1","Seeing Red"],"picked":"SKIP","floor":20.0},{"not_picked":["Evolve+1","Clash","Thunderclap"],"picked":"SKIP","floor":23.0},{"not_picked":["Impervious","Exhume"],"picked":"Headbutt","floor":24.0},{"not_picked":["Metallicize+1","Clothesline+1","Clash"],"picked":"SKIP","floor":29.0},{"not_picked":["Twin Strike","Seeing Red","Flex"],"picked":"SKIP","floor":31.0},{"not_picked":["Immolate","Juggernaut+1"],"picked":"Impervious","floor":33.0},{"not_picked":["Perfected Strike+1","Thunderclap","Cleave+1"],"picked":"SKIP","floor":35},{"not_picked":["Cleave","Evolve+1","Wild Strike"],"picked":"SKIP","floor":37},{"not_picked":["Metallicize+1","Hemokinesis+1","Perfected Strike+1"],"picked":"SKIP","floor":39},{"not_picked":["Searing Blow","Thunderclap"],"picked":"Flame Barrier+1","floor":41},{"not_picked":["Clothesline+1","Combust+1","Berserk+1"],"picked":"SKIP","floor":45},{"not_picked":["Intimidate","Twin Strike"],"picked":"Disarm+1","floor":46},{"not_picked":["Pummel+1","Dual Wield","Evolve+1"],"picked":"SKIP","floor":48},{"not_picked":["Havoc","Impervious","Sentinel"],"picked":"SKIP","floor":54}],"player_experience":1556398,"relics_obtained":[{"floor":9.0,"key":"MawBank"},{"floor":10.0,"key":"Odd Mushroom"},{"floor":11.0,"key":"Centennial Puzzle"},{"floor":17.0,"key":"PreservedInsect"},{"floor":17.0,"key":"Pantograph"},{"floor":17.0,"key":"Turnip"},{"floor":24.0,"key":"Dream Catcher"},{"floor":41,"key":"Strawberry"},{"floor":43,"key":"Eternal Feather"},{"floor":48,"key":"Gremlin Horn"},{"floor":54,"key":"Boot"}],"event_choices":[{"damage_healed":0.0,"max_hp_gain":0.0,"max_hp_loss":0.0,"gold_gain":175.0,"event_name":"Liars Game","player_choice":"AGREE","floor":5.0,"gold_loss":0.0,"damage_taken":0.0,"cards_obtained":["Doubt"]},{"damage_healed":0.0,"max_hp_gain":0.0,"max_hp_loss":0.0,"gold_gain":0.0,"event_name":"Mushrooms","player_choice":"Fought Mushrooms","floor":10.0,"gold_loss":0.0,"damage_taken":0.0},{"cards_removed":["Strike_R"],"damage_healed":0.0,"max_hp_gain":0.0,"max_hp_loss":0.0,"gold_gain":0.0,"event_name":"Golden Wing","player_choice":"Card Removal","floor":13.0,"gold_loss":0.0,"damage_taken":7.0},{"damage_healed":0.0,"max_hp_gain":0.0,"max_hp_loss":0.0,"gold_gain":0.0,"event_name":"Duplicator","player_choice":"Ignored","floor":19.0,"gold_loss":0.0,"damage_taken":0.0},{"damage_healed":0.0,"max_hp_gain":0.0,"max_hp_loss":0.0,"gold_gain":100.0,"event_name":"The Joust","player_choice":"Bet on Murderer","floor":22.0,"gold_loss":50.0,"damage_taken":0.0},{"damage_healed":0,"gold_gain":0,"player_choice":"Paid","damage_taken":0,"relics_obtained":["Red Mask"],"max_hp_gain":0,"max_hp_loss":0,"event_name":"Tomb of Lord Red Mask","floor":36,"gold_loss":172},{"damage_healed":0,"gold_gain":0,"player_choice":"Ignored","damage_taken":0,"max_hp_gain":0,"max_hp_loss":0,"event_name":"SecretPortal","floor":38,"gold_loss":0}],"is_beta":false,"boss_relics":[{"not_picked":["SacredBark","Black Star"],"picked":"Calling Bell"},{"not_picked":["Snecko Eye","Runic Dome"],"picked":"Cursed Key"}],"items_purged_floors":[0,8],"is_endless":false,"potions_floor_spawned":[3,7,11,14,18,23,24,37,45,46],"ascension_level":0}}