{"host":"g40mznrtwxqyj1ow","time":1614295284,"event":{"mods":["BaseMod","BetterRewards","Colored Map","Conspire","Hermit","Highlight Path","Hubris","Marisa????????","Minty Spire (QoL Compilation)","Replay The Spire","Robot Space Explorer","Shop Mod","StSLib","The Bug Knight","The Construct","The Cursed","The Jungle","The Marked","The Mystic","The Necromancer","The Runesmith","The Servant 0.9.4","[IsaacMod]????"],"gold_per_floor":[117,117,117,117,197,209,209,54,54,54,84,106,28,45,45,150,150,161,178,190,259,277,277,287,302,325,325,325,339,365,375,375,476,476,486,58,70,120,134,162,162,175,202,202,219,232,249,269,269,269],"floor_reached":51,"language":"ENG","playtime":3036,"items_purged":["Strike_W"],"score":828,"play_id":"e8f7c791-0bb1-4b04-bc92-6ad875a05232","local_time":"20210226002124","is_ascension_mode":false,"campfire_choices":[{"data":"Blood_Curse","floor":7,"key":"SMITH"},{"data":"Cloudkill","floor":10,"key":"SMITH"},{"data":"Summon_Lich","floor":15,"key":"SMITH"},{"data":"Summon_Death_Knight","floor":23,"key":"SMITH"},{"data":"Siphon_Strength","floor":27,"key":"SMITH"},{"data":"Cloudkill","floor":32,"key":"SMITH"},{"data":"Cloudkill","floor":41,"key":"SMITH"},{"data":"Summon_Undead_Army","floor":44,"key":"SMITH"},{"data":"Blood_Curse","floor":49,"key":"SMITH"}],"circlet_count":0,"master_deck":["Strike_W","Strike_W","Strike_W","Defend_W","Defend_W","Defend_W","Defend_W","Negative_Energy_Arrows","Bone_Wall","Cloudkill+1","Blood_Curse+1","Toxic_Smoke_Screen","Life_Drain","Negative_Energy_Javelin","Summon_Lich+1","Summon_Death_Knight+1","Spectral_Walk","Spectral_Walk","Bone_Spikes+1","Epidemic+1","Blood_Curse+1","Siphon_Strength+1","Shame","Cloudkill+1","Cloudkill+1","Bone_Armor+1","Cloudkill+1","Summon_Undead_Army+1","Bones_to_Steel+1","Siphon_Strength+1","Spectral_Walk+1","Shade_Step+1","Shade_Step+1"],"relics":["Vampire_Amulet","HushsDoor","BookofShadows","Tiny Chest","YumHeart","ClockworkSouvenir","Replay:Wax Seal","Replay:Ringing Soul","hubris:EmptyBottle","hubris:Potato","Blood Vial","Odd Mushroom","hubris:VirtuousBlindfold","BookOfRevelations","theJungle:PaperFaux","Boot","hubris:Backtick","The Specimen","hubris:BottledRain","construct:FoamFinger","HowToJump","InkBottle","Replay:Baseball"],"acts_visited":["Exordium","Exordium","TheBeyond"],"potions_floor_usage":[22,22,29,29,30,30,30,30,33,33,33,33,35,38,50,50],"damage_taken":[{"damage":0,"enemies":"Cultist","floor":1,"turns":2},{"damage":7,"enemies":"Small Slimes","floor":6,"turns":2},{"damage":0,"enemies":"Gremlin Nob","floor":11,"turns":4},{"damage":5,"enemies":"The Mushroom Lair","floor":12,"turns":3},{"damage":6,"enemies":"2 Louse","floor":14,"turns":2},{"damage":17,"enemies":"Slime Boss","floor":16,"turns":8},{"damage":1,"enemies":"Shell Parasite","floor":18,"turns":6},{"damage":6,"enemies":"theJungle:GiantWrat","floor":19,"turns":5},{"damage":6,"enemies":"theJungle:2_Flameangoes","floor":20,"turns":7},{"damage":0,"enemies":"theJungle:SlimyTreeVines","floor":22,"turns":4},{"damage":5,"enemies":"Snake Plant","floor":24,"turns":4},{"damage":2,"enemies":"theJungle:Snecko_Cultist_And_Trap","floor":25,"turns":6},{"damage":0,"enemies":"theJungle:Lyon","floor":29,"turns":4},{"damage":0,"enemies":"theJungle:2_Phrogs","floor":30,"turns":5},{"damage":14,"enemies":"theJungle:2_Snecko_Cultists","floor":31,"turns":5},{"damage":2,"enemies":"theJungle:QueenSpyder","floor":33,"turns":9},{"damage":10,"enemies":"3 Darklings","floor":35,"turns":4},{"damage":2,"enemies":"Orb Walker","floor":37,"turns":3},{"damage":45,"enemies":"Hiden Room Battle","floor":38,"turns":4},{"damage":7,"enemies":"3 Darklings","floor":39,"turns":3},{"damage":0,"enemies":"Nemesis","floor":40,"turns":7},{"damage":0,"enemies":"Transient","floor":42,"turns":5},{"damage":0,"enemies":"Maw","floor":45,"turns":5},{"damage":0,"enemies":"Sphere and 2 Shapes","floor":46,"turns":4},{"damage":6,"enemies":"Spire Growth","floor":47,"turns":4},{"damage":0,"enemies":"Maw","floor":48,"turns":5},{"damage":98,"enemies":"conspire:OrnateMirror","floor":50,"turns":7}],"seed_played":"-4322764939771135999","potions_obtained":[{"floor":1,"key":"Weak Potion"},{"floor":14,"key":"Venom Potion"},{"floor":16,"key":"CultistPotion"},{"floor":20,"key":"Venom Potion"},{"floor":24,"key":"Explosive Potion"},{"floor":29,"key":"Energy Potion"},{"floor":31,"key":"ColorlessPotion"},{"floor":33,"key":"Block Potion"},{"floor":39,"key":"Strength Potion"},{"floor":40,"key":"AttackPotion"},{"floor":42,"key":"SpeedPotion"},{"floor":46,"key":"ColorlessPotion"}],"is_trial":false,"path_per_floor":["M","?","?","?","T","M","R","$","T","R","E","?","$","M","R","B",null,"M","M","M","T","M","R","M","M","T","R","?","M","E","M","R","B",null,"M","$","M","?","M","E","R","M","T","R","M","M","M","M","R","B",null],"character_chosen":"NECROMANCER","items_purchased":["Tiny Chest","YumHeart","ClockworkSouvenir","Cloudkill","hubris:EmptyBottle","Summon_Lich","Cloudkill+1","Summon_Undead_Army","hubris:BottledRain"],"campfire_rested":0,"item_purchase_floors":[0,0,0,0,8,13,36,36,36],"current_hp_per_floor":[67,52,52,52,52,52,52,52,52,52,57,69,72,78,78,81,90,93,96,99,99,102,102,102,108,108,108,111,111,114,104,104,117,117,112,115,117,70,107,117,117,130,130,130,132,132,135,138,138,59],"gold":269,"neow_bonus":"","is_daily":false,"chose_seed":false,"campfire_upgraded":9,"win_rate":0.0,"timestamp":1614295284,"path_taken":["M","?","?","?","?","?","R","?","T","R","E","?","$","M","R","BOSS","M","M","M","?","M","R","?","M","T","R","?","M","E","M","R","BOSS","M","$","M","?","M","E","R","M","T","R","M","M","M","M","R","BOSS"],"items_purchased_type":["Relic","Relic","Relic","Card","Relic","Card","Card","Card","Relic"],"build_version":"2020-12-22","purchased_purges":1,"victory":true,"max_hp_per_floor":[75,75,75,75,75,78,78,78,78,78,81,84,87,87,87,90,90,93,96,99,99,102,102,105,108,108,108,111,111,114,114,114,117,117,120,123,123,126,129,129,129,132,132,132,132,132,135,138,138,138],"card_choices":[{"not_picked":[],"picked":"ChaosCard","floor":0},{"not_picked":["Slay_Living","Negative_Energy_Mist"],"picked":"Blood_Curse","floor":1},{"not_picked":["Blood_Whip","Death_March_Dance"],"picked":"Toxic_Smoke_Screen","floor":6},{"not_picked":["Uncharnel","Bone_Bullets"],"picked":"Life_Drain","floor":11},{"not_picked":["Bone_Armor","Bomb"],"picked":"Negative_Energy_Javelin","floor":12},{"not_picked":["Skeleton_Dragon","Vampiric_Strike","Deaths_Shadow"],"picked":"SKIP","floor":14},{"not_picked":["Requiem","Blood_Wake"],"picked":"Summon_Death_Knight","floor":16},{"not_picked":["Strike_from_Beyond","Vampiric_Strike"],"picked":"Spectral_Walk","floor":18},{"not_picked":["Negative_Energy_Sphere","Chill_Blood"],"picked":"Spectral_Walk","floor":19},{"not_picked":["Flesh_Made_Foul","Bones_to_Steel"],"picked":"Bone_Spikes+1","floor":20},{"not_picked":["Thousand_Bone_Knives","Blood_Shield"],"picked":"Epidemic+1","floor":22},{"not_picked":["Bone_Bullets","Bones_to_Steel"],"picked":"Blood_Curse","floor":24},{"not_picked":["Shade_Step","Bone_Bullets"],"picked":"Siphon_Strength","floor":25},{"not_picked":["Death_Coil+1","Bone_Shift","Chill_Blood+1"],"picked":"SKIP","floor":29},{"not_picked":["Blood_Shield","Blood_for_Blood+1"],"picked":"Cloudkill","floor":30},{"not_picked":["Bones_to_Steel","Blood_Curse","Finger_Of_Death+1"],"picked":"SKIP","floor":31},{"not_picked":["Hellfire","Blood_Wake"],"picked":"Cloudkill","floor":33},{"not_picked":["Bone_Shift","Death_March_Dance+1"],"picked":"Bone_Armor+1","floor":35},{"not_picked":["Vampiric_Strike+1","Death_Coil","Chill_Blood+1"],"picked":"SKIP","floor":37},{"not_picked":["Negative_Energy_Javelin","Blood_Curse+1"],"picked":"Bones_to_Steel+1","floor":38},{"not_picked":["Uncharnel+1","Life_Tap"],"picked":"Siphon_Strength+1","floor":39},{"not_picked":["Detonate_Bones","Deaths_Shadow","Chill_Blood+1"],"picked":"SKIP","floor":40},{"not_picked":["Consume_Illness+1","Scare+1"],"picked":"Spectral_Walk+1","floor":42},{"not_picked":["Blood_Whip+1","Bone_Bullets+1","Blood_Curse+1"],"picked":"SKIP","floor":45},{"not_picked":["Bone_Armory+1","Bone_Shift","Strike_from_Beyond"],"picked":"SKIP","floor":46},{"not_picked":["Blood_Whip+1","Deaths_Shadow+1"],"picked":"Shade_Step+1","floor":47},{"not_picked":["Whirlwind_of_Bones","Chill_Blood+1"],"picked":"Shade_Step+1","floor":48}],"player_experience":537751,"relics_obtained":[{"floor":5,"key":"Replay:Ringing Soul"},{"floor":9,"key":"hubris:Potato"},{"floor":11,"key":"Blood Vial"},{"floor":12,"key":"Odd Mushroom"},{"floor":26,"key":"BookOfRevelations"},{"floor":30,"key":"Boot"},{"floor":38,"key":"construct:FoamFinger"},{"floor":38,"key":"HowToJump"},{"floor":40,"key":"InkBottle"},{"floor":43,"key":"Replay:Baseball"}],"event_choices":[{"damage_healed":0,"gold_gain":0,"player_choice":"Gave Potion","damage_taken":0,"relics_obtained":["Replay:Wax Seal"],"max_hp_gain":0,"max_hp_loss":0,"event_name":"WeMeetAgain","floor":3,"gold_loss":0},{"damage_healed":0,"gold_gain":0,"player_choice":"Ignored","damage_taken":0,"max_hp_gain":0,"max_hp_loss":0,"event_name":"Liars Game","floor":4,"gold_loss":0},{"damage_healed":0,"gold_gain":0,"player_choice":"Fought Mushrooms","damage_taken":0,"max_hp_gain":0,"max_hp_loss":0,"event_name":"Mushrooms","floor":12,"gold_loss":0},{"damage_healed":0,"gold_gain":0,"player_choice":"Fight","damage_taken":0,"max_hp_gain":0,"max_hp_loss":0,"event_name":"HidenRoomEvent","floor":38,"gold_loss":0}],"is_beta":false,"boss_relics":[{"not_picked":["Tiny House","Replay:Drink Me"],"picked":"hubris:VirtuousBlindfold"},{"not_picked":[]},{"not_picked":["Pandora\u0027s Box","hubris:CrackedHourglass"],"picked":"hubris:Backtick"},{"not_picked":[]}],"items_purged_floors":[0],"is_endless":false,"potions_floor_spawned":[1,14,16,20,24,29,31,33,39,40,42,46],"ascension_level":0}}