{"host":"ws1rigs6jhqnf67d","time":1614247595,"event":{"mods":["BaseMod","Friendly Minions","KinomotoSakuraMod(ƒæ÷Æ±æ”£)","Kiyohime£®«Âºß£©","Lobotomy","LobotomyExtend","Marisa£®ÏF”Í°°ƒß¿Ì…≥£©","Minty Spire (QoL Compilation)","Remilia£®¿Ÿ√◊¿Ú—«£©","StSLib","The Bug Knight","The Marked","The Senshi","WarShipGirlsR/’ΩΩ¢…Ÿ≈ÆR mod","Youmu£®ªÍ∆«—˝√Œ£©","[IsaacMod]“‘»ˆº‚À˛"],"gold_per_floor":[110,126,144,144,156,156,187,3,3,3,38,38,38,94,94,251,251,411,162,162,210,210,272,272,73,100,62,95,105,143,192,192,308,308,325,315,1,1,25,77,77,100,100,150,102,124,178,211,211,211,211],"floor_reached":52,"language":"ZHS","playtime":2579,"items_purged":["theMarked:Strike"],"score":1109,"play_id":"14c32b00-9dc3-4e8d-ab7a-8a0fbbaf8d9d","local_time":"20210225180635","is_ascension_mode":true,"campfire_choices":[{"data":"theMarked:ComboAttacks","floor":6,"key":"SMITH"},{"data":"theMarked:SoldierOfQuellstein","floor":12,"key":"SMITH"},{"floor":15,"key":"REST"},{"data":"theMarked:MagusForm","floor":24,"key":"SMITH"},{"floor":32,"key":"REST"},{"data":"Apotheosis","floor":41,"key":"SMITH"},{"floor":49,"key":"REST"}],"circlet_count":0,"master_deck":["theMarked:Strike","theMarked:Strike","theMarked:Strike","theMarked:Strike","theMarked:Defend+1","theMarked:Defend","theMarked:Defend","theMarked:Defend","theMarked:SoldierOfQuellstein+1","theMarked:MagusForm+1","theMarked:ComboAttacks+1","theMarked:BindingBlade+1","theMarked:SelfDefenseTraining+1","theMarked:BanishingStrike+1","theMarked:Snap","theMarked:StartUp","Apotheosis+1","theMarked:EmpowerWeapon"],"relics":["theMarked:BronzeBlade","HushsDoor","PillsDrop","LetterFromLob","SalivaCoin","SteamSale","Omamori","HollowMod:PaleOreRelic","EdensBlessing","HandDrill","War Paint","BookOfRevelations","TheBible","Anchor","Calipers","Juzu Bracelet","Busted Crown","Bird Faced Urn","theMarked:Winder","Strawberry","Bottled Lightning","Happy Flower","Singing Bowl"],"acts_visited":["Exordium","TheCity","TheBeyond"],"potions_floor_usage":[7,11,11,21,23,23,44,50,50],"damage_taken":[{"damage":1,"enemies":"Cultist","floor":1,"turns":3},{"damage":17,"enemies":"Jaw Worm","floor":2,"turns":5},{"damage":4,"enemies":"Small Slimes","floor":3,"turns":4},{"damage":15,"enemies":"Exordium Thugs","floor":5,"turns":5},{"damage":14,"enemies":"Lagavulin","floor":7,"turns":5},{"damage":0,"enemies":"HollowMod:MossKnight","floor":11,"turns":4},{"damage":22,"enemies":"3 Sentries","floor":14,"turns":8},{"damage":26,"enemies":"Hexaghost","floor":16,"turns":9},{"damage":25,"enemies":"3 Byrds","floor":18,"turns":6},{"damage":13,"enemies":"Shelled Parasite and Fungi","floor":21,"turns":4},{"damage":25,"enemies":"Slavers","floor":23,"turns":5},{"damage":0,"enemies":"Gremlin Leader","floor":28,"turns":9},{"damage":0,"enemies":"Cultist and Chosen","floor":29,"turns":4},{"damage":17,"enemies":"Sentry and Sphere","floor":30,"turns":5},{"damage":10,"enemies":"HollowMod:Nosk","floor":31,"turns":6},{"damage":9,"enemies":"Automaton","floor":33,"turns":9},{"damage":9,"enemies":"Orb Walker","floor":35,"turns":3},{"damage":0,"enemies":"3 Darklings","floor":39,"turns":5},{"damage":16,"enemies":"Giant Head","floor":40,"turns":8},{"damage":3,"enemies":"Jaw Worm Horde","floor":42,"turns":4},{"damage":28,"enemies":"Reptomancer","floor":44,"turns":7},{"damage":2,"enemies":"4 Shapes","floor":46,"turns":5},{"damage":10,"enemies":"Giant Head","floor":47,"turns":8},{"damage":9,"enemies":"Maw","floor":48,"turns":6},{"damage":0,"enemies":"Time Eater","floor":50,"turns":8}],"seed_played":"-2347599346204077464","potions_obtained":[{"floor":1,"key":"Ancient Potion"},{"floor":2,"key":"SkillPotion"},{"floor":7,"key":"Fire Potion"},{"floor":16,"key":"SpeedPotion"},{"floor":21,"key":"theMarked:SummonPotion"},{"floor":23,"key":"Weak Potion"},{"floor":28,"key":"EssenceOfSteel"},{"floor":46,"key":"PowerPotion"}],"is_trial":false,"path_per_floor":["M","M","M","$","M","R","E","$","T","?","E","R","?","E","R","B",null,"M","$","?","M","M","E","R","$","T","$","E","M","M","E","R","B",null,"M","?","$","?","M","E","R","M","T","E","$","M","E","M","R","B",null,null],"character_chosen":"THE_DEFAULT","items_purchased":["SteamSale","theMarked:SummonPotion","EdensBlessing","HandDrill","SkillPotion","BookOfRevelations","TheBible","Bird Faced Urn","theMarked:Winder","Apotheosis","Strength Potion","theMarked:EmpowerWeapon"],"campfire_rested":3,"item_purchase_floors":[8,8,19,19,19,25,25,37,37,37,45,45],"current_hp_per_floor":[78,61,57,57,42,42,28,28,28,32,32,32,37,18,42,16,82,57,57,82,69,69,44,44,44,44,44,47,47,33,23,46,37,78,69,69,69,69,71,65,65,67,67,41,41,41,35,32,58,64,64],"gold":211,"neow_bonus":"TEN_PERCENT_HP_BONUS","is_daily":false,"chose_seed":false,"campfire_upgraded":4,"win_rate":0.0,"timestamp":1614247595,"path_taken":["M","M","M","?","?","R","E","$","T","?","E","R","?","E","R","BOSS","M","$","?","M","M","E","R","$","T","$","E","?","M","E","R","BOSS","M","?","$","?","M","E","R","M","T","E","$","M","E","M","R","BOSS"],"items_purchased_type":["Relic","Potion","Relic","Relic","Potion","Relic","Relic","Relic","Relic","Card","Potion","Card"],"build_version":"2020-12-22","purchased_purges":1,"victory":true,"max_hp_per_floor":[79,79,79,79,79,79,74,74,74,74,74,74,79,82,82,82,82,82,82,82,82,82,77,77,77,77,77,80,75,78,78,78,78,78,78,78,78,74,74,81,81,84,84,84,84,84,86,88,88,88,88],"card_choices":[{"not_picked":["theMarked:EmpowerWeapon","theMarked:Parkour"],"picked":"theMarked:MagusForm","floor":1},{"not_picked":["theMarked:ChainLightning","theMarked:Parry","theMarked:HeightenedSenses"],"picked":"SKIP","floor":2},{"not_picked":["theMarked:TunnelVision","theMarked:WardOff"],"picked":"theMarked:ComboAttacks","floor":3},{"not_picked":["theMarked:TakeCover","theMarked:ComboAttacks","theMarked:Aftermath"],"picked":"SKIP","floor":5},{"not_picked":["theMarked:Seal","theMarked:Convert","theMarked:Memento"],"picked":"SKIP","floor":7},{"not_picked":["theMarked:Electrify","theMarked:Improvise","theMarked:Parkour"],"picked":"SKIP","floor":11},{"not_picked":["theMarked:CreepingChasm","theMarked:Maelstrom","theMarked:Pokerface"],"picked":"SKIP","floor":14},{"not_picked":["theMarked:TurnInvisible","theMarked:ThrowWeapon"],"picked":"theMarked:BindingBlade","floor":16},{"not_picked":["theMarked:AttractMetal","theMarked:WardOff"],"picked":"theMarked:SelfDefenseTraining+1","floor":18},{"not_picked":["theMarked:WastefulAttack","theMarked:TwofoldDefense+1"],"picked":"theMarked:BanishingStrike+1","floor":21},{"not_picked":["theMarked:Pokerface","theMarked:StartUp","theMarked:BanishingWave"],"picked":"SKIP","floor":23},{"not_picked":["theMarked:WastefulAttack","theMarked:Defy","theMarked:PowerFlow"],"picked":"SKIP","floor":28},{"not_picked":["theMarked:ChainLightning+1","theMarked:TakeCover","theMarked:LightningStrikesTwice+1"],"picked":"SKIP","floor":29},{"not_picked":["theMarked:MagusForm","theMarked:PowerFlow","theMarked:Parkour"],"picked":"SKIP","floor":30},{"not_picked":["theMarked:Overthink+1","theMarked:WastefulAttack","theMarked:HeightenedSenses"],"picked":"SKIP","floor":31},{"not_picked":["theMarked:Levitate","theMarked:TurnInvisible"],"picked":"theMarked:Snap","floor":33},{"not_picked":["theMarked:Parkour"],"picked":"SKIP","floor":35},{"not_picked":[],"picked":"theMarked:StartUp","floor":36},{"not_picked":["theMarked:SelfDefenseTraining+1"],"picked":"SKIP","floor":39},{"not_picked":["theMarked:Generate+1"],"picked":"SKIP","floor":40},{"not_picked":["theMarked:Parkour+1"],"picked":"SKIP","floor":42},{"not_picked":["theMarked:HeightenedSenses"],"picked":"SKIP","floor":44},{"not_picked":["theMarked:Aftermath"],"picked":"SKIP","floor":46},{"not_picked":["theMarked:SelfDefenseTraining+1"],"picked":"Singing Bowl","floor":47},{"not_picked":["theMarked:EmpowerWeapon"],"picked":"Singing Bowl","floor":48}],"player_experience":934328,"relics_obtained":[{"floor":1,"key":"LetterFromLob"},{"floor":7,"key":"SalivaCoin"},{"floor":9,"key":"Omamori"},{"floor":14,"key":"HollowMod:PaleOreRelic"},{"floor":23,"key":"War Paint"},{"floor":26,"key":"Anchor"},{"floor":28,"key":"Calipers"},{"floor":31,"key":"Juzu Bracelet"},{"floor":40,"key":"Strawberry"},{"floor":43,"key":"Bottled Lightning"},{"floor":44,"key":"Happy Flower"},{"floor":47,"key":"Singing Bowl"}],"event_choices":[{"damage_healed":0,"gold_gain":0,"player_choice":"Donut","damage_taken":0,"max_hp_gain":5,"max_hp_loss":0,"event_name":"Big Fish","floor":13,"gold_loss":0},{"damage_healed":27,"gold_gain":0,"player_choice":"Heal","damage_taken":0,"max_hp_gain":0,"max_hp_loss":0,"event_name":"The Library","floor":20,"gold_loss":0},{"damage_healed":0,"gold_gain":0,"player_choice":"Max HP","damage_taken":0,"max_hp_gain":0,"max_hp_loss":4,"event_name":"Winding Halls","floor":38,"gold_loss":0}],"is_beta":false,"boss_relics":[{"not_picked":["Ectoplasm","Sozu"],"picked":"theMarked:BronzeBlade"},{"not_picked":[]},{"not_picked":["Philosopher\u0027s Stone","theSenshi:MoonKaleidoScopeRelic"],"picked":"Busted Crown"},{"not_picked":[]}],"items_purged_floors":[27],"is_endless":false,"potions_floor_spawned":[1,2,7,16,21,23,28,30,42,46,47],"ascension_level":1}}