{"host":"by8i6f8xc0ywpsd5","time":1614283346,"event":{"mods":["BaseMod","Colored Map","Minty Spire (QoL Compilation)","Relic Stats"],"gold_per_floor":[15,15,34,50,61,61,72,99,149,149,166,146,179,191,191,268,268,282,296,314,314,31,59,76,76,76,109,109,129,158,178,178,249,249,262,281,306,306,360,360,360,360],"floor_reached":41,"language":"ENG","playtime":1736,"items_purged":[],"score":910,"play_id":"8dbcdd64-1e40-4ee1-ab38-556a9b73683e","local_time":"20210225220226","is_ascension_mode":true,"campfire_choices":[{"data":"Intimidate","floor":6,"key":"SMITH"},{"data":"Bash","floor":10,"key":"SMITH"},{"data":"Offering","floor":15,"key":"SMITH"},{"floor":25,"key":"REST"},{"floor":28,"key":"REST"},{"floor":32,"key":"REST"},{"floor":40,"key":"REST"}],"circlet_count":0,"master_deck":["AscendersBane","Bash+1","Barricade","Hemokinesis+1","True Grit","Intimidate+1","Headbutt","Ghostly Armor","Offering+1","Fiend Fire","Ghostly Armor","Immolate","Offering+1","Feel No Pain","Entrench","Burning Pact","Feed","Body Slam","True Grit","Demon Form","Impervious","Dark Embrace","Offering","Searing Blow","Rupture","Carnage","Exhume","Disarm+1","Shockwave","Madness","Madness","Blood for Blood"],"relics":["Burning Blood","Odd Mushroom","Happy Flower","Mercury Hourglass","Fusion Hammer","Sling","Orichalcum","Bottled Tornado","Du-Vu Doll","Bronze Scales","Pandora\u0027s Box","WingedGreaves","Bird Faced Urn"],"acts_visited":["Exordium","TheCity","TheBeyond"],"potions_floor_usage":[5,16,20,30,39,41],"damage_taken":[{"damage":16,"enemies":"Jaw Worm","floor":1,"turns":6},{"damage":5,"enemies":"Small Slimes","floor":3,"turns":3},{"damage":3,"enemies":"2 Louse","floor":4,"turns":2},{"damage":6,"enemies":"Gremlin Gang","floor":5,"turns":6},{"damage":8,"enemies":"Looter","floor":7,"turns":3},{"damage":15,"enemies":"The Mushroom Lair","floor":8,"turns":5},{"damage":10,"enemies":"Red Slaver","floor":11,"turns":5},{"damage":25,"enemies":"Lagavulin","floor":13,"turns":6},{"damage":3,"enemies":"Exordium Thugs","floor":14,"turns":3},{"damage":17,"enemies":"The Guardian","floor":16,"turns":12},{"damage":20,"enemies":"2 Thieves","floor":18,"turns":3},{"damage":1,"enemies":"Spheric Guardian","floor":19,"turns":3},{"damage":16,"enemies":"Snake Plant","floor":20,"turns":3},{"damage":32,"enemies":"Book of Stabbing","floor":23,"turns":4},{"damage":6,"enemies":"Cultist and Chosen","floor":24,"turns":5},{"damage":16,"enemies":"Slavers","floor":27,"turns":4},{"damage":8,"enemies":"3 Cultists","floor":29,"turns":5},{"damage":22,"enemies":"Book of Stabbing","floor":30,"turns":5},{"damage":8,"enemies":"Centurion and Healer","floor":31,"turns":5},{"damage":57,"enemies":"Automaton","floor":33,"turns":15},{"damage":12,"enemies":"3 Darklings","floor":35,"turns":5},{"damage":12,"enemies":"Orb Walker","floor":36,"turns":5},{"damage":9,"enemies":"Mind Bloom Boss Battle","floor":37,"turns":9},{"damage":24,"enemies":"2 Orb Walkers","floor":39,"turns":4},{"damage":50,"enemies":"Reptomancer","floor":41,"turns":2}],"seed_played":"-2284838029169111304","potions_obtained":[{"floor":1,"key":"SpeedPotion"},{"floor":4,"key":"SteroidPotion"},{"floor":12,"key":"Dexterity Potion"},{"floor":14,"key":"BlessingOfTheForge"},{"floor":19,"key":"ColorlessPotion"},{"floor":20,"key":"FearPotion"},{"floor":24,"key":"Block Potion"},{"floor":36,"key":"Energy Potion"},{"floor":39,"key":"SkillPotion"}],"is_trial":false,"path_per_floor":["M","?","M","M","M","R","M","?","T","R","M","?","E","M","R","B",null,"M","M","M","?","$","E","M","R","T","E","R","M","E","M","R","B",null,"M","M","?","?","?","R","E"],"character_chosen":"IRONCLAD","items_purchased":["Sling","Feel No Pain","Entrench"],"campfire_rested":4,"item_purchase_floors":[22,22,22],"current_hp_per_floor":[58,58,59,62,62,62,60,51,51,51,47,47,28,31,31,20,61,47,52,42,42,42,16,16,38,38,28,50,48,35,36,60,9,63,60,54,54,38,20,46,0,0],"gold":360,"neow_bonus":"THREE_RARE_CARDS","is_daily":false,"chose_seed":false,"campfire_upgraded":3,"win_rate":0.0,"timestamp":1614283346,"path_taken":["M","?","M","M","M","R","M","?","T","R","M","?","E","M","R","BOSS","M","M","?","?","$","E","?","R","T","E","R","M","E","M","R","BOSS","M","M","?","?","?","R","E"],"items_purchased_type":["Relic","Card","Card"],"build_version":"2020-12-22","purchased_purges":0,"victory":false,"max_hp_per_floor":[75,75,75,75,75,75,75,75,75,75,75,75,75,75,75,75,75,75,75,75,75,75,75,75,75,75,75,75,75,78,81,81,81,81,84,84,87,87,87,87,87,87],"relic_stats":{"Happy Flower":[34],"counters":[25,128],"Bronze Scales":[148],"Bird Faced Urn":[4],"Pandora\u0027s Box":["True Grit","Demon Form","Impervious","Dark Embrace","Offering","Searing Blow","Rupture","Carnage","Exhume"],"Orichalcum":[18],"obtain_stats":[{"Happy Flower":9,"Odd Mushroom":8,"Orichalcum":23,"Bottled Tornado":26,"Sling":22,"Burning Blood":0,"Mercury Hourglass":13,"Du-Vu Doll":27,"Bronze Scales":30,"Bird Faced Urn":39,"Pandora\u0027s Box":34,"Fusion Hammer":17,"WingedGreaves":37},{"Happy Flower":6,"Odd Mushroom":6,"Orichalcum":14,"Bottled Tornado":15,"Sling":13,"Burning Blood":0,"Mercury Hourglass":8,"Du-Vu Doll":16,"Bronze Scales":18,"Bird Faced Urn":24,"Pandora\u0027s Box":20,"Fusion Hammer":10,"WingedGreaves":23},{"Happy Flower":25,"Odd Mushroom":25,"Orichalcum":64,"Bottled Tornado":69,"Sling":60,"Burning Blood":0,"Mercury Hourglass":36,"Du-Vu Doll":73,"Bronze Scales":83,"Bird Faced Urn":126,"Pandora\u0027s Box":103,"Fusion Hammer":51,"WingedGreaves":122}],"Burning Blood":144,"Mercury Hourglass":[348]},"card_choices":[{"not_picked":["Juggernaut","Demon Form"],"picked":"Barricade","floor":0},{"not_picked":["Sentinel","Heavy Blade"],"picked":"Hemokinesis","floor":1},{"not_picked":["Heavy Blade","Clothesline"],"picked":"True Grit","floor":3},{"not_picked":["True Grit","Rampage"],"picked":"Intimidate","floor":4},{"not_picked":["Limit Break","Sword Boomerang"],"picked":"Headbutt","floor":5},{"not_picked":["Evolve","Sentinel"],"picked":"Ghostly Armor","floor":7},{"not_picked":["Body Slam","Whirlwind"],"picked":"Offering","floor":11},{"not_picked":["Havoc","Flex"],"picked":"Fiend Fire","floor":13},{"not_picked":["Infernal Blade","Thunderclap"],"picked":"Ghostly Armor","floor":14},{"not_picked":["Berserk","Bludgeon"],"picked":"Immolate","floor":16},{"not_picked":["Warcry","Clash","Wild Strike"],"picked":"SKIP","floor":18},{"not_picked":["Anger+1","Dropkick","Bludgeon"],"picked":"SKIP","floor":19},{"not_picked":["Clash","Sever Soul","Wild Strike"],"picked":"SKIP","floor":20},{"not_picked":["Ghostly Armor","Clash"],"picked":"Burning Pact","floor":23},{"not_picked":["Intimidate","Sword Boomerang","Hemokinesis"],"picked":"SKIP","floor":24},{"not_picked":["Armaments","Warcry"],"picked":"Feed","floor":27},{"not_picked":["Sword Boomerang","Clothesline","Headbutt"],"picked":"SKIP","floor":29},{"not_picked":["Spot Weakness","Dropkick"],"picked":"Body Slam","floor":30},{"not_picked":["Body Slam","Thunderclap","Iron Wave"],"picked":"SKIP","floor":31},{"not_picked":["Iron Wave","Heavy Blade+1"],"picked":"Disarm+1","floor":35},{"not_picked":["Thunderclap","Hemokinesis","Heavy Blade"],"picked":"SKIP","floor":36},{"not_picked":["Pummel","Clash+1"],"picked":"Shockwave","floor":37},{"not_picked":["Shockwave","Anger"],"picked":"Blood for Blood","floor":39}],"player_experience":1795869,"relics_obtained":[{"floor":8,"key":"Odd Mushroom"},{"floor":9,"key":"Happy Flower"},{"floor":13,"key":"Mercury Hourglass"},{"floor":23,"key":"Orichalcum"},{"floor":26,"key":"Bottled Tornado"},{"floor":27,"key":"Du-Vu Doll"},{"floor":30,"key":"Bronze Scales"},{"floor":37,"key":"WingedGreaves"},{"floor":39,"key":"Bird Faced Urn"}],"event_choices":[{"damage_healed":0,"gold_gain":0,"player_choice":"Grow","damage_taken":0,"max_hp_gain":0,"max_hp_loss":0,"event_name":"Living Wall","floor":2,"gold_loss":0,"cards_upgraded":["Hemokinesis"]},{"damage_healed":0,"gold_gain":0,"player_choice":"Fought Mushrooms","damage_taken":0,"max_hp_gain":0,"max_hp_loss":0,"event_name":"Mushrooms","floor":8,"gold_loss":0},{"damage_healed":0,"gold_gain":0,"player_choice":"Bought 1 Potion","damage_taken":0,"max_hp_gain":0,"max_hp_loss":0,"event_name":"The Woman in Blue","floor":12,"gold_loss":0},{"damage_healed":0,"gold_gain":0,"player_choice":"Copied","damage_taken":0,"max_hp_gain":0,"max_hp_loss":0,"event_name":"Duplicator","floor":21,"gold_loss":0,"cards_obtained":["Offering"]},{"damage_healed":0,"gold_gain":0,"player_choice":"Fight","damage_taken":0,"max_hp_gain":0,"max_hp_loss":0,"event_name":"MindBloom","floor":37,"gold_loss":0},{"damage_healed":0,"gold_gain":0,"player_choice":"Embrace Madness","damage_taken":16,"max_hp_gain":0,"max_hp_loss":0,"event_name":"Winding Halls","floor":38,"gold_loss":0,"cards_obtained":["Madness","Madness"]},{"damage_healed":0,"gold_gain":0,"player_choice":"Fight","damage_taken":0,"max_hp_gain":0,"max_hp_loss":0,"event_name":"Mysterious Sphere","floor":39,"gold_loss":0}],"is_beta":false,"boss_relics":[{"not_picked":["Busted Crown","Runic Dome"],"picked":"Fusion Hammer"},{"not_picked":["SlaversCollar","Philosopher\u0027s Stone"],"picked":"Pandora\u0027s Box"}],"items_purged_floors":[],"is_endless":false,"potions_floor_spawned":[1,4,14,19,20,23,24,36,37,39],"killed_by":"Reptomancer","ascension_level":20}}