{"host":"u6i4tuckh9ieu6fx","time":1614241331,"event":{"mods":["100% Spire Juice","ATMod(阿瑾Mod)","Act Like it!","Arknights","Ascension Reborn","Aspiration","Bard","BaseMod","Better Vampires","Chen","Colored Powertips","Conspire","Decade(王小明)","Dota2Spire","Downfall","Gensokyo","GifTheSpireLib","Hallownest","Highlight Path","Jedi Mod","Jorbs\u0027s Wanderer Trilogy","KinomotoSakuraMod(木之本樱)","Koishi","KomeijiMod","LagranYue(拉格朗・月)","Library of Ruina","Library of Ruina Extra","Lobotomy","LobotomyExtend","Luminous","Marisa（F雨　魔理沙）","Minty Spire (QoL Compilation)","MostiFishMod","Reimu（博丽灵梦）","Reliquary","Remilia（蕾米莉亚）","RumiaBox-露米娅的神秘盒子","SIMod","StSLib","Td1madao Mod","TestMod","The Administrix","The Animator","The Bug Knight","The Marked","WarShipGirlsR/战舰少女R mod","Youmu（魂魄妖梦）","Yuyuko","[GremlinLeader]The Maniac","[IsaacMod]以撒尖塔","【功能Mod】混沌之环修复补丁","【遗物卡牌】REMEMod","残留之物","篝火指南"],"gold_per_floor":[109,119,137,137,148,159,159,173,173,173,173,197,123,135,135,135,135],"floor_reached":16,"language":"ZHS","playtime":870,"items_purged":[],"score":94,"play_id":"55e9533e-4bfa-475f-a42b-3199909b8903","local_time":"20210225162211","is_ascension_mode":true,"campfire_choices":[{"floor":7,"key":"RECALL"},{"data":"AT_ShrugMaster","floor":10,"key":"SMITH"},{"data":"HollowMod:MothsMistake","floor":15,"key":"SMITH"}],"circlet_count":0,"master_deck":["HollowMod:NailStrikeStart","HollowMod:NailStrikeStart","HollowMod:NailStrikeStart","HollowMod:NailStrikeStart","HollowMod:QuickDashStart","HollowMod:QuickDashStart","HollowMod:QuickDashStart+1","HollowMod:QuickDashStart+1","HollowMod:FocusHealStart","HollowMod:PogoStrike","AT_ShrugMaster+1","ScarletCoffin+1","MeatLantern","HollowMod:TaintedHusks","HollowMod:InfectedAttack","SingingMachine","HollowMod:InfectedAttack","ShyLook","HollowMod:NewJinnsSoul","Yin","HollowMod:SiblingsSouls","HollowMod:InfectedCysts","HollowMod:MothsMistake+1","WallGazer","HollowMod:GrimmsGift"],"relics":["HollowMod:VesselMask","testmod-TestBox","AT_ATBox","REME_ComplimentaryCards","DaveBox","HushsDoor","testmod-Laevatain","xbg","TheBean","CogitoBucket","SynthV:TestCard","LetterFromLob","Hallownest:TeacherSealRelic","Dota2Spire:ArcaneBoots","Juzu Bracelet"],"acts_visited":["Hallownest:Greenpath"],"potions_floor_usage":[],"damage_taken":[{"damage":5,"enemies":"2_ Uuma","floor":1,"turns":3},{"damage":0,"enemies":"Hallownest:monsterHuskGuard","floor":2,"turns":2},{"damage":1,"enemies":"Hallownest:2_Tiktiks_and_1_Crawlid","floor":3,"turns":3},{"damage":4,"enemies":"Hallownest:monsterFoolEater","floor":5,"turns":2},{"damage":4,"enemies":"Hallownest:Guard_and_Warrior","floor":6,"turns":2},{"damage":1,"enemies":"Hallownest:monsterMossCharger","floor":8,"turns":2},{"damage":6,"enemies":"Hallownest:Wandering_and_Horned","floor":14,"turns":2},{"damage":84,"enemies":"Hallownest:BossBrokenVessel","floor":16,"turns":5}],"seed_played":"-3148523121068673466","potions_obtained":[{"floor":1,"key":"LiquidBronze"},{"floor":2,"key":"SteroidPotion"}],"is_trial":false,"path_per_floor":["M","M","M","?","M","M","R","M","T","R","?","T","$","M","R","B"],"character_chosen":"THE_BUGKNIGHT","items_purchased":["HollowMod:MothsMistake"],"campfire_rested":0,"item_purchase_floors":[13],"current_hp_per_floor":[75,75,75,75,71,73,73,72,72,72,72,72,72,66,66,0,0],"gold":135,"neow_bonus":"","is_daily":false,"chose_seed":false,"campfire_upgraded":2,"win_rate":0.0,"timestamp":1614241331,"path_taken":["M","M","?","?","M","M","R","?","T","R","?","?","$","M","R","BOSS"],"items_purchased_type":["Card"],"build_version":"2020-12-22","purchased_purges":0,"victory":false,"max_hp_per_floor":[75,75,75,75,75,75,75,75,75,75,75,75,75,75,75,75,75],"card_choices":[{"not_picked":[],"picked":"ChaosCard","floor":0},{"not_picked":["WallGazer","OldLady"],"picked":"MeatLantern","floor":1},{"not_picked":["HollowMod:CoiledNail","HollowMod:HowlingWraiths"],"picked":"HollowMod:TaintedHusks","floor":1},{"not_picked":["HollowMod:DoubleDash","HollowMod:CornifersMapStart","HollowMod:SoulStrike","HollowMod:ChannelNail"],"picked":"HollowMod:InfectedAttack","floor":2},{"not_picked":["ShyLook","BlackSwan"],"picked":"SingingMachine","floor":3},{"not_picked":["HollowMod:SharpenedShadows","HollowMod:AbyssShriek","HollowMod:DashSlash","HollowMod:SharpenedNail"],"picked":"HollowMod:InfectedAttack","floor":3},{"not_picked":["WallGazer","Bloodbath"],"picked":"ShyLook","floor":5},{"not_picked":["HollowMod:CornifersMapStart","HollowMod:DungDefenderAura","HollowMod:InfectedAttack","HollowMod:DoubleDash"],"picked":"HollowMod:NewJinnsSoul","floor":5},{"not_picked":["VoidDream","FairyFestival"],"picked":"Yin","floor":6},{"not_picked":["HollowMod:PerfectDash","HollowMod:DescendingDark","HollowMod:HeavyBlow","HollowMod:SiblingsShadow"],"picked":"HollowMod:SiblingsSouls","floor":6},{"not_picked":["HollowMod:HeavyBlow","HollowMod:LifebloodCocoon","HollowMod:VengefulVoid","HollowMod:BaldurShell"],"picked":"HollowMod:InfectedCysts","floor":8},{"not_picked":["WhitesApple","HappyTeddy"],"picked":"WallGazer","floor":14},{"not_picked":["HollowMod:SoulVessel","HollowMod:NewJinnsSoul","HollowMod:LifebloodCocoon","HollowMod:TaintedHusks"],"picked":"HollowMod:GrimmsGift","floor":14}],"player_experience":109484,"relics_obtained":[{"floor":1,"key":"SynthV:TestCard"},{"floor":1,"key":"LetterFromLob"},{"floor":12,"key":"Dota2Spire:ArcaneBoots"},{"floor":14,"key":"Juzu Bracelet"}],"event_choices":[],"is_beta":false,"boss_relics":[],"items_purged_floors":[],"is_endless":false,"potions_floor_spawned":[1,5,6,14],"killed_by":"Hallownest:BossBrokenVessel","ascension_level":0}}