{"host":"z8uivwf40jrpk7h3","time":1614259376,"event":{"mods":["BaseMod","Lobotomy","Minty Spire (QoL Compilation)","Replay The Spire","StSLib"],"gold_per_floor":[119,119,133,133,133,133,48,48,48,66,91,16,41,55,55,126,126,136,36,86,103,153,186,186,199,199,249,249,315,350,363,363,439,439,450,461,511,277,293,327,327,327,327],"floor_reached":42,"language":"ZHS","playtime":1515,"items_purged":["Strike_P","Strike_P","FlurryOfBlows+1"],"score":1248,"play_id":"61f8ca8e-d07f-45d4-950b-f1baabc312d1","local_time":"20210225212256","is_ascension_mode":true,"campfire_choices":[{"data":"Eruption","floor":6.0,"key":"SMITH"},{"data":"Wallop","floor":8.0,"key":"SMITH"},{"data":"Vault","floor":24.0,"key":"SMITH"},{"data":"Vigilance","floor":28.0,"key":"SMITH"},{"data":"Halt","floor":41,"key":"SMITH"}],"circlet_count":0,"master_deck":["AscendersBane","Eruption+1","Vigilance+1","CarveReality+1","Wallop+1","Scorched","TalkToTheHand+1","Vault+1","SandsOfTime","OldLady","Halt+1","Perseverance","BlackArmy","UniverseFragment","Evaluate+1","Freischutz"],"relics":["PureWater","CogitoBucket","SsserpentHead","Thread and Needle","MealTicket","Bronze Scales","ReplayTheSpireMod:DimensionalGlitch","Quantum Egg","The Courier","Nloth\u0027s Gift","Lantern","SlaversCollar","AtMidnight","HellTrain","Guide Book","Golden Egg"],"acts_visited":["Exordium","TheCity","TheBeyond"],"potions_floor_usage":[],"damage_taken":[{"damage":7.0,"enemies":"Jaw Worm","floor":1.0,"turns":3.0},{"damage":0.0,"enemies":"2 Louse","floor":3.0,"turns":3.0},{"damage":0.0,"enemies":"Small Slimes","floor":10.0,"turns":2.0},{"damage":4.0,"enemies":"3 Sentries","floor":11.0,"turns":4.0},{"damage":7.0,"enemies":"Lagavulin","floor":13.0,"turns":3.0},{"damage":0.0,"enemies":"Gremlin Gang","floor":14.0,"turns":1.0},{"damage":0.0,"enemies":"Slime Boss","floor":16.0,"turns":4.0},{"damage":11.0,"enemies":"Chosen","floor":18.0,"turns":3.0},{"damage":0.0,"enemies":"2 Thieves","floor":21.0,"turns":3.0},{"damage":13.0,"enemies":"Slavers","floor":23.0,"turns":3.0},{"damage":0.0,"enemies":"Shelled Parasite and Fungi","floor":25.0,"turns":3.0},{"damage":0.0,"enemies":"Centurion and Healer","floor":29.0,"turns":3.0},{"damage":0.0,"enemies":"Book of Stabbing","floor":30.0,"turns":2.0},{"damage":0.0,"enemies":"Snake Plant","floor":31.0,"turns":2.0},{"damage":0.0,"enemies":"Automaton","floor":33.0,"turns":6.0},{"damage":40.0,"enemies":"3 Darklings","floor":35.0,"turns":16.0},{"damage":4.0,"enemies":"3 Shapes","floor":36.0,"turns":3.0},{"damage":0,"enemies":"Jaw Worm Horde","floor":39,"turns":2},{"damage":0,"enemies":"Giant Head","floor":40,"turns":5},{"damage":56,"enemies":"R_Hoarder","floor":42,"turns":5}],"seed_played":"7952910925772288318","potions_obtained":[{"floor":1.0,"key":"AttackPotion"},{"floor":10.0,"key":"Reflective Coating"},{"floor":25.0,"key":"ColorlessPotion"},{"floor":29.0,"key":"FearPotion"},{"floor":31.0,"key":"EssenceOfSteel"}],"is_trial":false,"path_per_floor":["M","?","M","?","?","R","$","R","T","M","E","$","E","M","R","B",null,"M","$","?","M","?","E","R","M","T","?","R","M","E","M","R","B",null,"M","M","?","$","M","E","R","E"],"character_chosen":"WATCHER","items_purchased":["Wallop","Guide Book"],"campfire_rested":0,"item_purchase_floors":[7,38],"current_hp_per_floor":[54,47,47,47,47,47,47,47,47,47,43,58,51,51,51,51,64,53,68,68,68,68,55,55,55,55,55,55,55,55,55,55,55,65,37,33,33,48,48,49,49,0,0],"gold":327,"neow_bonus":"","is_daily":false,"chose_seed":false,"campfire_upgraded":5,"win_rate":0.0,"timestamp":1614259376,"path_taken":["M","?","M","?","?","R","$","R","T","M","E","$","E","M","R","BOSS","M","$","?","M","?","E","R","M","T","?","R","?","E","M","R","BOSS","M","M","?","$","M","E","R","E"],"items_purchased_type":["Card","Relic"],"build_version":"2020-12-22","purchased_purges":3,"victory":false,"max_hp_per_floor":[68,68,68,68,68,68,68,68,68,68,68,68,68,68,68,68,68,68,68,68,68,68,68,68,68,68,68,68,68,68,68,68,68,68,68,68,65,65,65,65,65,65,65],"card_choices":[{"not_picked":["Replay:BluntJabs","ThirdEye","Replay:AtTheReady"],"picked":"SKIP","floor":1.0},{"not_picked":["Halt","ClearTheMind"],"picked":"CarveReality","floor":3.0},{"not_picked":["DespairKnight","Rudolta"],"picked":"Scorched","floor":10.0},{"not_picked":["CrushJoints","EmptyFist","Replay:ManipulateFuture"],"picked":"SKIP","floor":10.0},{"not_picked":["Adaptation","EmptyBody","Fasting2"],"picked":"SKIP","floor":11.0},{"not_picked":["Perseverance","EmptyFist","Crescendo"],"picked":"SKIP","floor":13.0},{"not_picked":["Perseverance","EmptyFist","Crescendo"],"picked":"SKIP","floor":13.0},{"not_picked":["InnerPeace","Protect","Fasting2"],"picked":"SKIP","floor":14.0},{"not_picked":["Indignation+1","FlurryOfBlows","SashWhip"],"picked":"SKIP","floor":18.0},{"not_picked":["EmptyFist+1","DeceiveReality","Replay:DivineShield"],"picked":"SKIP","floor":21.0},{"not_picked":["Sanctity","Wish","TalkToTheHand"],"picked":"SKIP","floor":23.0},{"not_picked":["Sanctity","Wish","TalkToTheHand"],"picked":"SKIP","floor":23.0},{"not_picked":["BeautyBeast","SpiderBud"],"picked":"HappyTeddy","floor":25.0},{"not_picked":["Prostrate","Halt","ReachHeaven"],"picked":"SKIP","floor":25.0},{"not_picked":["Vengeance","Replay:Anticipation","Consecrate"],"picked":"SKIP","floor":29.0},{"not_picked":["MeatLantern","HeroicMonk"],"picked":"OldLady","floor":30.0},{"not_picked":["WreathOfFlame","Halt","Replay:AllIn"],"picked":"SKIP","floor":30.0},{"not_picked":["WreathOfFlame","Replay:AllIn"],"picked":"Halt","floor":30.0},{"not_picked":["Evaluate","Replay:Battleflow","PathToVictory"],"picked":"SKIP","floor":31.0},{"not_picked":["FairyFestival","PlagueDoctor"],"picked":"BlackArmy","floor":33.0},{"not_picked":["SingingMachine","NothingThere"],"picked":"UniverseFragment","floor":35.0},{"not_picked":["CutThroughFate","ThirdEye"],"picked":"Evaluate+1","floor":35.0},{"not_picked":["ForeignInfluence","CrushJoints","FearNoEvil+1"],"picked":"SKIP","floor":36.0},{"not_picked":["DreamingCurrent","SpiderBud"],"picked":"Freischutz","floor":39},{"not_picked":["Replay:AtTheReady+1","Indignation","Replay:ManipulateFuture"],"picked":"SKIP","floor":39},{"not_picked":["FlyingSleeves","Judgement","EmptyBody"],"picked":"SKIP","floor":40}],"player_experience":100737,"relics_obtained":[{"floor":9.0,"key":"Thread and Needle"},{"floor":11.0,"key":"MealTicket"},{"floor":13.0,"key":"Bronze Scales"},{"floor":23.0,"key":"Quantum Egg"},{"floor":26.0,"key":"The Courier"},{"floor":30.0,"key":"Lantern"},{"floor":35.0,"key":"AtMidnight"},{"floor":40,"key":"Golden Egg"}],"event_choices":[{"cards_removed":["Defend_P"],"damage_healed":0.0,"max_hp_gain":0.0,"max_hp_loss":0.0,"gold_gain":0.0,"event_name":"Golden Wing","player_choice":"Card Removal","floor":2.0,"gold_loss":0.0,"damage_taken":7.0},{"damage_healed":0.0,"max_hp_gain":0.0,"max_hp_loss":0.0,"gold_gain":0.0,"event_name":"FaceTrader","player_choice":"Trade","floor":5.0,"gold_loss":0.0,"damage_taken":0.0,"relics_obtained":["SsserpentHead"]},{"damage_healed":0.0,"max_hp_gain":0.0,"max_hp_loss":0.0,"gold_gain":0.0,"cards_transformed":["Defend_P","Strike_P"],"event_name":"Drug Dealer","player_choice":"Became Test Subject","floor":20.0,"gold_loss":0.0,"damage_taken":0.0,"cards_obtained":["Vault","SandsOfTime"]},{"cards_removed":["Defend_P"],"damage_healed":0.0,"max_hp_gain":0.0,"max_hp_loss":0.0,"gold_gain":0.0,"event_name":"Back to Basics","player_choice":"Elegance","floor":22.0,"gold_loss":0.0,"damage_taken":0.0},{"damage_healed":0.0,"max_hp_gain":0.0,"max_hp_loss":0.0,"gold_gain":0.0,"event_name":"N\u0027loth","player_choice":"Traded Relic","floor":27.0,"relics_lost":["Theresia"],"gold_loss":0.0,"damage_taken":0.0,"relics_obtained":["Nloth\u0027s Gift"]},{"damage_healed":0,"gold_gain":0,"player_choice":"Max HP","damage_taken":0,"max_hp_gain":0,"max_hp_loss":3,"event_name":"Winding Halls","floor":37,"gold_loss":0}],"is_beta":false,"boss_relics":[{"not_picked":["Tiny House","Snecko Heart"],"picked":"ReplayTheSpireMod:DimensionalGlitch"},{"not_picked":["Replay:Wanted Poster","Calling Bell"],"picked":"SlaversCollar"}],"items_purged_floors":[12,19,38],"is_endless":false,"potions_floor_spawned":[1,10,16,21,25,29,31,36,40],"killed_by":"R_Hoarder","ascension_level":20}}