{"host":"cpsutu8lprjuipd6","time":1614274174,"event":{"mods":["BaseMod","Colored Map","Minty Spire (QoL Compilation)","Permanent Neow","Quick Restart","StSLib","SuperFastMode","The Bug Knight","Together in Spire"],"gold_per_floor":[369,444,298,310,310,344,344,9,9,38,58,85,85,96,96,198,198,213,128,128,128,28,59,59,158,158,174,174,190,190,202,202,301,301,311,43,43,43,60,60,77,127,127,162,174,193,219,231,231,231,231],"floor_reached":50,"language":"KOR","playtime":5024,"items_purged":["Strike_R","Defend_R","Strike_R"],"score":657,"play_id":"47a4b8b4-b0a4-427d-ac15-4acf3b87063c","local_time":"20210226022934","is_ascension_mode":true,"campfire_choices":[{"data":"Bash","floor":7.0,"key":"SMITH"},{"data":"Thunderclap","floor":15,"key":"SMITH"},{"floor":24,"key":"RECALL"},{"floor":32,"key":"REST"},{"floor":40,"key":"REST"},{"data":"Defend_R","floor":49,"key":"SMITH"}],"circlet_count":0,"master_deck":["Strike_R+1","Strike_R+1","Strike_R","Defend_R","Defend_R","Defend_R+1","Bash+1","Clash+1","Thunderclap+1","Dropkick+1","Warcry+1","Dual Wield+1","Dropkick+1","Parasite"],"relics":["Burning Blood","HollowMod:QueensCombRelic","HollowMod:PaleOreRelic","Paper Frog","Ginger","Tiny Chest","Odd Mushroom","SlaversCollar","Centennial Puzzle","Incense Burner","Whetstone","Gambling Chip","MutagenicStrength","Sozu","Red Skull","Pear","Lizard Tail","HornCleat","Bottled Flame","Bottled Lightning"],"acts_visited":["Exordium","TheCity","TheBeyond"],"potions_floor_usage":[16,16,33,33,50],"damage_taken":[{"damage":7.0,"enemies":"2 Louse","floor":1.0,"turns":2.0},{"damage":5.0,"enemies":"Jaw Worm","floor":4.0,"turns":5.0},{"damage":28.0,"enemies":"Gremlin Nob","floor":6.0,"turns":4.0},{"damage":21.0,"enemies":"Lagavulin","floor":10.0,"turns":5.0},{"damage":0.0,"enemies":"Cultist","floor":11.0,"turns":4.0},{"damage":9.0,"enemies":"The Mushroom Lair","floor":12.0,"turns":4.0},{"damage":16.0,"enemies":"Large Slime","floor":14.0,"turns":2.0},{"damage":31,"enemies":"Hexaghost","floor":16,"turns":6},{"damage":5,"enemies":"Chosen","floor":18,"turns":3},{"damage":19,"enemies":"HollowMod:Nosk","floor":23,"turns":6},{"damage":5,"enemies":"2 Thieves","floor":27,"turns":4},{"damage":20,"enemies":"Centurion and Healer","floor":29,"turns":3},{"damage":5,"enemies":"Cultist and Chosen","floor":31,"turns":3},{"damage":56,"enemies":"Automaton","floor":33,"turns":9},{"damage":33,"enemies":"3 Darklings","floor":35,"turns":4},{"damage":1,"enemies":"3 Shapes","floor":39,"turns":2},{"damage":11,"enemies":"Spire Growth","floor":41,"turns":3},{"damage":0,"enemies":"Mind Bloom Boss Battle","floor":42,"turns":4},{"damage":0,"enemies":"Giant Head","floor":44,"turns":3},{"damage":0,"enemies":"Transient","floor":45,"turns":5},{"damage":17,"enemies":"Sphere and 2 Shapes","floor":46,"turns":4},{"damage":0,"enemies":"HollowMod:StalkingDevout","floor":47,"turns":2},{"damage":0,"enemies":"Writhing Mass","floor":48,"turns":3},{"damage":110,"enemies":"Donu and Deca","floor":50,"turns":6}],"seed_played":"6700551396887219405","potions_obtained":[{"floor":6.0,"key":"LiquidMemories"},{"floor":11.0,"key":"BloodPotion"},{"floor":12.0,"key":"ElixirPotion"},{"floor":18,"key":"Strength Potion"},{"floor":23,"key":"Strength Potion"},{"floor":29,"key":"BloodPotion"}],"is_trial":false,"path_per_floor":["M","?","?","M","?","E","R","$","T","E","M","?","$","M","R","B",null,"M","?","$","T","$","E","R","?","T","M","T","M","?","M","R","B",null,"M","$","T","?","M","R","M","?","T","E","M","M","E","M","R","B"],"character_chosen":"IRONCLAD","items_purchased":["Paper Frog","Red Skull"],"campfire_rested":2,"item_purchase_floors":[8,36],"current_hp_per_floor":[71,60,48,48,48,26,26,26,26,19,41,42,42,36,36,28,48,48,48,48,48,48,35,35,35,35,40,40,30,30,35,48,7,48,21,21,31,31,40,57,53,58,58,58,58,47,58,58,58,0,0],"gold":231,"neow_bonus":"TWO_FIFTY_GOLD","is_daily":false,"chose_seed":false,"campfire_upgraded":3,"win_rate":0.0,"timestamp":1614274174,"path_taken":["M","?","?","?","?","E","R","$","T","E","M","?","?","M","R","BOSS","M","?","$","?","$","E","R","?","T","M","?","M","?","M","R","BOSS","M","$","?","?","?","R","M","?","T","E","M","M","E","M","R","BOSS"],"items_purchased_type":["Relic","Relic"],"build_version":"2020-12-22","purchased_purges":3,"victory":false,"max_hp_per_floor":[72,72,48,48,48,48,48,48,48,48,48,48,48,48,48,48,48,48,48,48,48,48,48,48,48,48,48,48,48,48,48,48,48,48,48,48,58,58,58,58,58,58,58,58,58,58,58,58,58,58,58],"card_choices":[{"not_picked":["Heavy Blade","Rampage","Wild Strike"],"picked":"SKIP","floor":1.0},{"not_picked":["Armaments","Iron Wave"],"picked":"Clash","floor":4.0},{"not_picked":["True Grit","Heavy Blade","Body Slam"],"picked":"SKIP","floor":6.0},{"not_picked":["Rage","Anger","Reckless Charge"],"picked":"SKIP","floor":10.0},{"not_picked":["Sever Soul","Rage","Spot Weakness"],"picked":"SKIP","floor":11.0},{"not_picked":["Disarm","Havoc"],"picked":"Thunderclap","floor":12.0},{"not_picked":["Barricade","Headbutt"],"picked":"Dropkick","floor":14},{"not_picked":["Heavy Blade","Iron Wave","Body Slam+1"],"picked":"SKIP","floor":18},{"not_picked":["Armaments","Iron Wave","Impervious"],"picked":"SKIP","floor":23},{"not_picked":["Thunderclap","Body Slam","Heavy Blade+1"],"picked":"SKIP","floor":27},{"not_picked":["Iron Wave","Sentinel"],"picked":"Warcry+1","floor":29},{"not_picked":["Twin Strike","Blood for Blood","Iron Wave"],"picked":"SKIP","floor":31},{"not_picked":["Rupture","Reckless Charge","Havoc+1"],"picked":"SKIP","floor":35},{"not_picked":["Armaments+1","Reckless Charge","Headbutt+1"],"picked":"SKIP","floor":39},{"not_picked":["Wild Strike+1","Flex+1","Shockwave+1"],"picked":"SKIP","floor":41},{"not_picked":["Bloodletting","Wild Strike+1"],"picked":"Dual Wield+1","floor":42},{"not_picked":["Cleave+1","Fiend Fire","Body Slam"],"picked":"SKIP","floor":44},{"not_picked":["Warcry+1","Havoc"],"picked":"Dropkick+1","floor":45},{"not_picked":["Wild Strike","True Grit+1","Bludgeon"],"picked":"SKIP","floor":46},{"not_picked":["Cleave","Ghostly Armor+1","Spot Weakness"],"picked":"SKIP","floor":47},{"not_picked":["Pummel","Clash+1","Twin Strike"],"picked":"SKIP","floor":48}],"player_experience":142882,"relics_obtained":[{"floor":6.0,"key":"HollowMod:PaleOreRelic"},{"floor":9.0,"key":"Ginger"},{"floor":10.0,"key":"Tiny Chest"},{"floor":12.0,"key":"Odd Mushroom"},{"floor":23,"key":"Incense Burner"},{"floor":26,"key":"Whetstone"},{"floor":28,"key":"Gambling Chip"},{"floor":37,"key":"Pear"},{"floor":42,"key":"Lizard Tail"},{"floor":43,"key":"HornCleat"},{"floor":44,"key":"Bottled Flame"},{"floor":47,"key":"Bottled Lightning"}],"event_choices":[{"damage_healed":0.0,"max_hp_gain":0.0,"max_hp_loss":0.0,"gold_gain":75.0,"event_name":"World of Goop","player_choice":"Gather Gold","floor":2.0,"gold_loss":0.0,"damage_taken":11.0},{"damage_healed":0.0,"max_hp_gain":0.0,"max_hp_loss":0.0,"gold_gain":0.0,"event_name":"WeMeetAgain","player_choice":"Paid Gold","floor":3.0,"gold_loss":146.0,"damage_taken":0.0,"relics_obtained":["HollowMod:QueensCombRelic"]},{"damage_healed":0.0,"max_hp_gain":0.0,"max_hp_loss":0.0,"gold_gain":0.0,"event_name":"Living Wall","player_choice":"Grow","floor":5.0,"gold_loss":0.0,"damage_taken":0.0,"cards_upgraded":["Clash"]},{"damage_healed":0.0,"max_hp_gain":0.0,"max_hp_loss":0.0,"gold_gain":0.0,"event_name":"Mushrooms","player_choice":"Fought Mushrooms","floor":12.0,"gold_loss":0.0,"damage_taken":0.0},{"damage_healed":0,"gold_gain":0,"player_choice":"Obtained Relic","damage_taken":0,"relics_obtained":["Centennial Puzzle"],"max_hp_gain":0,"max_hp_loss":0,"event_name":"Addict","floor":19,"gold_loss":85},{"damage_healed":0,"gold_gain":99,"player_choice":"Stole From Cult","damage_taken":0,"max_hp_gain":0,"max_hp_loss":0,"event_name":"Nest","floor":25,"gold_loss":0},{"damage_healed":0,"gold_gain":0,"player_choice":"Inject Mutagens","damage_taken":0,"relics_obtained":["MutagenicStrength"],"max_hp_gain":0,"max_hp_loss":0,"event_name":"Drug Dealer","floor":30,"gold_loss":0},{"damage_healed":0,"gold_gain":0,"player_choice":"Forge","damage_taken":0,"max_hp_gain":0,"max_hp_loss":0,"event_name":"Accursed Blacksmith","floor":38,"gold_loss":0,"cards_upgraded":["Dropkick"]},{"damage_healed":0,"gold_gain":0,"player_choice":"Fight","damage_taken":0,"max_hp_gain":0,"max_hp_loss":0,"event_name":"MindBloom","floor":42,"gold_loss":0}],"is_beta":false,"boss_relics":[{"not_picked":["Fusion Hammer","Snecko Eye"],"picked":"SlaversCollar"},{"not_picked":["Cursed Key","Mark of Pain"],"picked":"Sozu"}],"items_purged_floors":[8,22,36],"is_endless":false,"potions_floor_spawned":[6,11,12,18,23,29,31,35,39,42,47],"killed_by":"Donu and Deca","ascension_level":1}}