{"host":"p9xedk00duaz8l9n","time":1614270060,"event":{"mods":["BaseMod","Colored Map","DeckTracker","Highlight Path","Minty Spire (QoL Compilation)","Relic Stats","SuperFastMode"],"gold_per_floor":[118,22,35,35,50,75,75,101,124,138,170,184,212,222,222,295,295,308,323,323,337,337,337,363,377,377,392,418,418,446,107,107,107,107],"floor_reached":33,"language":"JPN","playtime":1604,"items_purged":["Bite"],"score":749,"play_id":"7a716552-eb3f-4c1a-ab7d-74ad79335274","local_time":"20210226012100","is_ascension_mode":true,"campfire_choices":[{"data":"Immolate","floor":7,"key":"SMITH"},{"data":"Hemokinesis","floor":15,"key":"SMITH"},{"data":"Shockwave","floor":23,"key":"SMITH"},{"data":"Second Wind","floor":29,"key":"SMITH"},{"data":"Rupture","floor":32,"key":"SMITH"}],"circlet_count":0,"master_deck":["AscendersBane","Defend_R","Defend_R+1","Defend_R","Defend_R","Bash","Anger","Hemokinesis+1","Immolate+1","Battle Trance+1","Power Through","Pommel Strike","Shrug It Off","Second Wind+1","Reaper","Battle Trance","Feed","Bite","Bite","Bite","Bite","Inflame+1","Exhume","Shockwave+1","Armaments+1","Power Through","Bloodletting","Rupture+1"],"relics":["Burning Blood","NeowsBlessing","Bag of Marbles","War Paint","The Courier","Orichalcum","Question Card","HornCleat","SlaversCollar","InkBottle","PreservedInsect","Strawberry","Pantograph","White Beast Statue"],"acts_visited":["Exordium","TheCity"],"potions_floor_usage":[6,13,13,16,18,19,28,28],"damage_taken":[{"damage":0,"enemies":"Cultist","floor":1,"turns":1},{"damage":0,"enemies":"Small Slimes","floor":3,"turns":1},{"damage":0,"enemies":"Jaw Worm","floor":5,"turns":1},{"damage":22,"enemies":"Lagavulin","floor":6,"turns":5},{"damage":7,"enemies":"3 Sentries","floor":8,"turns":3},{"damage":3,"enemies":"Exordium Wildlife","floor":10,"turns":2},{"damage":20,"enemies":"Lagavulin","floor":11,"turns":4},{"damage":2,"enemies":"Red Slaver","floor":12,"turns":1},{"damage":27,"enemies":"Gremlin Nob","floor":13,"turns":5},{"damage":0,"enemies":"Lots of Slimes","floor":14,"turns":3},{"damage":12,"enemies":"Slime Boss","floor":16,"turns":7},{"damage":11,"enemies":"Shell Parasite","floor":18,"turns":5},{"damage":15,"enemies":"Chosen","floor":19,"turns":4},{"damage":4,"enemies":"Centurion and Healer","floor":21,"turns":6},{"damage":30,"enemies":"Gremlin Leader","floor":24,"turns":8},{"damage":19,"enemies":"Snake Plant","floor":25,"turns":7},{"damage":49,"enemies":"Sentry and Sphere","floor":27,"turns":8},{"damage":11,"enemies":"Book of Stabbing","floor":28,"turns":5},{"damage":2,"enemies":"Gremlin Leader","floor":30,"turns":5},{"damage":103,"enemies":"Champ","floor":33,"turns":11}],"seed_played":"-1731718176190296309","potions_obtained":[{"floor":3,"key":"FearPotion"},{"floor":6,"key":"PowerPotion"},{"floor":12,"key":"EssenceOfSteel"},{"floor":13,"key":"Block Potion"},{"floor":14,"key":"DistilledChaos"},{"floor":16,"key":"ColorlessPotion"},{"floor":18,"key":"BloodPotion"},{"floor":24,"key":"SpeedPotion"},{"floor":30,"key":"BlessingOfTheForge"}],"is_trial":false,"path_per_floor":["M","?","M","?","M","E","R","E","T","M","E","M","E","M","R","B",null,"M","M","?","M","?","R","E","M","T","M","E","R","E","$","R","B"],"character_chosen":"IRONCLAD","items_purchased":["Rupture","White Beast Statue"],"campfire_rested":0,"item_purchase_floors":[31,31],"current_hp_per_floor":[74,74,75,75,75,59,59,58,58,61,47,51,30,47,47,45,68,63,54,52,55,55,55,50,55,55,23,50,50,68,68,68,0,0],"gold":107,"neow_bonus":"THREE_ENEMY_KILL","is_daily":false,"chose_seed":false,"campfire_upgraded":5,"win_rate":0.0,"timestamp":1614270060,"path_taken":["M","?","?","?","?","E","R","E","T","?","E","M","E","M","R","BOSS","M","M","?","M","?","R","E","M","T","?","E","R","E","?","R","BOSS"],"items_purchased_type":["Card","Relic"],"build_version":"2020-12-22","purchased_purges":1,"victory":false,"max_hp_per_floor":[75,75,75,75,75,75,75,75,75,75,75,75,75,75,75,75,75,75,75,52,55,55,55,55,55,55,58,68,68,68,68,68,68,68],"relic_stats":{"counters":[20,92],"Pantograph":0,"PreservedInsect":92,"War Paint":["Battle Trance","Defend_R"],"Orichalcum":[120],"Question Card":12,"obtain_stats":[{"NeowsBlessing":0,"The Courier":8,"PreservedInsect":26,"War Paint":6,"Orichalcum":9,"Question Card":11,"Burning Blood":0,"White Beast Statue":31,"SlaversCollar":17,"HornCleat":13,"Strawberry":28,"Pantograph":30,"Bag of Marbles":2,"InkBottle":24},{"NeowsBlessing":0,"The Courier":5,"PreservedInsect":16,"War Paint":4,"Orichalcum":5,"Question Card":7,"Burning Blood":0,"White Beast Statue":19,"SlaversCollar":11,"HornCleat":9,"Strawberry":18,"Pantograph":19,"Bag of Marbles":1,"InkBottle":15},{"NeowsBlessing":0,"The Courier":11,"PreservedInsect":63,"War Paint":8,"Orichalcum":11,"Question Card":17,"Burning Blood":0,"White Beast Statue":81,"SlaversCollar":33,"HornCleat":23,"Strawberry":76,"Pantograph":81,"Bag of Marbles":1,"InkBottle":56}],"Burning Blood":85,"InkBottle":[8]},"card_choices":[{"not_picked":["Armaments","Twin Strike"],"picked":"Anger","floor":1},{"not_picked":["Heavy Blade","Thunderclap"],"picked":"Hemokinesis","floor":3},{"not_picked":["Heavy Blade","Infernal Blade"],"picked":"Battle Trance","floor":5},{"not_picked":["Sentinel","True Grit"],"picked":"Power Through","floor":6},{"not_picked":["Immolate","Wild Strike"],"picked":"Pommel Strike","floor":8},{"not_picked":["True Grit","Seeing Red"],"picked":"Shrug It Off","floor":10},{"not_picked":["Sword Boomerang","Twin Strike","Wild Strike"],"picked":"SKIP","floor":11},{"not_picked":["Heavy Blade","Clothesline","Blood for Blood"],"picked":"Second Wind","floor":12},{"not_picked":["Reckless Charge","Combust","Bloodletting"],"picked":"Reaper","floor":13},{"not_picked":["Sword Boomerang","Anger","Flex"],"picked":"Battle Trance","floor":14},{"not_picked":["Brutality","Double Tap","Fiend Fire"],"picked":"Feed","floor":16},{"not_picked":["Shrug It Off","Clothesline","Sword Boomerang","Metallicize"],"picked":"SKIP","floor":18},{"not_picked":["Infernal Blade","Shrug It Off","Dual Wield","Sword Boomerang"],"picked":"SKIP","floor":19},{"not_picked":["Battle Trance","Uppercut","Iron Wave"],"picked":"Inflame+1","floor":21},{"not_picked":["Dark Embrace","Sword Boomerang","Clash","Twin Strike+1"],"picked":"SKIP","floor":24},{"not_picked":["Shrug It Off+1","Shockwave+1","Iron Wave"],"picked":"Armaments+1","floor":25},{"not_picked":["Warcry","Havoc","Rampage","Armaments"],"picked":"SKIP","floor":27},{"not_picked":["Twin Strike","Demon Form","Havoc"],"picked":"Power Through","floor":28},{"not_picked":["True Grit","Rupture","Sever Soul"],"picked":"Bloodletting","floor":30}],"player_experience":866947,"relics_obtained":[{"floor":6,"key":"War Paint"},{"floor":8,"key":"The Courier"},{"floor":9,"key":"Orichalcum"},{"floor":11,"key":"Question Card"},{"floor":13,"key":"HornCleat"},{"floor":24,"key":"InkBottle"},{"floor":26,"key":"PreservedInsect"},{"floor":28,"key":"Strawberry"},{"floor":30,"key":"Pantograph"}],"event_choices":[{"damage_healed":0,"gold_gain":0,"player_choice":"Paid Gold","damage_taken":0,"relics_obtained":["Bag of Marbles"],"max_hp_gain":0,"max_hp_loss":0,"event_name":"WeMeetAgain","floor":2,"gold_loss":96},{"damage_healed":0,"gold_gain":0,"player_choice":"1 cards matched","damage_taken":0,"max_hp_gain":0,"max_hp_loss":0,"event_name":"Match and Keep!","floor":4,"gold_loss":0,"cards_obtained":["Immolate"]},{"damage_healed":0,"gold_gain":0,"player_choice":"Became a vampire","damage_taken":0,"max_hp_gain":0,"max_hp_loss":23,"event_name":"Vampires","floor":20,"gold_loss":0,"cards_obtained":["Bite","Bite","Bite","Bite","Bite"]},{"damage_healed":0,"gold_gain":0,"player_choice":"2 cards matched","damage_taken":0,"max_hp_gain":0,"max_hp_loss":0,"event_name":"Match and Keep!","floor":22,"gold_loss":0,"cards_obtained":["Exhume","Shockwave"]}],"is_beta":false,"boss_relics":[{"not_picked":["Philosopher\u0027s Stone","Black Blood"],"picked":"SlaversCollar"}],"items_purged_floors":[31],"is_endless":false,"potions_floor_spawned":[3,6,12,13,14,16,18,24,30],"killed_by":"Champ","ascension_level":20}}