{"host":"m6aaltr68g9tvoay","time":1614229400,"event":{"mods":["AchievementEnabler","BaseMod","Colored Map","Downfall","Minty Spire (QoL Compilation)","Slay the Relics Exporter","StSLib"],"gold_per_floor":[199,216,236,236,197,97,97,97,109,138,138,238,238,258,278,381,381,381,401,401,401,18,18,18,18,18,18,53,65,75,86,104,201,201,201,216,229,310,360,360,360,378,378,388,282,295,295,305,319,319],"floor_reached":51,"language":"ENG","playtime":5177,"items_purged":["downfall:Bewildered","downfall:Bewildered"],"score":892,"play_id":"f4f7ef8e-937a-4942-9fcd-4380fb42ddbf","local_time":"20210224210320","is_ascension_mode":true,"campfire_choices":[{"floor":1,"key":"RECALL"},{"floor":6,"key":"REST"},{"data":"champ:Taunt","floor":8,"key":"SMITH"},{"floor":11,"key":"REST"},{"data":"champ:TripleStrike","floor":18,"key":"SMITH"},{"data":"champ:Lariat","floor":23,"key":"SMITH"},{"floor":25,"key":"REST"},{"floor":35,"key":"REST"},{"data":"champ:SteelEdge","floor":43,"key":"SMITH"},{"floor":47,"key":"REST"}],"circlet_count":0,"master_deck":["champ:Strike+1","champ:Strike","champ:Defend","champ:Defend","champ:Defend+1","champ:Execute","champ:Taunt+1","champ:Lariat+1","champ:RisingSlash","champ:Haymaker","champ:FanOfKnives","champ:BladeFlurry","champ:RapidStrikes+1","champ:ShieldWall","champ:DefensiveShout","champ:TripleStrike+1","CurseOfTheBell","champ:GutPunch","champ:PreciseThrust+1","champ:SteelEdge+1","champ:Shatter+1","champ:HoldFirm+1","champ:DefensiveShout","champ:DefensiveStyle+1","champ:StrikeOfGenius+1","champ:Duel+1","champ:Improvising+1","champ:PerfectedStrike+1","champ:StanceDance","Injury","expansioncontent:YouAreMine","champ:Circumvent+1","Dark Shackles","champ:ShieldSigil+1"],"relics":["champ:ChampionCrown","White Beast Statue","downfall:HeartBlessingRed","Pantograph","Nunchaku","downfall:ExtraCursedKey","Calling Bell","MealTicket","Question Card","Gambling Chip","sneckomod:BabySnecko","champ:FightingForDummies","champ:Barbells","Frozen Egg 2","Astrolabe","Bottled Tornado","Peace Pipe","Omamori"],"acts_visited":["Exordium","TheCity","TheBeyond"],"potions_floor_usage":[33,33,44],"damage_taken":[{"damage":2,"enemies":"2 Louse","floor":2,"turns":4},{"damage":10,"enemies":"Jaw Worm","floor":3,"turns":6},{"damage":10,"enemies":"downfall:FleeingMerchant","floor":5,"turns":4},{"damage":0,"enemies":"Cultist","floor":9,"turns":3},{"damage":37,"enemies":"3 Sentries","floor":10,"turns":7},{"damage":20,"enemies":"Exordium Thugs","floor":14,"turns":4},{"damage":8,"enemies":"2 Fungi Beasts","floor":15,"turns":3},{"damage":56,"enemies":"DF_ARCHETYPE_STREAMLINE","floor":16,"turns":8},{"damage":6,"enemies":"3 Byrds","floor":19,"turns":5},{"damage":30,"enemies":"downfall:FleeingMerchant","floor":22,"turns":4},{"damage":53,"enemies":"Slavers","floor":28,"turns":6},{"damage":7,"enemies":"downfall:LooterAlt2","floor":29,"turns":3},{"damage":5,"enemies":"Sentry and Sphere","floor":30,"turns":2},{"damage":5,"enemies":"3 Cultists","floor":31,"turns":3},{"damage":19,"enemies":"Snake Plant","floor":32,"turns":3},{"damage":39,"enemies":"WA_ARCHETYPE_CALM","floor":33,"turns":7},{"damage":0,"enemies":"Orb Walker","floor":36,"turns":3},{"damage":35,"enemies":"3 Darklings","floor":37,"turns":4},{"damage":0,"enemies":"3 Darklings","floor":39,"turns":5},{"damage":14,"enemies":"Maw","floor":42,"turns":7},{"damage":12,"enemies":"Jaw Worm Horde","floor":44,"turns":4},{"damage":0,"enemies":"downfall:FleeingMerchant","floor":45,"turns":4},{"damage":22,"enemies":"Spire Growth","floor":46,"turns":5},{"damage":9,"enemies":"Maw","floor":48,"turns":6},{"damage":17,"enemies":"4 Shapes","floor":49,"turns":4},{"damage":12,"enemies":"SI_POISON_ARCHETYPE","floor":50,"turns":11}],"seed_played":"8697739083103386180","potions_obtained":[{"floor":5,"key":"LiquidMemories"},{"floor":9,"key":"champ:UltimateStancePotion"},{"floor":10,"key":"EntropicBrew"},{"floor":33,"key":"champ:UltimateStancePotion"},{"floor":36,"key":"DuplicationPotion"},{"floor":42,"key":"DistilledChaos"},{"floor":44,"key":"Ancient Potion"}],"is_trial":false,"path_per_floor":["R","M","M","?","$","R","T","R","M","E","R","?","?","M","M","B",null,"R","M","?","?","$","R","T","R","T","?","E","M","M","M","M","B",null,"R","M","M","?","?","?","T","M","R","M","$","M","R","M","M","B",null],"character_chosen":"THE_CHAMP","items_purchased":["champ:FanOfKnives","champ:FightingForDummies","champ:Barbells","FairyPotion","Omamori","Dark Shackles"],"campfire_rested":5,"item_purchase_floors":[5,22,22,45,45,45],"current_hp_per_floor":[81,79,74,49,49,76,76,76,76,49,76,76,76,61,53,37,77,77,71,53,53,58,58,58,86,86,86,43,36,36,36,17,18,76,95,95,90,90,95,95,95,91,91,79,94,72,95,86,79,83],"gold":319,"neow_bonus":"HUNDRED_GOLD","is_daily":false,"chose_seed":false,"campfire_upgraded":4,"win_rate":0.0,"timestamp":1614229400,"path_taken":["R","M","M","?","$","R","T","R","M","E","R","?","?","M","M","BOSS","R","M","?","?","$","R","T","R","?","?","E","M","M","?","M","BOSS","R","M","M","?","?","?","T","M","R","M","?","M","R","M","M","BOSS"],"items_purchased_type":["Card","Relic","Relic","Potion","Relic","Card"],"build_version":"2020-12-22","purchased_purges":2,"victory":true,"max_hp_per_floor":[90,90,90,90,90,90,90,90,90,90,90,90,90,90,90,90,90,90,90,95,95,95,95,95,95,95,95,95,95,95,95,95,95,95,95,95,95,95,95,95,95,95,95,95,95,95,95,95,95,95],"card_choices":[{"not_picked":["champ:EnragedBash","champ:CrownThrow"],"picked":"champ:Lariat","floor":2},{"not_picked":["champ:EnGarde","champ:StanceDance"],"picked":"champ:RisingSlash","floor":3},{"not_picked":["champ:EndlessRage","champ:StanceDance"],"picked":"champ:Haymaker","floor":5},{"not_picked":["champ:PerfectedStrike","champ:BerserkersShout"],"picked":"champ:BladeFlurry","floor":9},{"not_picked":["champ:CrownThrow","champ:PreciseThrust"],"picked":"champ:RapidStrikes","floor":10},{"not_picked":["champ:HeartStrike","champ:DefensiveShout"],"picked":"champ:ShieldWall","floor":14},{"not_picked":["champ:Parry","champ:RapidStrikes"],"picked":"champ:DefensiveShout","floor":15},{"not_picked":["champ:EnchantCrown","champ:StrikeOfGenius"],"picked":"champ:TripleStrike","floor":16},{"not_picked":["champ:DeathBlow","champ:Haymaker","champ:GladiatorStyle"],"picked":"champ:GutPunch","floor":19},{"not_picked":["champ:CrownThrow","champ:IronFortress","champ:DeathBlow"],"picked":"champ:PreciseThrust","floor":22},{"not_picked":["champ:FanOfKnives","champ:CrownThrow","champ:BerserkersShout"],"picked":"champ:SteelEdge","floor":28},{"not_picked":["champ:ShieldSlam","champ:CrookedStrike","champ:TornadoPunch"],"picked":"champ:Shatter+1","floor":29},{"not_picked":["champ:Haymaker","champ:Endure","champ:PreciseThrust"],"picked":"champ:HoldFirm","floor":30},{"not_picked":["champ:Haymaker","champ:EnGarde","champ:PerfectedStrike+1"],"picked":"champ:DefensiveShout","floor":31},{"not_picked":["champ:FlashCut","champ:BladeFlurry","champ:Shatter"],"picked":"champ:DefensiveStyle+1","floor":32},{"not_picked":["champ:CheapShot","champ:EnchantCrown","champ:ShieldThrow"],"picked":"champ:StrikeOfGenius+1","floor":33},{"not_picked":["champ:Backstep","champ:PreciseThrust","champ:EnGarde"],"picked":"champ:StanceDance","floor":36},{"not_picked":["champ:StanceDance","champ:DefensiveStyle+1","champ:DeathBlow","champ:PerfectedStrike+1"],"picked":"SKIP","floor":37},{"not_picked":["expansioncontent:Chronoboost","expansioncontent:InvincibleStrength"],"picked":"expansioncontent:YouAreMine","floor":40},{"not_picked":["champ:GladiatorStyle+1","champ:EndlessRage+1","champ:VampiricStrike","champ:BerserkerStyle+1"],"picked":"SKIP","floor":42},{"not_picked":["champ:CrownThrow+1","champ:PreciseThrust","champ:BerserkersShout+1"],"picked":"champ:Circumvent+1","floor":44},{"not_picked":["champ:HeartStrike","champ:GutPunch","champ:CalledShot+1","champ:TornadoPunch"],"picked":"SKIP","floor":45},{"not_picked":["champ:CrookedStrike","champ:GutPunch+1","champ:Circumvent"],"picked":"champ:ShieldSigil+1","floor":46},{"not_picked":["champ:TornadoPunch+1","champ:FocusedBerserking","champ:Circumvent","champ:DeathBlow"],"picked":"SKIP","floor":48},{"not_picked":["champ:Circumvent","champ:FaceSlap","champ:PerfectedStrike+1","champ:Haymaker+1"],"picked":"SKIP","floor":49}],"player_experience":1922188,"relics_obtained":[{"floor":7,"key":"Pantograph"},{"floor":10,"key":"Nunchaku"},{"floor":17,"key":"MealTicket"},{"floor":17,"key":"Question Card"},{"floor":17,"key":"Gambling Chip"},{"floor":28,"key":"Frozen Egg 2"},{"floor":38,"key":"Bottled Tornado"},{"floor":39,"key":"Peace Pipe"}],"event_choices":[{"damage_healed":0,"gold_gain":0,"player_choice":"Success","damage_taken":25,"relics_obtained":["White Beast Statue"],"max_hp_gain":0,"max_hp_loss":0,"event_name":"Scrap Ooze","floor":4,"gold_loss":0}],"is_beta":false,"boss_relics":[{"not_picked":["Runic Dome","Sozu"],"picked":"Calling Bell"},{"not_picked":["Philosopher\u0027s Stone","Fusion Hammer"],"picked":"Astrolabe"}],"items_purged_floors":[22,45],"is_endless":false,"potions_floor_spawned":[5,9,10,14,15,16,19,22,28,29,30,31,32,33,36,37,39,42,44,45,46,48,49],"ascension_level":8}}