{"host":"z439itq93uucuvou","time":1614212780,"event":{"mods":["BaseMod","Colored Powertips","Downfall","Jorbs\u0027s Wanderer Trilogy","Minty Spire (QoL Compilation)","StSLib"],"gold_per_floor":[99,119,131,148,598,615,640,640,651,310,323,340,340,360,380,478,478,478,491,491,491,510,529,552,566,566,566,566],"floor_reached":26,"language":"ENG","playtime":1444,"items_purged":["downfall:Icky"],"score":316,"play_id":"9c73333a-e87d-4a8f-b26b-644fc3e05b48","local_time":"20210224162620","is_ascension_mode":true,"campfire_choices":[{"data":"bronze:Goto","floor":1.0,"key":"SMITH"},{"data":"bronze:ItsAFeature","floor":13.0,"key":"SMITH"},{"data":"bronze:Format","floor":18.0,"key":"SMITH"}],"circlet_count":0,"master_deck":["bronze:Strike","bronze:Strike","bronze:Strike","bronze:Strike","bronze:Defend","bronze:Defend","bronze:Defend","bronze:Defend","bronze:Replicate","bronze:Goto+1","bronze:ItsAFeature+1","bronze:Overheat","bronze:Optimize","downfall:Icky","downfall:Icky","bronze:Invalidate","downfall:Haunted","bronze:DigitalCarnage","bronze:RecursiveStrike","bronze:Shield","bronze:Assembly","bronze:SpaghettiCode","bronze:Backtrace","bronze:Fortify","bronze:Format+1","bronze:Return","downfall:Malfunctioning","bronze:Frontload+1","bronze:Repulsor+1","downfall:Bewildered","bronze:NullPointer"],"relics":["Cursed Key","Centennial Puzzle","Membership Card","Bag of Preparation","Philosopher\u0027s Stone","Pantograph","NlothsMask"],"acts_visited":["Exordium","TheCity"],"potions_floor_usage":[],"damage_taken":[{"damage":1.0,"enemies":"Jaw Worm","floor":2.0,"turns":4.0},{"damage":2.0,"enemies":"2 Louse","floor":3.0,"turns":4.0},{"damage":1.0,"enemies":"Cultist","floor":4.0,"turns":3.0},{"damage":6.0,"enemies":"Red Slaver","floor":6.0,"turns":4.0},{"damage":0.0,"enemies":"Large Slime","floor":9.0,"turns":4.0},{"damage":0.0,"enemies":"downfall:FleeingMerchant","floor":10.0,"turns":4.0},{"damage":4.0,"enemies":"Gremlin Gang","floor":11.0,"turns":4.0},{"damage":7.0,"enemies":"Blue Slaver","floor":12.0,"turns":2.0},{"damage":13.0,"enemies":"Lots of Slimes","floor":14.0,"turns":6.0},{"damage":0.0,"enemies":"Large Slime","floor":15.0,"turns":4.0},{"damage":20.0,"enemies":"DF_ARCHETYPE_STREAMLINE","floor":16.0,"turns":10.0},{"damage":0.0,"enemies":"downfall:LooterAlt2","floor":19.0,"turns":3.0},{"damage":0.0,"enemies":"3 Byrds","floor":22.0,"turns":4.0},{"damage":17.0,"enemies":"Sentry and Sphere","floor":23.0,"turns":4.0},{"damage":5.0,"enemies":"Cultist and Chosen","floor":25.0,"turns":5.0},{"damage":0,"enemies":"Snecko","floor":26,"turns":1}],"seed_played":"-4682820345278912151","potions_obtained":[{"floor":9.0,"key":"SteroidPotion"},{"floor":12.0,"key":"LiquidMemories"},{"floor":14.0,"key":"LiquidBronze"},{"floor":22.0,"key":"AttackPotion"}],"is_trial":false,"path_per_floor":["R","M","M","M","?","M","T","?","M","$","M","M","R","M","M","B",null,"R","M","T","?","M","M","T","M","M"],"character_chosen":"THE_AUTOMATON","items_purchased":["Membership Card","Bag of Preparation","bronze:Assembly"],"campfire_rested":0,"item_purchase_floors":[10,10,10],"current_hp_per_floor":[70,69,67,66,66,60,60,60,60,60,56,49,49,36,36,16,70,70,70,70,70,70,53,53,48,48,48,48],"gold":566,"neow_bonus":"BOSS_RELIC","is_daily":false,"chose_seed":false,"campfire_upgraded":3,"win_rate":0.0,"timestamp":1614212780,"path_taken":["R","M","M","M","?","M","T","?","M","$","?","M","R","M","M","BOSS","R","M","?","?","M","M","T","M","M"],"items_purchased_type":["Relic","Relic","Card"],"build_version":"2020-12-22","purchased_purges":1,"victory":false,"max_hp_per_floor":[70,70,70,70,70,70,70,70,70,70,70,70,70,70,70,70,70,70,70,70,70,70,70,70,70,70,70,70],"card_choices":[{"not_picked":["bronze:FineTuning","bronze:WildBeam"],"picked":"bronze:ItsAFeature","floor":2.0},{"not_picked":["bronze:Return","bronze:Philosophize"],"picked":"bronze:Overheat","floor":3.0},{"not_picked":["bronze:Shield","bronze:BugBarrage"],"picked":"bronze:Optimize","floor":4.0},{"not_picked":["bronze:Deprecate","bronze:ItsAFeature"],"picked":"bronze:Invalidate","floor":6.0},{"not_picked":["bronze:ForLoop","bronze:BitShift"],"picked":"bronze:Shield","floor":9.0},{"not_picked":["bronze:BuggyMess","bronze:Frontload","bronze:BugBarrage"],"picked":"SKIP","floor":10.0},{"not_picked":["bronze:Constructor","bronze:Iterate"],"picked":"bronze:SpaghettiCode","floor":11.0},{"not_picked":["bronze:WhirlingStrike","bronze:CutThrough"],"picked":"bronze:Backtrace","floor":12.0},{"not_picked":["bronze:Optimize","bronze:WildBeam","bronze:DigitalCarnage"],"picked":"SKIP","floor":14.0},{"not_picked":["bronze:Deprecate","bronze:DelayedGuard"],"picked":"bronze:Fortify","floor":15.0},{"not_picked":["bronze:BurnOut","bronze:RecursiveStrike"],"picked":"bronze:Format","floor":16.0},{"not_picked":["bronze:Separator","bronze:Frontload"],"picked":"bronze:Return","floor":19.0},{"not_picked":["bronze:Branch","bronze:OilSpill+1"],"picked":"bronze:Frontload+1","floor":22.0},{"not_picked":["bronze:Branch","bronze:HyperBeam"],"picked":"bronze:Repulsor+1","floor":23.0},{"not_picked":["bronze:BuggyMess","bronze:Shield"],"picked":"bronze:NullPointer","floor":25.0}],"player_experience":1758916,"relics_obtained":[{"floor":7.0,"key":"Centennial Puzzle"},{"floor":20.0,"key":"Pantograph"}],"event_choices":[{"damage_healed":0.0,"max_hp_gain":0.0,"max_hp_loss":0.0,"gold_gain":0.0,"event_name":"FaceTrader","player_choice":"Trade","floor":21.0,"gold_loss":0.0,"damage_taken":0.0,"relics_obtained":["NlothsMask"]}],"is_beta":false,"boss_relics":[{"not_picked":["Velvet Choker","Runic Dome"],"picked":"Philosopher\u0027s Stone"}],"items_purged_floors":[10],"is_endless":false,"potions_floor_spawned":[9,12,14,16,22],"killed_by":"Snecko","ascension_level":1}}