{"host":"kux12pw67lc1ca9q","time":1614270938,"event":{"mods":["2.2 Compatiblity","Act Like it!","Ascension Unlocker","Aspiration","BaseMod","Better Altar","Better Match","Better Sensory Stone","Better Skull","Better Third Choice","BetterRewards","Block Reminder","CCEM2","Displayed Cursed Tome","Elementarium","Energized Spire","Gensokyo","GifTheSpireLib","Hallownest","Hermit","Infinite Spire","JesterMod","Jorbs\u0027s Wanderer Trilogy","Lobotomy","Marisa????????","Marked Mod","Menagerie","Minty Spire (QoL Compilation)","Permanent Neow","Potionbrewer","Quick Restart","Reimu??????","Replay The Spire","Ruina","SCP261 Mod","Shade Mod","Shop Mod","Spicy Shops","Spikes Relics","StSLib","Stuff the Spire","The Bug Knight","The Cursed","The Death Knight","The Hayseed","The Hierophant","The Judge","The Juggle","The Mystic","The Necromancer","The Runesmith","The Showman","The Witch","TheFirefly","Virulent Crown","Wandering Minibosses","thorton"],"gold_per_floor":[277,296,38,57,68,68,68,68],"floor_reached":7,"language":"ENG","playtime":1341,"items_purged":[],"score":86,"play_id":"8f11cf3c-9297-46c0-8297-3a1feb27dd96","local_time":"20210225163538","is_ascension_mode":true,"campfire_choices":[{"floor":6,"key":"REST"}],"circlet_count":0,"master_deck":["AscendersBane","Strike_G","Strike_G","Strike_G","Strike_G","Strike_G","Defend_G","Defend_G","Defend_G","Defend_G","Defend_G","Survivor","Neutralize","Sucker Punch","OldLady","Dagger Throw","Well Laid Plans+1","Reflex","Cloak And Dagger","BeautyBeast"],"relics":["Ring of the Snake","CogitoBucket","StuffTheSpire:Saxophone"],"acts_visited":["Menagerie:Menagerie"],"potions_floor_usage":[5],"damage_taken":[{"damage":3,"enemies":"Menagerie:2_RABBITS","floor":1,"turns":7},{"damage":1,"enemies":"Menagerie:StygianBoar","floor":2,"turns":4},{"damage":6,"enemies":"Menagerie:MonstrousExperiment","floor":4,"turns":8},{"damage":8,"enemies":"Menagerie:KEEPER_AND_YOUNG_SUNEATER","floor":5,"turns":5},{"damage":49,"enemies":"Menagerie:Hydra","floor":7,"turns":8}],"seed_played":"7891754967520254427","potions_obtained":[{"floor":2,"key":"DeathKnight:RimePotion"},{"floor":5,"key":"potionbrewer:CleansingPotion"}],"is_trial":false,"path_per_floor":["M","M","$","M","M","R","E"],"character_chosen":"THE_SILENT","items_purchased":["StuffTheSpire:Saxophone","Well Laid Plans+1"],"campfire_rested":1,"item_purchase_floors":[3,3],"current_hp_per_floor":[56,55,55,49,41,60,11,11],"gold":68,"neow_bonus":"","is_daily":false,"chose_seed":false,"campfire_upgraded":0,"win_rate":0.0,"timestamp":1614270938,"path_taken":["M","M","$","M","M","R","E"],"items_purchased_type":["Relic","Card"],"build_version":"2020-12-22","purchased_purges":0,"victory":false,"max_hp_per_floor":[66,66,66,66,66,66,66,66],"card_choices":[{"not_picked":["OSAHOGD","Murderer","VoidDream"],"picked":"Singing Bowl","floor":1},{"not_picked":["Bane","Flying Knee"],"picked":"Sucker Punch","floor":1},{"not_picked":["RedShoes","Wellcheers","MeatLantern"],"picked":"Singing Bowl","floor":2},{"not_picked":["VoidDream","Freischutz"],"picked":"OldLady","floor":2},{"not_picked":["StuffTheSpire:Repulse","Dagger Spray"],"picked":"Dagger Throw","floor":2},{"not_picked":["VoidDream","BigBird","Freischutz"],"picked":"Singing Bowl","floor":4},{"not_picked":["Slice","StuffTheSpire:ClusterCrunch"],"picked":"Reflex","floor":4},{"not_picked":["Quick Slash","Sucker Punch"],"picked":"Cloak And Dagger","floor":5},{"not_picked":["MHz","Murderer"],"picked":"BeautyBeast","floor":5}],"player_experience":1349868,"relics_obtained":[],"event_choices":[],"is_beta":false,"boss_relics":[],"items_purged_floors":[],"is_endless":false,"potions_floor_spawned":[2,5],"killed_by":"Menagerie:Hydra","ascension_level":20}}