{"host":"snd6571rw3150vxe","time":1614272321,"event":{"mods":["AchievementEnabler","BaseMod","Bestiary","Block Reminder","Colored Powertips","Dark Map","Downfall","Hermit","Highlight Path","Marisa????????","Minty Spire (QoL Compilation)","Morshu Shopkeeper","Quick Restart","Random Character Button","Relic Stats","Robot Space Explorer","StSLib","The Bug Knight","The Cursed","The Disciple","The Marked","The Necromancer","The Servant 0.9.4","Weighted Paths","slay the spire mod where everything is the same but ironclad has a cowboy hat"],"gold_per_floor":[119,50,66,66,66,66,77,104,128,28,28,61,61,61,61,160,160,160],"floor_reached":17,"language":"ENG","playtime":1464,"items_purged":[],"score":186,"play_id":"73812471-c89a-42b5-9597-0e1cf80354ea","local_time":"20210225185841","is_ascension_mode":false,"campfire_choices":[{"data":"Accruing","floor":6.0,"key":"SMITH"},{"data":"HandsUpB","floor":11.0,"key":"SMITH"},{"data":"SecondHand","floor":15.0,"key":"SMITH"}],"circlet_count":0,"master_deck":["Strike_Br","Strike_Br","Strike_Br","Strike_Br","Defend_Br","Defend_Br","Defend_Br","Defend_Br","SecondHand+1","PatternShift","LockedTornado","Accruing+1","LockedBlood","BlueShift","HandsUpB+1","BlueShift","WatchCommand","Echonomics"],"relics":["Chronometer","Thread and Needle","Letter Opener","Omamori","Centennial Puzzle","White Beast Statue"],"acts_visited":["TheCity"],"potions_floor_usage":[],"damage_taken":[{"damage":2.0,"enemies":"Cultist","floor":1.0,"turns":5.0},{"damage":4.0,"enemies":"Jaw Worm","floor":3.0,"turns":7.0},{"damage":1.0,"enemies":"Small Slimes","floor":7.0,"turns":5.0},{"damage":10.0,"enemies":"3 Sentries","floor":8.0,"turns":14.0},{"damage":0.0,"enemies":"Lagavulin","floor":12.0,"turns":6.0},{"damage":17.0,"enemies":"HollowMod:FalseKnight","floor":16.0,"turns":14.0}],"seed_played":"3284206169140862757","potions_obtained":[{"floor":1.0,"key":"PowerPotion"},{"floor":3.0,"key":"FearPotion"}],"is_trial":false,"path_per_floor":["M","$","M","$","T","R","M","E","T","$","R","E","?","$","R","B",null],"character_chosen":"CHRONO_CLASS","items_purchased":["Accruing","HandsUpB","BlueShift"],"campfire_rested":0,"item_purchase_floors":[2,10,10],"current_hp_per_floor":[69,69,65,65,65,65,70,63,63,63,63,69,69,69,69,54,71,71],"gold":160,"neow_bonus":"TEN_PERCENT_HP_BONUS","is_daily":false,"chose_seed":false,"campfire_upgraded":3,"win_rate":0.0,"timestamp":1614272321,"path_taken":["M","?","?","$","?","R","M","E","T","?","R","E","?","$","R","BOSS"],"items_purchased_type":["Card","Card","Card"],"build_version":"2020-12-22","purchased_purges":0,"victory":false,"max_hp_per_floor":[71,71,71,71,71,71,71,71,71,71,71,71,71,71,71,71,71,71],"relic_stats":{"Centennial Puzzle":[0],"counters":[0,0],"Letter Opener":[0],"obtain_stats":[{"Centennial Puzzle":0,"Chronometer":0,"Thread and Needle":0,"Omamori":0,"Letter Opener":0,"White Beast Statue":17},{"Centennial Puzzle":0,"Chronometer":0,"Thread and Needle":0,"Omamori":0,"Letter Opener":0,"White Beast Statue":0},{"Centennial Puzzle":0,"Chronometer":0,"Thread and Needle":0,"Omamori":0,"Letter Opener":0,"White Beast Statue":0}]},"card_choices":[{"not_picked":["LockedScales","PrimeTime"],"picked":"LockedTornado","floor":1.0},{"not_picked":["BeatsPerMinute","PrimeTime"],"picked":"LockedBlood","floor":3.0},{"not_picked":["AlternateTimeline","Stagnate","LockedUrn"],"picked":"SKIP","floor":7.0},{"not_picked":["Backlash","ExoVibe"],"picked":"BlueShift","floor":8.0},{"not_picked":["BiteCommand","SlimeSpray"],"picked":"WatchCommand","floor":12.0},{"not_picked":["LockedBell","LockedAstrolabe"],"picked":"Echonomics","floor":16.0}],"player_experience":433583,"relics_obtained":[{"floor":5.0,"key":"Thread and Needle"},{"floor":8.0,"key":"Letter Opener"},{"floor":9.0,"key":"Omamori"},{"floor":12.0,"key":"Centennial Puzzle"}],"event_choices":[{"damage_healed":0.0,"max_hp_gain":0.0,"max_hp_loss":0.0,"gold_gain":0.0,"event_name":"NoteForYourself","player_choice":"Ignored","floor":13.0,"gold_loss":0.0,"damage_taken":0.0}],"is_beta":false,"boss_relics":[{"not_picked":["Snecko Eye","Cursed Key"],"picked":"White Beast Statue"}],"items_purged_floors":[],"is_endless":false,"potions_floor_spawned":[1,3],"ascension_level":0}}