{"host":"pqs17sqrgflf4eqa","time":1614263466,"event":{"mods":["AchievementEnabler","BaseMod","Bestiary","Better Altar","Better Match","Better Sensory Stone","Better Skull","Better Third Choice","BetterRewards","Block Reminder","Bossed Relics","Colored Map","Colored Powertips","Curses Come First","Dark Map","DeckTracker","Defective Defect","Displayed Cursed Tome","Emptier Cage","Googly Eyes","Highlight Path","Infinite Spire","Minty Spire (QoL Compilation)","Permanent Neow","Poor People Problems","Quick Restart","Replay The Spire","StSLib","SuperFastMode","Thieving Mod","Transform Curses","everything is the same but u backflip on backflip","slay the spire mod where everything is the same but ironclad has a cowboy hat"],"gold_per_floor":[112,128,93,146,146,171,171,171,171,188,198,224,243,47,47,148,148,160,180,180,180,192,192,33,63,413,413,426,460,470,486,486,589,589,599,623,633,31,51,51,0,14,37,56,56,56,56,84,84,186,186,193,193,205,215,229,229,257,257,257,282,232,62,62,89,89,180,180,207,207,240,242,242,242,266,271,271,271,221,131,137,141,141,233,233,250,277,315,537,574,574,634,634,634,647,655,641,34,34,34,112,112,128,78,75,75,84,84,80,92,131,143,152,171,12,1,1,0,27,20,29,29,26,33,33,33,33,33,33,33,32,63,66,66,36,36],"floor_reached":135,"language":"ENG","playtime":3254,"items_purged":["Overencumbered","Delirium","Normality","Decay","Clothesline","Flex","Delirium","Delirium","Shame","Parasite","ReplayTheSpireMod:Doomed","Languid"],"score":3449,"play_id":"6b7842ec-ab12-4c3c-a33c-2721f3b404a4","local_time":"20210225093106","is_ascension_mode":false,"campfire_choices":[{"data":"Inflame","floor":7,"key":"SMITH"},{"data":"1","floor":15,"key":"LIFT"},{"data":"ReplayTheSpireMod:Haul","floor":23,"key":"SMITH"},{"data":"2","floor":32,"key":"LIFT"},{"data":"3","floor":40,"key":"LIFT"},{"data":"Armaments","floor":46,"key":"SMITH"},{"data":"infinitespire:FinalStrike","floor":57,"key":"SMITH"},{"data":"Spot Weakness","floor":64,"key":"SMITH"},{"data":"Massacre","floor":66,"key":"SMITH"},{"data":"infinitespire:Gouge","floor":74,"key":"SMITH"},{"data":"Whirlwind","floor":78,"key":"SMITH"},{"data":"Shrug It Off","floor":91,"key":"SMITH"},{"data":"Bash","floor":108,"key":"SMITH"},{"data":"Twin Strike","floor":112,"key":"SMITH"},{"floor":117,"key":"DIG"},{"floor":125,"key":"REST"},{"floor":127,"key":"REST"},{"floor":130,"key":"REST"},{"data":"Strike_R+1","floor":134,"key":"SMITH"}],"circlet_count":0,"master_deck":["Strike_R+2","Strike_R+2","Strike_R+1","Defend_R+3","Defend_R","Defend_R+1","Bash+1","Twin Strike+1","Bludgeon+1","Shrug It Off+1","Necronomicurse","Inflame+1","Massacre+1","Impervious+1","Whirlwind+1","Perfected Strike+1","Barricade+1","Spot Weakness+1","Warcry+1","ReplayTheSpireMod:Haul+1","Bloodletting+1","Double Tap+1","Demon Form+1","Reaper+1","Armaments+1","Limit Break+1","Berserk+1","Havoc+1","Pommel Strike+1","infinitespire:FinalStrike+1","ReplayTheSpireMod:IOU","Immolate+1","infinitespire:Gouge+1","Feed+1","Limit Break+1","Limit Break+1","Writhe","Shrug It Off+1","Corruption+1","infinitespire:Fortify+1","Shame","Writhe","Languid","ReplayTheSpireMod:Splinters","The Bomb+1"],"relics":["Burning Blood","Tiny Chest","Replay:WaspNest","ChewingGum","Anchor","Velvet Choker","Matryoshka","Question Card","Ring of Misfortune","Necronomicon","Girya","Another Sword","Replay:Rubber Ducky","StrikeDummy","Smiling Mask","Golden Egg","Bronze Scales","Centennial Puzzle","Guide Book","Tiny House","ReplayTheSpireMod:Ring of Challenge","ReplayTheSpireMod:Ring of Collecting","Ice Cream","Omamori","Ring of Greed","Old Coin","The Courier","Iron Hammer","Bloody Idol","Blood Vial","infinitespire:Broken Mirror","Ooze Armor","infinitespire:PuzzleCube","Ring of Searing","Blue Doll","InkBottle","infinitespire:Lychee Nut","Red Mask","ReplayTheSpireMod:Ring of Exchange","Akabeko","Replay:Baseball","infinitespire:Eraser","Chemical X","Torii","Ring of Panic","Ancient Tea Set","Pen Nib","ReplayTheSpireMod:Ring of Addiction","White Beast Statue","Toy Ornithopter","Simple Rune","ReplayTheSpireMod:Lightbulb","Black Star","Darkstone Periapt","Ring of Hypnosis","Toxic Egg 2","infinitespire:Lucky Rock","Happy Flower","Ring of Peace","Meat on the Bone","infinitespire:EvilPickle","Kintsugi","Ginger","Mummified Hand","Bag of Preparation","Ring of Fury","Whetstone","Red Skull","Du-Vu Doll","Replay:Wax Seal","PreservedInsect","Letter Opener","Shuriken","Gremlin Food","Busted Crown","SacredBark","Garlic","Strawberry","MawBank","Golden Idol","CeramicFish","King of Hearts","CaptainsWheel","Pet Ghost","Bottled Tornado","Replay:Ancient Bell","Bag of Marbles","Blue Candle","Charon\u0027s Ashes","ReplayTheSpireMod:ShopPack","Art of War","Molten Egg 2","ReplayTheSpireMod:Spearhead","infinitespire:CheckeredPen"],"acts_visited":["Exordium","TheCity","TheBeyond","Exordium","TheCity","TheBeyond","Exordium","TheCity"],"potions_floor_usage":[12,16,25,50,65,69,72,75,81,84,87,92,95,103,105,109,113,118,124],"damage_taken":[{"damage":0,"enemies":"Small Slimes","floor":1,"turns":2},{"damage":0,"enemies":"2 Louse","floor":2,"turns":1},{"damage":0,"enemies":"Replay:BlueRogue","floor":6,"turns":2},{"damage":0,"enemies":"Jaw Worm","floor":10,"turns":1},{"damage":0,"enemies":"Large Slime","floor":11,"turns":2},{"damage":0,"enemies":"Lagavulin","floor":12,"turns":2},{"damage":0,"enemies":"2 Fungi Beasts","floor":13,"turns":2},{"damage":0,"enemies":"Fading Forest","floor":16,"turns":11},{"damage":0,"enemies":"Shell Parasite","floor":18,"turns":2},{"damage":0,"enemies":"Spheric Guardian","floor":19,"turns":1},{"damage":0,"enemies":"3 Cultists","floor":22,"turns":3},{"damage":4,"enemies":"Gremlin Leader","floor":25,"turns":3},{"damage":0,"enemies":"Snake Plant","floor":28,"turns":1},{"damage":19,"enemies":"Nightmare","floor":29,"turns":4},{"damage":0,"enemies":"Centurion and Healer","floor":30,"turns":2},{"damage":0,"enemies":"3 Cultists","floor":31,"turns":3},{"damage":3,"enemies":"Champ","floor":33,"turns":7},{"damage":1,"enemies":"3 Shapes","floor":35,"turns":2},{"damage":0,"enemies":"Orb Walker","floor":37,"turns":1},{"damage":25,"enemies":"Jaw Worm Horde","floor":39,"turns":3},{"damage":2,"enemies":"Spire Growth","floor":42,"turns":2},{"damage":2,"enemies":"4 Shapes","floor":44,"turns":2},{"damage":10,"enemies":"Giant Head","floor":48,"turns":3},{"damage":33,"enemies":"Replay:Hell Engine","floor":50,"turns":3},{"damage":0,"enemies":"Cultist","floor":52,"turns":1},{"damage":6,"enemies":"Jaw Worm","floor":54,"turns":2},{"damage":0,"enemies":"Small Slimes","floor":55,"turns":1},{"damage":2,"enemies":"2 Fungi Beasts","floor":56,"turns":2},{"damage":0,"enemies":"Gremlin Gang","floor":58,"turns":1},{"damage":0,"enemies":"3 Sentries","floor":65,"turns":1},{"damage":0,"enemies":"Slime Boss","floor":67,"turns":2},{"damage":16,"enemies":"2 Thieves","floor":69,"turns":1},{"damage":0,"enemies":"3 Byrds","floor":71,"turns":1},{"damage":2,"enemies":"Snecko","floor":72,"turns":2},{"damage":5,"enemies":"Gremlin Leader","floor":75,"turns":2},{"damage":5,"enemies":"Sentry and Sphere","floor":76,"turns":2},{"damage":0,"enemies":"Shelled Parasite and Fungi","floor":81,"turns":1},{"damage":0,"enemies":"Cultist and Chosen","floor":82,"turns":2},{"damage":7,"enemies":"Pondfish","floor":84,"turns":3},{"damage":3,"enemies":"3 Shapes","floor":86,"turns":2},{"damage":0,"enemies":"Orb Walker","floor":87,"turns":1},{"damage":0,"enemies":"Mind Bloom Boss Battle","floor":88,"turns":2},{"damage":14,"enemies":"3 Darklings","floor":90,"turns":3},{"damage":0,"enemies":"Nightmare","floor":92,"turns":2},{"damage":0,"enemies":"Maw","floor":95,"turns":1},{"damage":5,"enemies":"2 Orb Walkers","floor":96,"turns":2},{"damage":0,"enemies":"Transient","floor":97,"turns":3},{"damage":13,"enemies":"Time Eater","floor":101,"turns":3},{"damage":0,"enemies":"Jaw Worm","floor":103,"turns":1},{"damage":0,"enemies":"Small Slimes","floor":105,"turns":1},{"damage":0,"enemies":"Cultist","floor":107,"turns":1},{"damage":0,"enemies":"Lagavulin","floor":109,"turns":1},{"damage":0,"enemies":"Gremlin Nob","floor":113,"turns":1},{"damage":0,"enemies":"Looter","floor":114,"turns":1},{"damage":0,"enemies":"Lots of Slimes","floor":116,"turns":2},{"damage":1,"enemies":"Slime Boss","floor":118,"turns":2},{"damage":0,"enemies":"3 Byrds","floor":120,"turns":2},{"damage":0,"enemies":"Shell Parasite","floor":123,"turns":1},{"damage":0,"enemies":"Cultist and Chosen","floor":124,"turns":2},{"damage":0,"enemies":"Snake Plant","floor":131,"turns":1},{"damage":28,"enemies":"Nightmare_Alpha","floor":132,"turns":3},{"damage":0,"enemies":"Chosen and Byrds","floor":133,"turns":1},{"damage":214,"enemies":"infinitespire:LordOfFortification","floor":135,"turns":5}],"seed_played":"8553041548039727364","potions_obtained":[{"floor":1,"key":"FearPotion"},{"floor":2,"key":"GamblersBrew"},{"floor":4,"key":"SteroidPotion"},{"floor":12,"key":"SneckoOil"},{"floor":19,"key":"AttackPotion"},{"floor":30,"key":"ColorlessPotion"},{"floor":50,"key":"BlessingOfTheForge"},{"floor":58,"key":"SteroidPotion"},{"floor":61,"key":"BloodPotion"},{"floor":65,"key":"Energy Potion"},{"floor":69,"key":"Dexterity Potion"},{"floor":71,"key":"SteroidPotion"},{"floor":72,"key":"Energy Potion"},{"floor":75,"key":"Languid Potion"},{"floor":81,"key":"Doom Potion"},{"floor":82,"key":"Adrenaline Potion"},{"floor":84,"key":"SkillPotion"},{"floor":87,"key":"Languid Potion"},{"floor":92,"key":"Adrenaline Potion"},{"floor":96,"key":"CultistPotion"},{"floor":103,"key":"Languid Potion"},{"floor":105,"key":"Regen Potion"},{"floor":109,"key":"AttackPotion"},{"floor":113,"key":"Weak Potion"},{"floor":120,"key":"Weak Potion"},{"floor":124,"key":"Block Potion"}],"is_trial":false,"path_per_floor":["M","M","?","?","?","E","R","T","T","M","M","E","M","$","R_BF","B",null,"M","M","?","AVR","M","R","$","E","T","?","M","NM","M","M","R","B",null,"M","T","M","$","M","R","?","M","T","M","?","R","AVR","E","R_BF","B",null,"M","AVR","M","M","M","R","M","?","T","T","?","$","R","E","R","B",null,"M","?","M","M","T","R","E","M","T","R","$","?","M","M","R_BF","B",null,"M","M","?","?","M","R","NM","T","T","M","?","M","$","AVR","R_BF","B",null,"M","$","M","T","M","R","E","?","T","R","E","M","$","M","R_BF","B",null,"M","AVR","?","M","M","R","T","R","T","?","R","M","NM","M","R","B"],"character_chosen":"IRONCLAD","items_purchased":["Tiny Chest","Replay:WaspNest","Flex","Perfected Strike+1","Guide Book","Double Tap","Blue Doll","InkBottle","infinitespire:Lychee Nut","Simple Rune","Replay:Wax Seal","PreservedInsect","Letter Opener","Shuriken","Pet Ghost"],"campfire_rested":3,"item_purchase_floors":[0,0,0,14,14,24,38,38,38,63,98,98,98,98,115],"current_hp_per_floor":[34,40,58,28,13,25,25,25,25,37,43,49,55,55,55,75,75,75,75,75,75,75,75,75,75,75,17,30,30,49,62,62,75,75,75,75,75,56,44,44,44,56,56,56,53,53,53,53,40,31,53,53,53,53,53,53,53,53,53,53,53,53,53,53,51,51,51,51,49,49,55,55,55,55,55,55,55,55,53,53,53,53,53,53,65,71,71,71,77,83,81,81,81,81,81,81,81,81,79,61,85,83,83,80,80,80,80,80,85,79,79,79,77,83,83,87,85,85,103,107,107,105,105,109,109,109,109,107,107,107,105,90,103,103,0,0],"gold":36,"neow_bonus":"","is_daily":false,"chose_seed":false,"campfire_upgraded":12,"win_rate":0.0,"timestamp":1614263466,"path_taken":["M","M","?","?","?","E","R","?","T","M","?","E","M","$","R_BF","BOSS","M","M","?","AVR","M","R","$","E","T","?","M","NM","M","M","R","BOSS","M","?","M","$","M","R","?","M","T","M","?","R","AVR","E","R_BF","BOSS","M","AVR","M","M","M","R","M","?","T","?","?","$","R","E","R","BOSS","M","?","?","M","?","R","E","M","T","R","$","?","M","M","R_BF","BOSS","M","M","?","?","M","R","NM","?","T","M","?","M","?","AVR","R_BF","BOSS","M","?","M","?","M","R","E","?","T","R","E","M","$","M","R_BF","BOSS","M","AVR","?","?","M","R","?","R","T","?","R","M","NM","?","R","BOSS"],"items_purchased_type":["Relic","Relic","Card","Card","Relic","Card","Relic","Relic","Relic","Relic","Relic","Relic","Relic","Relic","Relic"],"build_version":"2020-12-22","purchased_purges":12,"victory":false,"max_hp_per_floor":[75,75,75,75,75,75,75,75,75,75,75,75,75,75,75,75,75,75,75,75,75,75,75,75,75,75,75,75,75,75,75,75,75,75,75,75,75,56,56,56,56,56,56,56,53,53,53,53,53,53,53,53,53,53,53,53,53,53,53,53,53,53,53,53,51,51,51,51,49,49,55,55,55,55,55,55,55,55,53,53,53,53,53,53,65,71,71,71,77,83,81,81,81,81,81,81,81,81,79,79,85,83,83,80,80,80,80,80,85,79,79,79,77,83,83,87,85,85,103,107,107,105,105,109,109,109,109,107,107,107,105,105,105,103,103,103],"card_choices":[{"not_picked":["Cleave","Perfected Strike","Disarm"],"picked":"Inflame","floor":1},{"not_picked":["Seeing Red","Iron Wave","Anger"],"picked":"Massacre","floor":2},{"not_picked":["Heavy Blade","Evolve","Replay:Undeath\u0027s Touch"],"picked":"Impervious","floor":4},{"not_picked":["ReplayTheSpireMod:LeadingStrike","Clash","ReplayTheSpireMod:Strike From Hell"],"picked":"Cleave","floor":4},{"not_picked":["Run Through","Juggernaut","Searing Blow","Wild Strike"],"picked":"SKIP","floor":6},{"not_picked":["Bloodletting","Havoc","Headbutt"],"picked":"Whirlwind","floor":10},{"not_picked":["Warcry","Havoc","True Grit","Body Slam"],"picked":"SKIP","floor":11},{"not_picked":["Warcry","ReplayTheSpireMod:Corrosion Curse","Replay:Undeath\u0027s Touch","Juggernaut"],"picked":"SKIP","floor":12},{"not_picked":["Headbutt","ReplayReversal","Perfected Strike"],"picked":"Sword Boomerang","floor":13},{"not_picked":["Fiend Fire","Brutality","Double Tap"],"picked":"Barricade","floor":16},{"not_picked":["Anger","Inflame","Feel No Pain"],"picked":"Spot Weakness","floor":18},{"not_picked":["Twin Strike+1","Sentinel","Pommel Strike"],"picked":"Warcry+1","floor":19},{"not_picked":["Body Slam","Inflame","Perfected Strike"],"picked":"Bloodletting+1","floor":22},{"not_picked":["Bloodletting+1","Evolve","Headbutt"],"picked":"Demon Form","floor":25},{"not_picked":["Bloodletting","Body Slam+1","Cleave","Flex"],"picked":"SKIP","floor":28},{"not_picked":["Bloodletting","Body Slam+1","Cleave","Flex"],"picked":"SKIP","floor":28},{"not_picked":["Battle Trance","Burning Pact","Thunderclap"],"picked":"Reaper","floor":29},{"not_picked":["ReplayTheSpireMod:LeadingStrike+1","Clothesline","Twin Strike+1"],"picked":"Armaments","floor":30},{"not_picked":["Burning Pact","Clash","Cleave","Searing Blow"],"picked":"SKIP","floor":31},{"not_picked":["Feed","Immolate","Replay:Many Hands"],"picked":"Limit Break","floor":33},{"not_picked":["Wild Strike+1","Run Through","Cleave","Searing Blow+1"],"picked":"SKIP","floor":35},{"not_picked":["Whirlwind","Havoc","ReplayTheSpireMod:Limb From Limb+1","Armaments"],"picked":"SKIP","floor":37},{"not_picked":["Cleave+1","Flex","Run Through"],"picked":"Berserk","floor":39},{"not_picked":["Sever Soul+1","Thunderclap+1","Replay:Undeath\u0027s Touch+1"],"picked":"Havoc+1","floor":42},{"not_picked":["Pommel Strike","Burning Pact","Metallicize+1","Body Slam"],"picked":"SKIP","floor":44},{"not_picked":["Combust+1","Warcry","True Grit"],"picked":"Pommel Strike+1","floor":48},{"not_picked":["ReplayTheSpireMod:Echoes of Time","infinitespire:SevenWalls"],"picked":"infinitespire:FinalStrike","floor":49},{"not_picked":["Corruption","Replay:Many Hands","Juggernaut"],"picked":"Immolate","floor":50},{"not_picked":["Sword Boomerang","Cleave","Replay:Undeath\u0027s Touch","Seeing Red"],"picked":"SKIP","floor":52},{"not_picked":["Perfected Strike","Pummel","Wild Strike","Dual Wield"],"picked":"SKIP","floor":54},{"not_picked":["Massacre","Twin Strike","Demonic Infusion","Thunderclap"],"picked":"SKIP","floor":55},{"not_picked":["Clash","Run Through","Armaments","Perfected Strike"],"picked":"SKIP","floor":56},{"not_picked":["ReplayTheSpireMod:Muscle Training","Exhume","Body Slam","Shrug It Off"],"picked":"SKIP","floor":58},{"not_picked":["Clothesline","Infernal Blade","Evolve","Dark Embrace"],"picked":"SKIP","floor":65},{"not_picked":["Replay:Fractal Strike","infinitespire:FinalStrike"],"picked":"infinitespire:Gouge","floor":67},{"not_picked":["Evolve","Twin Strike+1","ReplayTheSpireMod:Corrosion Curse","Disarm"],"picked":"SKIP","floor":69},{"not_picked":["Infernal Blade","True Grit","Wild Strike","Havoc"],"picked":"SKIP","floor":71},{"not_picked":["Wild Strike","Run Through+1","True Grit","Heavy Blade"],"picked":"SKIP","floor":72},{"not_picked":["Infernal Blade+1","Flex+1","ReplayTheSpireMod:Muscle Training+1"],"picked":"Feed","floor":75},{"not_picked":["Havoc+1","Run Through+1","Second Wind+1"],"picked":"Twin Strike","floor":76},{"not_picked":["Evolve","Armaments+1","Replay:Undeath\u0027s Touch","Flex+1"],"picked":"SKIP","floor":81},{"not_picked":["Thunderclap+1","Combust","Life Link","Second Wind+1"],"picked":"SKIP","floor":82},{"not_picked":["Replay:Many Hands+1","Brutality","Eclipse+1"],"picked":"Limit Break+1","floor":84},{"not_picked":["Armaments+1","Cleave","Clothesline+1","Run Through+1"],"picked":"SKIP","floor":86},{"not_picked":["ReplayTheSpireMod:Strike From Hell","infinitespire:OneForAll+1","Body Slam+1"],"picked":"Shrug It Off+1","floor":87},{"not_picked":["Uppercut+1","Havoc+1","Hemokinesis","Blood for Blood"],"picked":"SKIP","floor":90},{"not_picked":["Bludgeon","Carnage+1","Sword Boomerang+1","Dark Embrace"],"picked":"SKIP","floor":92},{"not_picked":["Twin Strike+1","Thunderclap+1","Run Through","Shrug It Off+1"],"picked":"SKIP","floor":95},{"not_picked":["Clash+1","Replay:Undeath\u0027s Touch","Second Wind+1"],"picked":"Corruption","floor":96},{"not_picked":["Rampage","Disarm+1","Sever Soul","Perfected Strike+1"],"picked":"SKIP","floor":97},{"not_picked":["Replay:Fractal Strike","infinitespire:SevenWalls"],"picked":"infinitespire:Fortify","floor":100},{"not_picked":["Shockwave+1","ReplayTheSpireMod:Strike From Hell"],"picked":"SKIP","floor":103},{"not_picked":["Hemokinesis","Wild Strike"],"picked":"SKIP","floor":105},{"not_picked":["ReplayTheSpireMod:Strike From Hell","Sword Boomerang"],"picked":"SKIP","floor":107},{"not_picked":["Spot Weakness+1","Combust"],"picked":"SKIP","floor":109},{"not_picked":["Ghostly Armor+1","Second Wind+1"],"picked":"SKIP","floor":113},{"not_picked":["Reckless Charge","Power Through+1"],"picked":"SKIP","floor":114},{"not_picked":["Thunderclap","Reaper"],"picked":"SKIP","floor":116},{"not_picked":["Parasite"],"picked":"Writhe","floor":119},{"not_picked":["Normality"],"picked":"Languid","floor":119},{"not_picked":["infinitespire:Pacifist"],"picked":"ReplayTheSpireMod:Splinters","floor":119},{"not_picked":["Metallicize+1","Searing Blow"],"picked":"SKIP","floor":120},{"not_picked":["Sadistic Nature"],"picked":"The Bomb","floor":121},{"not_picked":["Cleave","Thunderclap+1"],"picked":"SKIP","floor":123},{"not_picked":["Eclipse+1","Sword Boomerang+1"],"picked":"SKIP","floor":124},{"not_picked":["ReplayTheSpireMod:Muscle Training+1","Clash+1"],"picked":"SKIP","floor":131},{"not_picked":["Thunderclap+1","Perfected Strike+1"],"picked":"SKIP","floor":132},{"not_picked":["Abandon+1","Pummel+1"],"picked":"SKIP","floor":133}],"player_experience":173691,"relics_obtained":[{"floor":4,"key":"Another Sword"},{"floor":4,"key":"Replay:Rubber Ducky"},{"floor":6,"key":"StrikeDummy"},{"floor":8,"key":"Smiling Mask"},{"floor":8,"key":"Golden Egg"},{"floor":9,"key":"Bronze Scales"},{"floor":12,"key":"Centennial Puzzle"},{"floor":20,"key":"ReplayTheSpireMod:Ring of Challenge"},{"floor":20,"key":"ReplayTheSpireMod:Ring of Collecting"},{"floor":25,"key":"Omamori"},{"floor":26,"key":"Ring of Greed"},{"floor":26,"key":"Old Coin"},{"floor":26,"key":"The Courier"},{"floor":26,"key":"Iron Hammer"},{"floor":29,"key":"infinitespire:Broken Mirror"},{"floor":36,"key":"infinitespire:PuzzleCube"},{"floor":36,"key":"Ring of Searing"},{"floor":43,"key":"ReplayTheSpireMod:Ring of Exchange"},{"floor":43,"key":"Akabeko"},{"floor":48,"key":"infinitespire:Eraser"},{"floor":60,"key":"Ring of Panic"},{"floor":60,"key":"Ancient Tea Set"},{"floor":61,"key":"Pen Nib"},{"floor":61,"key":"ReplayTheSpireMod:Ring of Addiction"},{"floor":61,"key":"White Beast Statue"},{"floor":61,"key":"Toy Ornithopter"},{"floor":65,"key":"ReplayTheSpireMod:Lightbulb"},{"floor":73,"key":"Ring of Hypnosis"},{"floor":73,"key":"Toxic Egg 2"},{"floor":75,"key":"infinitespire:Lucky Rock"},{"floor":75,"key":"Happy Flower"},{"floor":77,"key":"Ring of Peace"},{"floor":77,"key":"Meat on the Bone"},{"floor":88,"key":"Ginger"},{"floor":92,"key":"Mummified Hand"},{"floor":92,"key":"Bag of Preparation"},{"floor":93,"key":"Ring of Fury"},{"floor":93,"key":"Whetstone"},{"floor":94,"key":"Red Skull"},{"floor":96,"key":"Du-Vu Doll"},{"floor":106,"key":"Garlic"},{"floor":109,"key":"Strawberry"},{"floor":109,"key":"MawBank"},{"floor":111,"key":"CeramicFish"},{"floor":113,"key":"King of Hearts"},{"floor":113,"key":"CaptainsWheel"},{"floor":117,"key":"Bottled Tornado"},{"floor":126,"key":"Art of War"},{"floor":128,"key":"Molten Egg 2"},{"floor":132,"key":"ReplayTheSpireMod:Spearhead"},{"floor":132,"key":"infinitespire:CheckeredPen"}],"event_choices":[{"damage_healed":18,"gold_gain":0,"player_choice":"Healed","damage_taken":0,"max_hp_gain":0,"max_hp_loss":0,"event_name":"The Cleric","floor":3,"gold_loss":35},{"damage_healed":28,"gold_gain":0,"player_choice":"Upgrade","damage_taken":15,"max_hp_gain":0,"max_hp_loss":75,"event_name":"betterThird:BetterShining","floor":5,"gold_loss":0,"cards_upgraded":["Defend_R","Bandage Up"]},{"damage_healed":0,"gold_gain":0,"player_choice":" Idol Vial ","damage_taken":58,"relics_obtained":["Bloody Idol","Blood Vial"],"max_hp_gain":75,"max_hp_loss":17,"event_name":"betterAltar:BetterAltar","floor":27,"potions_obtained":[],"relics_lost":[],"gold_loss":0},{"damage_healed":0,"gold_gain":0,"player_choice":"Paid","damage_taken":0,"relics_obtained":["Red Mask"],"max_hp_gain":0,"max_hp_loss":0,"event_name":"Tomb of Lord Red Mask","floor":41,"gold_loss":51},{"damage_healed":0,"gold_gain":0,"player_choice":"Max HP","damage_taken":0,"max_hp_gain":0,"max_hp_loss":3,"event_name":"Winding Halls","floor":45,"gold_loss":0},{"damage_healed":0,"gold_gain":4,"player_choice":"1","damage_taken":0,"max_hp_gain":0,"max_hp_loss":0,"event_name":"betterStone:BetterStone","floor":59,"gold_loss":0},{"cards_removed":["Cleave"],"damage_healed":0,"gold_gain":0,"player_choice":"Card Removal","damage_taken":0,"max_hp_gain":0,"max_hp_loss":0,"event_name":"The Cleric","floor":62,"gold_loss":50},{"damage_healed":0,"gold_gain":0,"player_choice":"Gave Potion","damage_taken":0,"relics_obtained":["Darkstone Periapt"],"max_hp_gain":0,"max_hp_loss":0,"event_name":"WeMeetAgain","floor":70,"gold_loss":0},{"cards_removed":["Overencumbered"],"damage_healed":0,"gold_gain":0,"player_choice":"Upgrade and Remove","damage_taken":0,"max_hp_gain":0,"max_hp_loss":0,"event_name":"Designer","floor":80,"gold_loss":90,"cards_upgraded":["Sword Boomerang"]},{"damage_healed":0,"gold_gain":0,"player_choice":"Copied","damage_taken":0,"max_hp_gain":0,"max_hp_loss":0,"event_name":"Duplicator","floor":83,"gold_loss":0,"cards_obtained":["Limit Break"]},{"damage_healed":0,"gold_gain":0,"player_choice":"Fight","damage_taken":0,"max_hp_gain":0,"max_hp_loss":0,"event_name":"MindBloom","floor":88,"gold_loss":0},{"damage_healed":0,"gold_gain":222,"player_choice":"Wore Mask","damage_taken":0,"max_hp_gain":0,"max_hp_loss":0,"event_name":"Tomb of Lord Red Mask","floor":89,"gold_loss":0},{"damage_healed":0,"gold_gain":0,"player_choice":"Fight","damage_taken":0,"max_hp_gain":0,"max_hp_loss":0,"event_name":"Mysterious Sphere","floor":96,"gold_loss":0},{"damage_healed":0,"gold_gain":0,"player_choice":"Lose Max HP","damage_taken":0,"relics_obtained":["Golden Idol"],"max_hp_gain":0,"max_hp_loss":6,"event_name":"Golden Idol","floor":110,"gold_loss":0},{"damage_healed":0,"gold_gain":0,"player_choice":"Ignored","damage_taken":0,"max_hp_gain":0,"max_hp_loss":0,"event_name":"Duplicator","floor":122,"gold_loss":0},{"damage_healed":0,"gold_gain":0,"player_choice":"Full Heal","damage_taken":0,"max_hp_gain":0,"max_hp_loss":0,"event_name":"Wheel of Change","floor":129,"gold_loss":0}],"is_beta":false,"boss_relics":[{"not_picked":["Ectoplasm","Electric Blood"],"picked":"Tiny House"},{"not_picked":["Calling Bell","Runic Cube"],"picked":"Ooze Armor"},{"not_picked":["Cursed Key","Busted Crown"],"picked":"Chemical X"},{"not_picked":["Replay:Grab Bag","Abe\u0027s Treasure"],"picked":"Black Star"},{"not_picked":["Snecko Eye","Pandora\u0027s Box"],"picked":"Kintsugi"},{"not_picked":["Cursed Key","Painkiller Herb"],"picked":"SacredBark"},{"not_picked":["Calling Bell","Pandora\u0027s Box"],"picked":"Replay:Ancient Bell"},{"not_picked":["Potion Belt","infinitespire:Satchel"],"picked":"Bag of Marbles"},{"not_picked":["Sundial","Mercury Hourglass"],"picked":"Blue Candle"},{"not_picked":["Replay:Kaleidoscope","Replay:Towering Pillar of Hats"],"picked":"Charon\u0027s Ashes"}],"items_purged_floors":[0,21,38,47,53,63,79,98,99,104,115,121],"is_endless":true,"potions_floor_spawned":[1,2,12,19,22,30,37,39,50,52,55,58,65,67,69,71,72,75,76,81,82,84,86,87,88,90,92,95,96,97,101,103,105,107,109,113,114,116,118,120,123,124,131,132,133],"killed_by":"infinitespire:LordOfFortification","ascension_level":0}}