{"host":"8is2j71l4wmybkoi","time":1614255297,"event":{"mods":["AchievementEnabler","BaseMod","Colored Map","DeckTracker","Minty Spire (QoL Compilation)","Rare Cards Sparkle","Relic Stats","StSLib","SuperFastMode"],"gold_per_floor":[113,113,38,188,188,188,223,148,148,148,177,9,48,32,32,116,116,139,168,168,198,230,230,230,230],"floor_reached":24,"language":"KOR","playtime":660,"items_purged":["Strike_B","Strike_B"],"score":422,"play_id":"33fbb858-0767-493c-af23-1b6f5a320af9","local_time":"20210225211457","is_ascension_mode":true,"campfire_choices":[{"data":"Zap","floor":6,"key":"SMITH"},{"floor":15,"key":"REST"},{"floor":23,"key":"REST"}],"circlet_count":0,"master_deck":["AscendersBane","Strike_B+1","Defend_B","Defend_B","Defend_B+1","Zap+1","Dualcast","FTL","Self Repair","Gash","Lockon","Defragment","Capacitor","Gash","Electrodynamics","White Noise+1","Sweeping Beam+1","Gash","Buffer","Double Energy","Gash","Stack"],"relics":["Cracked Core","Prayer Wheel","CeramicFish","Ancient Tea Set","Fusion Hammer","Nloth\u0027s Gift"],"acts_visited":["Exordium","TheCity"],"potions_floor_usage":[16,19,21,24],"damage_taken":[{"damage":0,"enemies":"Cultist","floor":1,"turns":1},{"damage":0,"enemies":"Gremlin Nob","floor":7,"turns":1},{"damage":0,"enemies":"Small Slimes","floor":11,"turns":1},{"damage":29,"enemies":"3 Sentries","floor":13,"turns":7},{"damage":20,"enemies":"The Guardian","floor":16,"turns":8},{"damage":0,"enemies":"Spheric Guardian","floor":18,"turns":3},{"damage":20,"enemies":"3 Byrds","floor":19,"turns":3},{"damage":20,"enemies":"Snecko","floor":21,"turns":5},{"damage":15,"enemies":"Centurion and Healer","floor":22,"turns":6},{"damage":59,"enemies":"Book of Stabbing","floor":24,"turns":5}],"seed_played":"910232001856281063","potions_obtained":[{"floor":7,"key":"FocusPotion"},{"floor":13,"key":"Explosive Potion"},{"floor":19,"key":"SkillPotion"},{"floor":22,"key":"Dexterity Potion"}],"is_trial":false,"path_per_floor":["M","?","$","?","?","R","E","?","T","?","M","$","E","$","R","B",null,"M","M","?","M","M","R","E"],"character_chosen":"DEFECT","items_purchased":["Defragment","Gash"],"campfire_rested":2,"item_purchase_floors":[12,14],"current_hp_per_floor":[64,43,43,43,43,43,43,43,43,36,36,36,14,14,35,22,59,66,53,53,40,32,53,0,0],"gold":230,"neow_bonus":"THREE_ENEMY_KILL","is_daily":false,"chose_seed":false,"campfire_upgraded":1,"win_rate":0.0,"timestamp":1614255297,"path_taken":["M","?","$","?","?","R","E","?","T","?","?","$","E","$","R","BOSS","M","M","?","M","?","R","E"],"items_purchased_type":["Card","Card"],"build_version":"2020-12-22","purchased_purges":2,"victory":false,"max_hp_per_floor":[71,71,71,71,71,71,71,71,71,71,71,71,71,71,71,71,71,71,71,71,71,71,71,71,71],"relic_stats":{"counters":[10,40],"CeramicFish":117,"Prayer Wheel":5,"Nloth\u0027s Gift":1,"obtain_stats":[{"NeowsBlessing":0,"CeramicFish":9,"Prayer Wheel":7,"Fusion Hammer":17,"Nloth\u0027s Gift":20,"Cracked Core":0,"Ancient Tea Set":13},{"NeowsBlessing":0,"CeramicFish":2,"Prayer Wheel":2,"Fusion Hammer":5,"Nloth\u0027s Gift":7,"Cracked Core":0,"Ancient Tea Set":4},{"NeowsBlessing":0,"CeramicFish":2,"Prayer Wheel":2,"Fusion Hammer":18,"Nloth\u0027s Gift":24,"Cracked Core":0,"Ancient Tea Set":10}]},"card_choices":[{"not_picked":["Coolheaded","Heatsinks"],"picked":"FTL","floor":1},{"not_picked":["Gash","Hello World"],"picked":"Self Repair","floor":7},{"not_picked":["Sweeping Beam","Beam Cell"],"picked":"Gash","floor":11},{"not_picked":["Sweeping Beam","Rip and Tear"],"picked":"Lockon","floor":11},{"not_picked":["Cold Snap","Rebound"],"picked":"Capacitor","floor":13},{"not_picked":["Hyperbeam","Buffer"],"picked":"Electrodynamics","floor":16},{"not_picked":["Barrage","Stack"],"picked":"White Noise+1","floor":18},{"not_picked":["Hologram","Go for the Eyes","Leap"],"picked":"SKIP","floor":18},{"not_picked":["Hello World","Ball Lightning"],"picked":"Sweeping Beam+1","floor":19},{"not_picked":["Coolheaded","Compile Driver"],"picked":"Gash","floor":19},{"not_picked":["Beam Cell","Tempest"],"picked":"Buffer","floor":21},{"not_picked":["Go for the Eyes","Compile Driver"],"picked":"Double Energy","floor":21},{"not_picked":["Streamline","Static Discharge"],"picked":"Gash","floor":22},{"not_picked":["Machine Learning","Beam Cell"],"picked":"Stack","floor":22}],"player_experience":1336739,"relics_obtained":[{"floor":7,"key":"Prayer Wheel"},{"floor":9,"key":"CeramicFish"},{"floor":13,"key":"Ancient Tea Set"}],"event_choices":[{"damage_healed":0,"gold_gain":0,"player_choice":"Entered Light","damage_taken":21,"max_hp_gain":0,"max_hp_loss":0,"event_name":"Shining Light","floor":2,"gold_loss":0,"cards_upgraded":["Strike_B","Defend_B"]},{"damage_healed":0,"gold_gain":150,"player_choice":"AGREE","damage_taken":0,"max_hp_gain":0,"max_hp_loss":0,"event_name":"Liars Game","floor":4,"gold_loss":0,"cards_obtained":["Doubt"]},{"cards_removed":["Doubt"],"damage_healed":0,"gold_gain":0,"player_choice":"Forget","damage_taken":0,"max_hp_gain":0,"max_hp_loss":0,"event_name":"Living Wall","floor":5,"gold_loss":0},{"cards_removed":["Strike_B"],"damage_healed":0,"gold_gain":0,"player_choice":"Card Removal","damage_taken":0,"max_hp_gain":0,"max_hp_loss":0,"event_name":"The Cleric","floor":8,"gold_loss":75},{"cards_removed":["Defend_B"],"damage_healed":0,"gold_gain":0,"player_choice":"Card Removal","damage_taken":7,"max_hp_gain":0,"max_hp_loss":0,"event_name":"Golden Wing","floor":10,"gold_loss":0},{"damage_healed":0,"gold_gain":0,"player_choice":"Traded Relic","damage_taken":0,"relics_obtained":["Nloth\u0027s Gift"],"max_hp_gain":0,"max_hp_loss":0,"event_name":"N\u0027loth","floor":20,"relics_lost":["NeowsBlessing"],"gold_loss":0}],"is_beta":false,"boss_relics":[{"not_picked":["Tiny House","Busted Crown"],"picked":"Fusion Hammer"}],"items_purged_floors":[3,12],"is_endless":false,"potions_floor_spawned":[7,13,19,22],"killed_by":"Book of Stabbing","ascension_level":15}}