{"host":"h7dgy2mp13cbhzus","time":1614229692,"event":{"mods":["Act Like it!","BaseMod","GifTheSpireLib","Minty Spire (QoL Compilation)","Relic Stats","StSLib"],"gold_per_floor":[110,121,139,139,151,185,185,201,281,314,314,329,349,382,382,457,457,477,510,510,510,510,510,539,557,557,293,293,326,326,49,49,124,124,144,162,162,162,162,196,196,224,224,224,224,234,259,153,153,153,153,153,48,74,74],"floor_reached":56,"language":"ENG","playtime":2993,"items_purged":["Strike_R"],"score":2179,"play_id":"e1674142-10c6-4dba-9256-079509e63723","local_time":"20210224230812","is_ascension_mode":true,"campfire_choices":[{"floor":7.0,"key":"REST"},{"floor":15.0,"key":"REST"},{"floor":23.0,"key":"REST"},{"data":"Demon Form","floor":28.0,"key":"SMITH"},{"data":"Fiend Fire","floor":30.0,"key":"SMITH"},{"data":"Heavy Blade","floor":32.0,"key":"SMITH"},{"floor":41.0,"key":"RECALL"},{"data":"Feel No Pain","floor":44.0,"key":"SMITH"},{"data":"Purity","floor":49.0,"key":"SMITH"},{"data":"Dual Wield","floor":52.0,"key":"SMITH"}],"circlet_count":0,"master_deck":["AscendersBane","Strike_R","Strike_R","Strike_R","Defend_R","Defend_R","Defend_R","Defend_R","Bash","Hemokinesis","Shrug It Off","Shrug It Off","Demon Form+1","Heavy Blade+1","Whirlwind","Reaper","Feel No Pain+1","Carnage","Necronomicurse","Burning Pact","Pommel Strike+1","Cleave","Fiend Fire+1","Exhume","Shrug It Off","Carnage","Reaper","Decay","Dual Wield+1","Purity+1","Shrug It Off","Evolve"],"relics":["Velvet Choker","Red Skull","Self Forming Clay","CaptainsWheel","Tiny Chest","Runic Pyramid","Red Mask","Necronomicon","Happy Flower","Singing Bowl","OrangePellets","InkBottle","Kunai","Philosopher\u0027s Stone","Toy Ornithopter","Vajra","Mercury Hourglass","Mummified Hand","Darkstone Periapt","Blue Candle"],"acts_visited":["Exordium","TheCity","TheBeyond","TheEnding"],"potions_floor_usage":[55],"damage_taken":[{"damage":7.0,"enemies":"Small Slimes","floor":1.0,"turns":4.0},{"damage":1.0,"enemies":"2 Louse","floor":2.0,"turns":3.0},{"damage":2.0,"enemies":"Cultist","floor":3.0,"turns":2.0},{"damage":8.0,"enemies":"Exordium Wildlife","floor":5.0,"turns":5.0},{"damage":14.0,"enemies":"Lagavulin","floor":6.0,"turns":4.0},{"damage":7.0,"enemies":"3 Louse","floor":8.0,"turns":3.0},{"damage":33.0,"enemies":"3 Sentries","floor":10.0,"turns":9.0},{"damage":7.0,"enemies":"Gremlin Gang","floor":12.0,"turns":5.0},{"damage":3.0,"enemies":"Red Slaver","floor":13.0,"turns":2.0},{"damage":7.0,"enemies":"Gremlin Nob","floor":14.0,"turns":3.0},{"damage":14.0,"enemies":"Slime Boss","floor":16.0,"turns":6.0},{"damage":30.0,"enemies":"Shell Parasite","floor":18.0,"turns":6.0},{"damage":38.0,"enemies":"Masked Bandits","floor":19.0,"turns":5.0},{"damage":23.0,"enemies":"Slavers","floor":24.0,"turns":6.0},{"damage":3.0,"enemies":"Spheric Guardian","floor":25.0,"turns":4.0},{"damage":15.0,"enemies":"Gremlin Leader","floor":29.0,"turns":4.0},{"damage":14.0,"enemies":"Champ","floor":33.0,"turns":7.0},{"damage":36.0,"enemies":"3 Darklings","floor":35.0,"turns":5.0},{"damage":0.0,"enemies":"Orb Walker","floor":36.0,"turns":2.0},{"damage":100.0,"enemies":"Giant Head","floor":40.0,"turns":8.0},{"damage":17.0,"enemies":"Nemesis","floor":42.0,"turns":3.0},{"damage":40.0,"enemies":"4 Shapes","floor":46.0,"turns":8.0},{"damage":48.0,"enemies":"Giant Head","floor":47.0,"turns":6.0},{"damage":36.0,"enemies":"Awakened One","floor":50.0,"turns":10.0},{"damage":53.0,"enemies":"Shield and Spear","floor":54.0,"turns":8.0},{"damage":103,"enemies":"The Heart","floor":55,"turns":8}],"seed_played":"-6536438764411163540","potions_obtained":[{"floor":1.0,"key":"Strength Potion"},{"floor":2.0,"key":"Explosive Potion"},{"floor":6.0,"key":"Strength Potion"},{"floor":13.0,"key":"BloodPotion"},{"floor":18.0,"key":"Regen Potion"},{"floor":24.0,"key":"BloodPotion"},{"floor":33.0,"key":"Ancient Potion"},{"floor":35.0,"key":"ColorlessPotion"},{"floor":47.0,"key":"Fruit Juice"}],"is_trial":false,"path_per_floor":["M","M","M","?","M","E","R","M","T","E","?","M","M","E","R","B",null,"M","?","?","?","T","R","E","M","T","$","R","E","R","$","R","B",null,"M","M","?","?","T","E","R","E","T","R","?","M","E","$","R","B",null,"R","$","E","B",null],"character_chosen":"IRONCLAD","items_purchased":["OrangePellets","Cleave","Kunai","Purity","SpeedPotion","Shrug It Off"],"campfire_rested":3,"item_purchase_floors":[27,27,31,48,53,53],"current_hp_per_floor":[61,60,58,58,50,36,58,51,51,18,18,11,8,16,38,24,62,47,46,46,25,25,47,55,60,60,60,60,75,75,75,75,73,75,77,77,73,73,73,75,75,73,73,73,73,62,73,73,73,77,77,77,82,82,82],"gold":74,"neow_bonus":"BOSS_RELIC","is_daily":false,"chose_seed":false,"campfire_upgraded":6,"win_rate":0.0,"timestamp":1614229692,"path_taken":["M","M","M","?","M","E","R","M","T","E","?","M","M","E","R","BOSS","M","?","?","?","?","R","E","?","T","$","R","E","R","$","R","BOSS","M","M","?","?","?","E","R","E","T","R","?","?","E","?","R","BOSS","R","$","E","BOSS"],"items_purchased_type":["Relic","Card","Relic","Card","Potion","Card"],"build_version":"2020-12-22","purchased_purges":1,"victory":true,"max_hp_per_floor":[75,75,75,75,75,75,75,75,75,75,75,75,75,75,75,75,75,75,75,75,75,75,75,75,75,75,75,75,75,75,75,75,75,75,77,77,73,73,73,75,75,75,75,75,75,77,77,77,77,77,77,77,82,82,82],"relic_stats":{"Darkstone Periapt":0,"Happy Flower":[24],"Singing Bowl":6,"counters":[26,136],"Self Forming Clay":[276],"Blue Candle":[2],"Mercury Hourglass":[165],"OrangePellets":[6],"Mummified Hand":[16],"Tiny Chest":2,"Necronomicon":[56],"Kunai":[36],"obtain_stats":[{"Darkstone Periapt":47,"Happy Flower":24,"Singing Bowl":26,"Self Forming Clay":9,"Blue Candle":54,"Velvet Choker":0,"Vajra":40,"Burning Blood":0,"Mercury Hourglass":42,"OrangePellets":27,"CaptainsWheel":10,"Mummified Hand":43,"Tiny Chest":14,"Philosopher\u0027s Stone":34,"Red Mask":19,"Necronomicon":21,"Kunai":31,"Red Skull":6,"InkBottle":29,"Toy Ornithopter":39,"Runic Pyramid":17},{"Darkstone Periapt":23,"Happy Flower":14,"Singing Bowl":15,"Self Forming Clay":6,"Blue Candle":25,"Velvet Choker":0,"Vajra":20,"Burning Blood":0,"Mercury Hourglass":21,"OrangePellets":15,"CaptainsWheel":7,"Mummified Hand":21,"Tiny Chest":10,"Philosopher\u0027s Stone":17,"Red Mask":13,"Necronomicon":13,"Kunai":16,"Red Skull":5,"InkBottle":16,"Toy Ornithopter":19,"Runic Pyramid":11},{"Darkstone Periapt":110,"Happy Flower":63,"Singing Bowl":67,"Self Forming Clay":21,"Blue Candle":128,"Velvet Choker":0,"Vajra":93,"Burning Blood":0,"Mercury Hourglass":96,"OrangePellets":67,"CaptainsWheel":30,"Mummified Hand":96,"Tiny Chest":40,"Philosopher\u0027s Stone":78,"Red Mask":57,"Necronomicon":57,"Kunai":71,"Red Skull":18,"InkBottle":71,"Toy Ornithopter":85,"Runic Pyramid":46}],"InkBottle":[25],"Toy Ornithopter":10},"card_choices":[{"not_picked":["Reckless Charge","Thunderclap"],"picked":"Hemokinesis","floor":1.0},{"not_picked":["Wild Strike","Body Slam"],"picked":"Shrug It Off","floor":2.0},{"not_picked":["Perfected Strike","Warcry","Heavy Blade"],"picked":"SKIP","floor":3.0},{"not_picked":["Thunderclap","Clash","Anger"],"picked":"SKIP","floor":5.0},{"not_picked":["Warcry","Iron Wave"],"picked":"Shrug It Off","floor":6.0},{"not_picked":["Havoc","True Grit","Reckless Charge"],"picked":"SKIP","floor":8.0},{"not_picked":["Rage","Clothesline"],"picked":"Demon Form","floor":10.0},{"not_picked":["Perfected Strike","Havoc","Clash"],"picked":"SKIP","floor":12.0},{"not_picked":["Clash","Shrug It Off"],"picked":"Heavy Blade","floor":13.0},{"not_picked":["Reckless Charge","Armaments"],"picked":"Whirlwind","floor":14.0},{"not_picked":["Feed","Limit Break"],"picked":"Reaper","floor":16.0},{"not_picked":["Headbutt","Body Slam"],"picked":"Feel No Pain","floor":18.0},{"not_picked":["Evolve","Wild Strike"],"picked":"Carnage","floor":19.0},{"not_picked":["Seeing Red","Feel No Pain"],"picked":"Burning Pact","floor":24.0},{"not_picked":["Burning Pact","Seeing Red"],"picked":"Pommel Strike+1","floor":25.0},{"not_picked":["Disarm","Thunderclap"],"picked":"Fiend Fire","floor":29.0},{"not_picked":["Juggernaut","Barricade"],"picked":"Exhume","floor":33.0},{"not_picked":["Havoc+1","Reckless Charge","Cleave+1"],"picked":"Singing Bowl","floor":35.0},{"not_picked":["Pummel+1","Seeing Red"],"picked":"Shrug It Off","floor":36.0},{"not_picked":["Wild Strike","Clash","Reckless Charge"],"picked":"Singing Bowl","floor":40.0},{"not_picked":["Clash+1","Rupture+1"],"picked":"Reaper","floor":42.0},{"not_picked":["Pommel Strike","Wild Strike","Cleave"],"picked":"Singing Bowl","floor":46.0},{"not_picked":["Wild Strike","Anger"],"picked":"Dual Wield","floor":47.0},{"not_picked":["Rage","Sword Boomerang"],"picked":"Evolve","floor":54.0}],"player_experience":620546,"relics_obtained":[{"floor":6.0,"key":"Red Skull"},{"floor":9.0,"key":"Self Forming Clay"},{"floor":10.0,"key":"CaptainsWheel"},{"floor":14.0,"key":"Tiny Chest"},{"floor":19.0,"key":"Red Mask"},{"floor":21.0,"key":"Necronomicon"},{"floor":24.0,"key":"Happy Flower"},{"floor":26.0,"key":"Singing Bowl"},{"floor":29.0,"key":"InkBottle"},{"floor":39.0,"key":"Toy Ornithopter"},{"floor":40.0,"key":"Vajra"},{"floor":42.0,"key":"Mercury Hourglass"},{"floor":43.0,"key":"Mummified Hand"},{"floor":47.0,"key":"Darkstone Periapt"},{"floor":54.0,"key":"Blue Candle"}],"event_choices":[{"damage_healed":0.0,"max_hp_gain":0.0,"max_hp_loss":0.0,"gold_gain":0.0,"event_name":"Shining Light","player_choice":"Ignored","floor":4.0,"gold_loss":0.0,"damage_taken":0.0},{"damage_healed":0.0,"max_hp_gain":0.0,"max_hp_loss":0.0,"gold_gain":0.0,"event_name":"Scrap Ooze","player_choice":"Fled","floor":11.0,"gold_loss":0.0,"damage_taken":0.0},{"damage_healed":0.0,"max_hp_gain":0.0,"max_hp_loss":0.0,"gold_gain":0.0,"event_name":"Masked Bandits","player_choice":"Fought Bandits","floor":19.0,"gold_loss":0.0,"damage_taken":0.0},{"damage_healed":0.0,"max_hp_gain":0.0,"max_hp_loss":0.0,"gold_gain":0.0,"event_name":"Ghosts","player_choice":"Ignored","floor":20.0,"gold_loss":0.0,"damage_taken":0.0},{"damage_healed":0.0,"max_hp_gain":0.0,"max_hp_loss":0.0,"gold_gain":0.0,"event_name":"Cursed Tome","player_choice":"Obtained Book","floor":21.0,"gold_loss":0.0,"damage_taken":21.0},{"damage_healed":0.0,"max_hp_gain":0.0,"max_hp_loss":4.0,"gold_gain":0.0,"event_name":"Winding Halls","player_choice":"Max HP","floor":37.0,"gold_loss":0.0,"damage_taken":0.0},{"damage_healed":0.0,"max_hp_gain":0.0,"max_hp_loss":0.0,"gold_gain":0.0,"cards_transformed":["Strike_R"],"event_name":"Transmorgrifier","player_choice":"Transformed","floor":38.0,"gold_loss":0.0,"damage_taken":0.0,"cards_obtained":["Carnage"]},{"damage_healed":0.0,"max_hp_gain":0.0,"max_hp_loss":0.0,"gold_gain":0.0,"event_name":"Wheel of Change","player_choice":"Cursed","floor":45.0,"gold_loss":0.0,"damage_taken":0.0,"cards_obtained":["Decay"]}],"is_beta":false,"boss_relics":[{"not_picked":["Runic Dome","Fusion Hammer"],"picked":"Runic Pyramid"},{"not_picked":["Busted Crown","Sozu"],"picked":"Philosopher\u0027s Stone"}],"items_purged_floors":[27],"is_endless":false,"potions_floor_spawned":[1,2,6,13,18,24,33,35,47,54],"ascension_level":18}}