{"host":"uyfpom4rlahfoee4","time":1614294485,"event":{"mods":["BaseMod","Downfall","Minty Spire (QoL Compilation)","StSLib"],"gold_per_floor":[99,116,127,140,164,182,182,282,171,171,200,200,200,500,511,615,615,615,626,640,715,726,726,752,762,775,775,775,775,791,270,270,270,270],"floor_reached":32,"language":"ENG","playtime":1639,"items_purged":[],"score":232,"play_id":"6e41fceb-2331-478d-af01-d148eddade01","local_time":"20210225150805","is_ascension_mode":false,"campfire_choices":[{"data":"bronze:Replicate","floor":1,"key":"SMITH"},{"data":"bronze:WhirlingStrike","floor":10,"key":"SMITH"},{"data":"bronze:Boost","floor":13,"key":"SMITH"},{"data":"bronze:Iterate","floor":18,"key":"SMITH"},{"data":"bronze:Turbo","floor":23,"key":"SMITH"},{"floor":27,"key":"REST"}],"circlet_count":0,"master_deck":["bronze:Strike","bronze:Strike","bronze:Strike","bronze:Strike","bronze:Defend","bronze:Defend","bronze:Defend","bronze:Defend","bronze:Replicate+1","bronze:Goto","bronze:Boost+1","bronze:CutThrough","bronze:WhirlingStrike+1","bronze:Constructor","bronze:Invalidate","bronze:Iterate+1","bronze:ItsAFeature","bronze:Shield","downfall:Icky","downfall:Icky","bronze:Overheat","bronze:ShipIt","CurseOfTheBell","bronze:Separator+1","bronze:WhirlingStrike","bronze:Turbo+1","bronze:Iterate+1","bronze:Iterate","RitualDagger+1","bronze:Shield+1","bronze:WhirlingStrike+1","bronze:Deprecate+1"],"relics":["bronze:BronzeCore","Art of War","Bottled Flame","Odd Mushroom","Ginger","Calling Bell","Lantern","Kunai","Lizard Tail","Happy Flower","Toxic Egg 2","Frozen Eye","Anchor","Juzu Bracelet"],"acts_visited":["Exordium","TheCity"],"potions_floor_usage":[25,26],"damage_taken":[{"damage":0,"enemies":"Cultist","floor":2,"turns":4},{"damage":0,"enemies":"2 Louse","floor":3,"turns":3},{"damage":3,"enemies":"Small Slimes","floor":4,"turns":3},{"damage":0,"enemies":"2 Fungi Beasts","floor":6,"turns":3},{"damage":0,"enemies":"downfall:FleeingMerchant","floor":9,"turns":4},{"damage":0,"enemies":"The Mushroom Lair","floor":11,"turns":2},{"damage":2,"enemies":"Exordium Thugs","floor":15,"turns":3},{"damage":9,"enemies":"SI_SHIV_ARCHETYPE","floor":16,"turns":9},{"damage":32,"enemies":"Spheric Guardian","floor":19,"turns":6},{"damage":4,"enemies":"Chosen","floor":20,"turns":4},{"damage":8,"enemies":"Centurion and Healer","floor":22,"turns":5},{"damage":28,"enemies":"Shelled Parasite and Fungi","floor":25,"turns":5},{"damage":20,"enemies":"Snecko","floor":26,"turns":6},{"damage":21,"enemies":"Snake Plant","floor":30,"turns":4},{"damage":15,"enemies":"downfall:FleeingMerchant","floor":31,"turns":4},{"damage":2,"enemies":"Cultist and Chosen","floor":32,"turns":5}],"seed_played":"-8593269754490236145","potions_obtained":[{"floor":2,"key":"EssenceOfSteel"},{"floor":6,"key":"FairyPotion"},{"floor":16,"key":"Energy Potion"},{"floor":19,"key":"Fire Potion"},{"floor":21,"key":"downfall:CursedFountainPotion"},{"floor":29,"key":"CultistPotion"}],"is_trial":false,"path_per_floor":["R","M","M","M","T","M","T","?","$","R","?","?","R","?","M","B",null,"R","M","M","?","M","R","T","M","M","R","T","?","M","$","M"],"character_chosen":"THE_AUTOMATON","items_purchased":["bronze:Iterate","bronze:ItsAFeature","bronze:Deprecate+1","Frozen Eye","Anchor","Juzu Bracelet"],"campfire_rested":1,"item_purchase_floors":[9,9,31,31,31,31],"current_hp_per_floor":[77,77,77,74,74,74,74,74,74,74,74,71,71,71,69,60,77,77,45,41,77,69,69,69,41,21,44,44,44,23,8,6,6,6],"gold":270,"neow_bonus":"TEN_PERCENT_HP_BONUS","is_daily":false,"chose_seed":false,"campfire_upgraded":5,"win_rate":0.0,"timestamp":1614294485,"path_taken":["R","M","M","M","?","M","T","?","$","R","?","?","R","?","M","BOSS","R","M","M","?","?","R","T","M","M","R","?","?","M","$","M"],"items_purchased_type":["Card","Card","Card","Relic","Relic","Relic"],"build_version":"2020-12-22","purchased_purges":0,"victory":false,"max_hp_per_floor":[77,77,77,77,77,77,77,77,77,77,77,77,77,77,77,77,77,77,77,77,77,77,77,77,77,77,77,77,77,77,77,77,77,77],"card_choices":[{"not_picked":["bronze:Allocate","bronze:Frontload"],"picked":"bronze:Boost","floor":2},{"not_picked":["bronze:MaxOutput","bronze:Return"],"picked":"bronze:CutThrough","floor":3},{"not_picked":["bronze:Branch","bronze:Frontload"],"picked":"bronze:WhirlingStrike","floor":4},{"not_picked":["bronze:CutThrough","bronze:BronzeArmor"],"picked":"bronze:Constructor","floor":6},{"not_picked":["bronze:Verify","bronze:Branch"],"picked":"bronze:Invalidate","floor":9},{"not_picked":["bronze:Overheat","bronze:DarkDash"],"picked":"bronze:Shield","floor":11},{"not_picked":["bronze:BuggyMess","bronze:OilSpill"],"picked":"bronze:Overheat","floor":15},{"not_picked":["bronze:Assembly","bronze:Format"],"picked":"bronze:ShipIt","floor":16},{"not_picked":["bronze:BugBarrage","bronze:DarkDash"],"picked":"bronze:Separator+1","floor":19},{"not_picked":["bronze:ShipIt","bronze:ClassDefault"],"picked":"bronze:WhirlingStrike","floor":20},{"not_picked":["bronze:Constructor","bronze:FineTuning"],"picked":"bronze:Turbo","floor":22},{"not_picked":["bronze:Boost","bronze:Frontload"],"picked":"bronze:Iterate+1","floor":25},{"not_picked":["bronze:CutThrough+1","bronze:FineTuning"],"picked":"bronze:Iterate","floor":26},{"not_picked":["bronze:WildBeam","bronze:Shell+1"],"picked":"bronze:Shield+1","floor":30},{"not_picked":["bronze:OilSpill","bronze:CleanCode"],"picked":"bronze:WhirlingStrike+1","floor":31}],"player_experience":214389,"relics_obtained":[{"floor":5,"key":"Art of War"},{"floor":7,"key":"Bottled Flame"},{"floor":11,"key":"Odd Mushroom"},{"floor":17,"key":"Lantern"},{"floor":17,"key":"Kunai"},{"floor":17,"key":"Lizard Tail"},{"floor":24,"key":"Happy Flower"},{"floor":28,"key":"Toxic Egg 2"}],"event_choices":[{"damage_healed":0,"gold_gain":0,"player_choice":"Fought Mushrooms","damage_taken":0,"max_hp_gain":0,"max_hp_loss":0,"event_name":"Mushrooms","floor":11,"gold_loss":0},{"damage_healed":0,"gold_gain":0,"player_choice":"Success","damage_taken":3,"relics_obtained":["Ginger"],"max_hp_gain":0,"max_hp_loss":0,"event_name":"Scrap Ooze","floor":12,"gold_loss":0}],"is_beta":false,"boss_relics":[{"not_picked":["Runic Dome","Astrolabe"],"picked":"Calling Bell"}],"items_purged_floors":[],"is_endless":false,"potions_floor_spawned":[2,6,16,19,22],"killed_by":"Cultist and Chosen","ascension_level":0}}