{"host":"7i2mr3s2j7h9hu6a","time":1614228014,"event":{"mods":["BaseMod","Minty Spire (QoL Compilation)","StSLib","The Gatherer"],"gold_per_floor":[112,131,142,63,77,109,109,10,37,54,54,4,4,15,15,112,112,112,112],"floor_reached":17,"language":"ZHS","playtime":1966,"items_purged":["Gatherer:Defend_Gatherer"],"score":182,"play_id":"d261937f-d3ae-43ce-8d5e-e8e907e84375","local_time":"20210225124014","is_ascension_mode":false,"metric_token":277,"campfire_choices":[{"data":"Gatherer:FruitForce","floor":7,"key":"SMITH"},{"data":"Gatherer:FragileHammer","floor":11,"key":"SMITH"},{"data":"Gatherer:Centralize","floor":13,"key":"SMITH"},{"data":"Gatherer:FlowerWhip","floor":15,"key":"SMITH"}],"circlet_count":0,"master_deck":["Gatherer:Centralize+1","Gatherer:FlowerWhip+1","Gatherer:QuickSynthesis","Gatherer:Duality","Gatherer:ScherryThrow","Gatherer:FruitForce+1","Gatherer:BambuSword","Gatherer:QuickSynthesis","Gatherer:AromaProtection","Gatherer:FragileHammer+1","Gatherer:FlowerFalling","Gatherer:LuckyClover","Gatherer:Overflowing","Gatherer:UpgradeBag","Gatherer:Solidify","Gatherer:BomberForm","Gatherer:Enchant","Gatherer:AcidicSpray","Gatherer:BigPouch","Gatherer:Herbalism"],"relics":["Gatherer:AlchemyBag","Bag of Preparation","MealTicket","Pandora\u0027s Box"],"acts_visited":["Exordium","TheCity"],"potions_floor_usage":[5,14],"damage_taken":[{"damage":2,"enemies":"Small Slimes","floor":1,"turns":3},{"damage":0,"enemies":"Jaw Worm","floor":2,"turns":3},{"damage":0,"enemies":"Cultist","floor":3,"turns":2},{"damage":7,"enemies":"Blue Slaver","floor":5,"turns":3},{"damage":26,"enemies":"3 Sentries","floor":6,"turns":8},{"damage":0,"enemies":"Exordium Wildlife","floor":10,"turns":3},{"damage":0,"enemies":"3 Louse","floor":14,"turns":1},{"damage":18,"enemies":"The Guardian","floor":16,"turns":15}],"seed_played":"-8816231822495540445","potions_obtained":[{"floor":2,"key":"Swift Potion"},{"floor":6,"key":"Swift Potion"},{"floor":14,"key":"Fruit Juice"},{"floor":16,"key":"FearPotion"}],"is_trial":false,"path_per_floor":["M","M","M","$","M","E","R","$","T","M","R","?","R","M","R","B",null],"character_chosen":"THE_GATHERER","items_purchased":["Gatherer:FruitForce","Gatherer:AromaProtection"],"campfire_rested":0,"item_purchase_floors":[4,8],"current_hp_per_floor":[77,77,77,81,74,48,48,48,48,48,48,48,48,53,53,35,88,88,88],"gold":112,"neow_bonus":"TEN_PERCENT_HP_BONUS","is_daily":false,"chose_seed":false,"campfire_upgraded":4,"win_rate":0.0,"timestamp":1614228014,"path_taken":["M","M","M","$","M","E","R","$","T","M","R","?","R","M","R","BOSS"],"items_purchased_type":["Card","Card"],"build_version":"2020-12-13","purchased_purges":1,"victory":false,"max_hp_per_floor":[79,79,79,83,83,83,83,83,83,83,83,83,83,88,88,88,88,88,88],"card_choices":[{"not_picked":["Gatherer:WitheringStrike","Gatherer:CollectorsShot"],"picked":"Gatherer:QuickSynthesis","floor":1},{"not_picked":["Gatherer:FlowerPower","Gatherer:Duplicator"],"picked":"Gatherer:Duality","floor":2},{"not_picked":["Gatherer:GatherMaterial","Gatherer:EnergyBasket"],"picked":"Gatherer:ScherryThrow","floor":3},{"not_picked":["Gatherer:WoolGloves","Gatherer:Polymorphism"],"picked":"Gatherer:BambuSword","floor":5},{"not_picked":["Gatherer:RottenStipe","Gatherer:BambuSword"],"picked":"Gatherer:QuickSynthesis","floor":6},{"not_picked":["Gatherer:Liquidism","Gatherer:Uplift"],"picked":"Gatherer:FragileHammer","floor":10},{"not_picked":["Gatherer:Convert","Gatherer:Pollute"],"picked":"Gatherer:FlowerFalling","floor":14},{"not_picked":["Gatherer:ScrollOfPurity","Gatherer:Examine"],"picked":"Gatherer:LuckyClover","floor":16}],"player_experience":302132,"relics_obtained":[{"floor":6,"key":"Bag of Preparation"},{"floor":9,"key":"MealTicket"}],"event_choices":[{"cards_removed":["Gatherer:Strike_Gatherer"],"damage_healed":0,"gold_gain":0,"player_choice":"Card Removal","damage_taken":0,"max_hp_gain":0,"max_hp_loss":0,"event_name":"The Cleric","floor":12,"gold_loss":50}],"is_beta":false,"boss_relics":[{"not_picked":["SacredBark","Velvet Choker"],"picked":"Pandora\u0027s Box"}],"items_purged_floors":[8],"is_endless":false,"potions_floor_spawned":[2,6,14,16],"ascension_level":0}}