{"host":"ad59wuc8ynh8u2z6","time":1614292379,"event":{"mods":["AchievementEnabler","BaseMod","Colored Powertips","DeckTracker","Highlight Path","Minty Spire (QoL Compilation)","Permanent Neow"],"gold_per_floor":[19,33,33,33,57,57,95,95,119,153,153,82,102,133,133,258,558,574,574,562,575,575,606,606,646,670,364,399,414,452,470,470,590,590,614,381,405,405,418,453,466,466,466],"floor_reached":42,"language":"ENG","playtime":4385,"items_purged":["Bite","Bite"],"score":788,"play_id":"63f99ddb-09d2-4f0c-8080-7a587f9c0abb","local_time":"20210225233259","is_ascension_mode":true,"campfire_choices":[{"data":"Footwork","floor":6,"key":"SMITH"},{"data":"Venomology","floor":8,"key":"SMITH"},{"data":"Die Die Die","floor":11,"key":"SMITH"},{"data":"Footwork","floor":15,"key":"SMITH"},{"data":"Corpse Explosion","floor":24,"key":"SMITH"},{"data":"Crippling Poison","floor":32,"key":"SMITH"}],"circlet_count":0,"master_deck":["Defend_G+1","Defend_G+1","Defend_G+1","Defend_G+1","Defend_G+1","Survivor","Venomology+1","Backstab","Footwork+1","Die Die Die+1","Footwork+1","Crippling Poison+1","Backflip","CurseOfTheBell","Bite","Bite","Bite","Bane+1","Corpse Explosion+1","Cloak And Dagger+1","Dodge and Roll","Deflect+1"],"relics":["Ring of the Snake","Golden Idol","Strawberry","Toy Ornithopter","Boot","Bag of Preparation","Calling Bell","PreservedInsect","Singing Bowl","Old Coin","Kunai","Smiling Mask","Omamori","Pantograph","Ancient Tea Set","Mercury Hourglass","Philosopher\u0027s Stone","ClockworkSouvenir","Nunchaku"],"acts_visited":["Exordium","TheCity","TheBeyond"],"potions_floor_usage":[5,7,7,10,10,10,14,14,16,16,16,18,21,21,23,23,23,23,28,29,30,30,31,31,33,33,33,40,40,40,42],"damage_taken":[{"damage":0,"enemies":"2 Louse","floor":1,"turns":5},{"damage":0,"enemies":"Small Slimes","floor":2,"turns":3},{"damage":0,"enemies":"Jaw Worm","floor":5,"turns":4},{"damage":9,"enemies":"Gremlin Nob","floor":7,"turns":4},{"damage":42,"enemies":"Lagavulin","floor":10,"turns":14},{"damage":0,"enemies":"3 Louse","floor":13,"turns":3},{"damage":8,"enemies":"Gremlin Nob","floor":14,"turns":4},{"damage":31,"enemies":"Slime Boss","floor":16,"turns":25},{"damage":42,"enemies":"Spheric Guardian","floor":18,"turns":8},{"damage":19,"enemies":"2 Thieves","floor":20,"turns":4},{"damage":31,"enemies":"Snake Plant","floor":21,"turns":9},{"damage":7,"enemies":"Gremlin Leader","floor":23,"turns":4},{"damage":19,"enemies":"Book of Stabbing","floor":25,"turns":7},{"damage":9,"enemies":"Gremlin Leader","floor":28,"turns":8},{"damage":6,"enemies":"Centurion and Healer","floor":29,"turns":5},{"damage":40,"enemies":"Book of Stabbing","floor":30,"turns":5},{"damage":14,"enemies":"3 Cultists","floor":31,"turns":5},{"damage":53,"enemies":"Automaton","floor":33,"turns":13},{"damage":21,"enemies":"Orb Walker","floor":35,"turns":4},{"damage":19,"enemies":"3 Darklings","floor":37,"turns":3},{"damage":4,"enemies":"4 Shapes","floor":39,"turns":4},{"damage":29,"enemies":"Giant Head","floor":40,"turns":9},{"damage":8,"enemies":"Spire Growth","floor":41,"turns":6},{"damage":53,"enemies":"Nemesis","floor":42,"turns":6}],"seed_played":"-6648488184093688176","potions_obtained":[{"floor":1,"key":"Explosive Potion"},{"floor":10,"key":"PowerPotion"},{"floor":14,"key":"AttackPotion"},{"floor":20,"key":"Swift Potion"},{"floor":21,"key":"EntropicBrew"},{"floor":29,"key":"PowerPotion"},{"floor":31,"key":"Strength Potion"},{"floor":35,"key":"SmokeBomb"}],"is_trial":false,"path_per_floor":["M","M","?","?","M","R","E","R","T","E","R","$","M","E","R","B",null,"M","?","M","M","?","E","R","E","T","$","E","M","E","M","R","B",null,"M","$","M","?","M","E","M","E"],"character_chosen":"THE_SILENT","items_purchased":["Footwork","Pantograph","ClockworkSouvenir","Dodge and Roll"],"campfire_rested":0,"item_purchase_floors":[12,27,36,36],"current_hp_per_floor":[63,63,46,46,46,46,44,44,44,17,17,17,17,19,19,18,62,27,27,20,15,15,34,34,21,21,21,27,32,14,52,52,39,60,47,47,30,30,32,34,32,0,0],"gold":466,"neow_bonus":"THREE_RARE_CARDS","is_daily":false,"chose_seed":false,"campfire_upgraded":6,"win_rate":0.0,"timestamp":1614292379,"path_taken":["M","M","?","?","M","R","E","R","T","E","R","$","M","E","R","BOSS","M","?","M","M","?","E","R","E","T","$","E","M","E","?","R","BOSS","M","$","M","?","M","E","M","E"],"items_purchased_type":["Card","Relic","Relic","Card"],"build_version":"2020-12-22","purchased_purges":2,"victory":false,"max_hp_per_floor":[70,70,70,70,70,70,77,77,77,77,77,77,77,77,77,77,77,79,55,55,57,57,57,57,57,57,57,59,61,63,65,65,67,67,69,69,71,71,73,75,75,75,75],"card_choices":[{"not_picked":["Envenom","Glass Knife"],"picked":"Venomology","floor":0},{"not_picked":["Outmaneuver","Quick Slash"],"picked":"Backstab","floor":1},{"not_picked":["Concentrate","Acrobatics"],"picked":"Footwork","floor":2},{"not_picked":["Prepared","Deadly Poison","Acrobatics"],"picked":"SKIP","floor":5},{"not_picked":["Slice","Choke","Flying Knee"],"picked":"SKIP","floor":7},{"not_picked":["Blade Dance","Sucker Punch"],"picked":"Die Die Die","floor":10},{"not_picked":["Quick Slash","Dagger Spray"],"picked":"Crippling Poison","floor":13},{"not_picked":["Terror","Endless Agony"],"picked":"Backflip","floor":14},{"not_picked":["Concentrate+1","PiercingWail+1","Acrobatics+1"],"picked":"Singing Bowl","floor":18},{"not_picked":["Blade Dance+1","Bullet Time"],"picked":"Bane+1","floor":20},{"not_picked":["Reflex","Dagger Spray","Outmaneuver"],"picked":"Singing Bowl","floor":21},{"not_picked":["Catalyst","Poisoned Stab"],"picked":"Corpse Explosion","floor":23},{"not_picked":["Deflect+1","Dagger Throw"],"picked":"Cloak And Dagger+1","floor":25},{"not_picked":["Predator","Flying Knee","Tools of the Trade"],"picked":"Singing Bowl","floor":28},{"not_picked":["Expertise","Dagger Spray","Underhanded Strike"],"picked":"Singing Bowl","floor":29},{"not_picked":["Outmaneuver","Acrobatics","Doppelganger"],"picked":"Singing Bowl","floor":30},{"not_picked":["Dagger Spray","Underhanded Strike","Cloak And Dagger"],"picked":"Singing Bowl","floor":31},{"not_picked":["A Thousand Cuts","Doppelganger","Bullet Time"],"picked":"Singing Bowl","floor":33},{"not_picked":["Deflect+1","Expertise+1","Cloak And Dagger+1"],"picked":"Singing Bowl","floor":35},{"not_picked":["Terror+1","Flying Knee+1","Acrobatics"],"picked":"Singing Bowl","floor":37},{"not_picked":["Blade Dance","Underhanded Strike","Flying Knee"],"picked":"Singing Bowl","floor":39},{"not_picked":["Bane","Underhanded Strike","Deadly Poison"],"picked":"Singing Bowl","floor":40},{"not_picked":["Dagger Throw","Glass Knife"],"picked":"Deflect+1","floor":41}],"player_experience":142079,"relics_obtained":[{"floor":7,"key":"Strawberry"},{"floor":9,"key":"Toy Ornithopter"},{"floor":10,"key":"Boot"},{"floor":14,"key":"Bag of Preparation"},{"floor":17,"key":"PreservedInsect"},{"floor":17,"key":"Singing Bowl"},{"floor":17,"key":"Old Coin"},{"floor":23,"key":"Kunai"},{"floor":25,"key":"Smiling Mask"},{"floor":26,"key":"Omamori"},{"floor":28,"key":"Ancient Tea Set"},{"floor":30,"key":"Mercury Hourglass"},{"floor":40,"key":"Nunchaku"}],"event_choices":[{"damage_healed":0,"gold_gain":0,"player_choice":"Take Damage","damage_taken":17,"relics_obtained":["Golden Idol"],"max_hp_gain":0,"max_hp_loss":0,"event_name":"Golden Idol","floor":3,"gold_loss":0},{"damage_healed":0,"gold_gain":0,"player_choice":"Ignored","damage_taken":0,"max_hp_gain":0,"max_hp_loss":0,"event_name":"Liars Game","floor":4,"gold_loss":0},{"damage_healed":0,"gold_gain":0,"player_choice":"Became a vampire","damage_taken":0,"max_hp_gain":0,"max_hp_loss":24,"event_name":"Vampires","floor":19,"gold_loss":0,"cards_obtained":["Bite","Bite","Bite","Bite","Bite"]},{"damage_healed":0,"gold_gain":0,"player_choice":"Simplicity","damage_taken":0,"max_hp_gain":0,"max_hp_loss":0,"event_name":"Back to Basics","floor":22,"gold_loss":0,"cards_upgraded":["Defend_G","Defend_G","Defend_G","Defend_G","Defend_G"]},{"cards_removed":["Neutralize"],"damage_healed":0,"gold_gain":0,"player_choice":"Removed Attack","damage_taken":0,"max_hp_gain":0,"max_hp_loss":0,"event_name":"Falling","floor":38,"gold_loss":0}],"is_beta":false,"boss_relics":[{"not_picked":["Empty Cage","Astrolabe"],"picked":"Calling Bell"},{"not_picked":["Sozu","Ring of the Serpent"],"picked":"Philosopher\u0027s Stone"}],"items_purged_floors":[27,36],"is_endless":false,"potions_floor_spawned":[1,10,14,20,21,29,31,35],"killed_by":"Nemesis","ascension_level":9}}