{"host":"2lo6hma6kymb0g9i","time":1614235937,"event":{"mods":["BaseMod","Colored Map","DeckTracker","Minty Spire (QoL Compilation)"],"gold_per_floor":[116,128,147,72,72,104,104,131,131,145,159,159,159],"floor_reached":12,"language":"JPN","playtime":616,"items_purged":["Strike_G"],"score":180,"play_id":"1aeb4a28-e091-4689-9bd4-5505954cfd98","local_time":"20210225155217","is_ascension_mode":true,"campfire_choices":[{"data":"Sucker Punch","floor":7.0,"key":"SMITH"}],"circlet_count":0,"master_deck":["AscendersBane","Strike_G","Strike_G","Strike_G","Strike_G","Defend_G","Defend_G","Defend_G","Defend_G","Defend_G","Survivor","Neutralize","Bouncing Flask","Footwork","Sucker Punch+1","Blur","Well Laid Plans","Doppelganger","Cloak And Dagger"],"relics":["Ring of the Snake","NeowsBlessing","Eternal Feather","Blue Candle"],"acts_visited":["Exordium"],"potions_floor_usage":[11,11,11],"damage_taken":[{"damage":0.0,"enemies":"Cultist","floor":1.0,"turns":1.0},{"damage":0.0,"enemies":"Small Slimes","floor":2.0,"turns":1.0},{"damage":0.0,"enemies":"Jaw Worm","floor":3.0,"turns":1.0},{"damage":30.0,"enemies":"Gremlin Nob","floor":6.0,"turns":4.0},{"damage":16.0,"enemies":"Lagavulin","floor":8.0,"turns":7.0},{"damage":9.0,"enemies":"3 Louse","floor":10.0,"turns":6.0},{"damage":19,"enemies":"Large Slime","floor":11,"turns":9},{"damage":11,"enemies":"3 Sentries","floor":12,"turns":4}],"seed_played":"5570606039616061437","potions_obtained":[{"floor":1.0,"key":"Poison Potion"},{"floor":6.0,"key":"EntropicBrew"},{"floor":10.0,"key":"Regen Potion"},{"floor":11,"key":"Ancient Potion"}],"is_trial":false,"path_per_floor":["M","M","M","$","?","E","R","E","T","M","M","E"],"character_chosen":"THE_SILENT","items_purchased":[],"campfire_rested":0,"item_purchase_floors":[],"current_hp_per_floor":[59,59,59,59,59,29,38,22,22,13,9,0,0],"gold":159,"neow_bonus":"THREE_ENEMY_KILL","is_daily":false,"chose_seed":false,"campfire_upgraded":1,"win_rate":0.0,"timestamp":1614235937,"path_taken":["M","?","M","$","?","E","R","E","T","M","M","E"],"items_purchased_type":[],"build_version":"2020-12-22","purchased_purges":1,"victory":false,"max_hp_per_floor":[66,66,66,66,66,66,66,66,66,66,66,66,66],"card_choices":[{"not_picked":["PiercingWail","Deadly Poison"],"picked":"Bouncing Flask","floor":1.0},{"not_picked":["Crippling Poison","All Out Attack"],"picked":"Footwork","floor":2.0},{"not_picked":["Dodge and Roll","Cloak And Dagger"],"picked":"Sucker Punch","floor":3.0},{"not_picked":["Prepared","Acrobatics"],"picked":"Blur","floor":6.0},{"not_picked":["Slice","Crippling Poison"],"picked":"Well Laid Plans","floor":8.0},{"not_picked":["Masterful Stab","Prepared"],"picked":"Doppelganger","floor":10.0},{"not_picked":["Dagger Throw","All Out Attack"],"picked":"Cloak And Dagger","floor":11}],"player_experience":1250698,"relics_obtained":[{"floor":6.0,"key":"Eternal Feather"},{"floor":8.0,"key":"Blue Candle"}],"event_choices":[{"damage_healed":0.0,"max_hp_gain":0.0,"max_hp_loss":0.0,"gold_gain":0.0,"event_name":"Liars Game","player_choice":"Ignored","floor":5.0,"gold_loss":0.0,"damage_taken":0.0}],"is_beta":false,"boss_relics":[],"items_purged_floors":[4],"is_endless":false,"potions_floor_spawned":[1,6,10,11],"killed_by":"3 Sentries","ascension_level":20}}