{"host":"0ueeacaatm8t6jyh","time":1614274232,"event":{"mods":["AchievementEnabler","BaseMod","Colored Powertips","Minty Spire (QoL Compilation)","Quick Restart","Rare Cards Sparkle","Shop Mod","StSLib"],"gold_per_floor":[118,6,6,26,26,56,73,104,122,147,147,147,176,190,35,35,68,68,68,146,146,159,159,159,176,9,59,59,59,133,133,187,212,212,212,243,293,310,310,310,389,389,406,422,240,259,282,25,25,56,56,56,73,73,73,105,105,122,122,122,132,132,132,132],"floor_reached":65,"language":"ZHS","playtime":3309,"items_purged":["Strike_G","Strike_G","Strike_G","Strike_G"],"score":1816,"play_id":"30b02786-2837-409b-8414-220919302b69","local_time":"20210226013032","is_ascension_mode":true,"campfire_choices":[{"floor":12.0,"key":"REST"},{"floor":16.0,"key":"REST"},{"floor":18.0,"key":"REST"},{"data":"Acrobatics","floor":19.0,"key":"SMITH"},{"floor":28.0,"key":"REST"},{"data":"Prepared","floor":35.0,"key":"SMITH"},{"floor":39.0,"key":"REST"},{"data":"Neutralize","floor":40.0,"key":"SMITH"},{"floor":49.0,"key":"REST"},{"data":"Grand Finale","floor":52.0,"key":"SMITH"},{"data":"Malaise","floor":62,"key":"SMITH"},{"data":"Backflip","floor":63,"key":"SMITH"}],"circlet_count":0,"master_deck":["AscendersBane","Strike_G","Defend_G","Defend_G","Defend_G","Defend_G","Survivor","Neutralize+1","Backflip+1","Blade Dance","Grand Finale+1","Backflip","Prepared+1","Acrobatics+1","Malaise+1","Adrenaline+1","Prepared+1","Prepared+1","Madness+1","Madness+1"],"relics":["Ring of the Snake","NeowsBlessing","Ice Cream","Happy Flower","Bronze Scales","Eternal Feather","Regal Pillow","Medical Kit","Singing Bowl","Toxic Egg 2","Tiny Chest","Black Star","MerchantsRug","Pen Nib","Gremlin Horn","Mummified Hand","White Beast Statue","Bottled Flame","Oddly Smooth Stone","Art of War","Shuriken"],"acts_visited":["Exordium","TheCity","TheBeyond"],"potions_floor_usage":[56,64],"damage_taken":[{"damage":0.0,"enemies":"Jaw Worm","floor":1.0,"turns":1.0},{"damage":0.0,"enemies":"Small Slimes","floor":4.0,"turns":1.0},{"damage":0.0,"enemies":"Gremlin Nob","floor":6.0,"turns":1.0},{"damage":3.0,"enemies":"Cultist","floor":7.0,"turns":4.0},{"damage":49.0,"enemies":"3 Sentries","floor":8.0,"turns":16.0},{"damage":0.0,"enemies":"Red Slaver","floor":9.0,"turns":4.0},{"damage":21.0,"enemies":"Lagavulin","floor":13.0,"turns":9.0},{"damage":4.0,"enemies":"Blue Slaver","floor":14.0,"turns":4.0},{"damage":21.0,"enemies":"3 Sentries","floor":17.0,"turns":13.0},{"damage":57.0,"enemies":"The Guardian","floor":20.0,"turns":20.0},{"damage":30.0,"enemies":"Chosen","floor":22.0,"turns":10.0},{"damage":18.0,"enemies":"3 Byrds","floor":25.0,"turns":5.0},{"damage":0.0,"enemies":"Gremlin Leader","floor":33.0,"turns":5.0},{"damage":36.0,"enemies":"Slavers","floor":36.0,"turns":3.0},{"damage":9.0,"enemies":"Centurion and Healer","floor":38.0,"turns":8.0},{"damage":49.0,"enemies":"Champ","floor":41.0,"turns":13.0},{"damage":28.0,"enemies":"Orb Walker","floor":43.0,"turns":6.0},{"damage":2.0,"enemies":"3 Shapes","floor":44.0,"turns":1.0},{"damage":21.0,"enemies":"Spire Growth","floor":46.0,"turns":4.0},{"damage":15.0,"enemies":"Giant Head","floor":50.0,"turns":5.0},{"damage":24.0,"enemies":"Writhing Mass","floor":53.0,"turns":6.0},{"damage":11,"enemies":"Nemesis","floor":56,"turns":7},{"damage":0,"enemies":"3 Darklings","floor":58,"turns":2},{"damage":0,"enemies":"Sphere and 2 Shapes","floor":61,"turns":2},{"damage":12,"enemies":"Awakened One","floor":64,"turns":13}],"seed_played":"8906011333383212318","potions_obtained":[{"floor":6.0,"key":"BlessingOfTheForge"},{"floor":8.0,"key":"Ancient Potion"},{"floor":14.0,"key":"Swift Potion"},{"floor":20.0,"key":"BlessingOfTheForge"},{"floor":25.0,"key":"GamblersBrew"},{"floor":36.0,"key":"AttackPotion"},{"floor":41.0,"key":"ColorlessPotion"},{"floor":50.0,"key":"SpeedPotion"},{"floor":53.0,"key":"Weak Potion"},{"floor":56,"key":"Poison Potion"}],"is_trial":false,"path_per_floor":["M","$","?","M","?","E","M","E","M","T","T","R","E","M","$","R","E","R","R","B",null,"M","?","?","M","$","?","R","$","T","T","T","E","?","R","E","?","M","R","R","B",null,"M","M","$","M","T","$","R","E","$","R","M","T","T","E","?","M","?","T","M","R","R","B",null],"character_chosen":"THE_SILENT","items_purchased":["Calculated Gamble","Acrobatics","Medical Kit","MerchantsRug","Prepared+1","EntropicBrew"],"campfire_rested":6,"item_purchase_floors":[2,15,26,45,45,48],"current_hp_per_floor":[59,59,41,41,66,66,63,14,14,14,14,42,21,17,17,45,24,66,66,9,52,22,22,22,4,4,4,47,47,47,47,47,49,49,58,24,24,17,62,71,22,60,32,32,32,13,13,13,59,46,46,55,33,33,33,24,67,69,57,57,59,71,71,59],"gold":132,"neow_bonus":"THREE_ENEMY_KILL","is_daily":false,"chose_seed":false,"campfire_upgraded":6,"win_rate":0.0,"timestamp":1614274232,"path_taken":["M","$","?","M","?","E","M","E","?","T","T","R","E","M","?","R","E","R","R","BOSS","M","?","?","M","$","?","R","?","?","T","T","E","?","R","E","?","?","R","R","BOSS","M","M","$","M","?","$","R","E","?","R","M","T","T","E","?","M","?","?","M","R","R","BOSS"],"items_purchased_type":["Card","Card","Relic","Relic","Card","Potion"],"build_version":"2020-12-22","purchased_purges":4,"victory":true,"max_hp_per_floor":[66,66,66,66,66,66,66,66,66,66,66,66,66,66,66,66,66,66,66,66,66,66,66,66,66,66,66,66,66,66,66,66,68,68,68,70,70,72,72,72,72,72,72,74,74,76,76,76,76,78,78,78,80,80,80,82,67,69,69,69,71,71,71,71],"card_choices":[{"not_picked":["Poisoned Stab","Footwork"],"picked":"Backflip","floor":1.0},{"not_picked":["Quick Slash","Flying Knee"],"picked":"Blade Dance","floor":4.0},{"not_picked":["Heel Hook","PiercingWail"],"picked":"Grand Finale","floor":6.0},{"not_picked":["Dodge and Roll","Bouncing Flask","PiercingWail"],"picked":"SKIP","floor":7.0},{"not_picked":["Masterful Stab","Deflect","PiercingWail"],"picked":"SKIP","floor":8.0},{"not_picked":["PiercingWail","A Thousand Cuts","Finisher"],"picked":"SKIP","floor":9.0},{"not_picked":["Outmaneuver","Dodge and Roll"],"picked":"Backflip","floor":13.0},{"not_picked":["All Out Attack","Outmaneuver"],"picked":"Prepared","floor":14.0},{"not_picked":["Outmaneuver","Slice","Endless Agony"],"picked":"SKIP","floor":17.0},{"not_picked":["Die Die Die","Envenom"],"picked":"Malaise","floor":20.0},{"not_picked":["Dagger Spray","Flechettes","Deadly Poison"],"picked":"SKIP","floor":22.0},{"not_picked":["Bane","Blur","Deadly Poison"],"picked":"SKIP","floor":25.0},{"not_picked":["Predator","Dash","Heel Hook"],"picked":"Singing Bowl","floor":33.0},{"not_picked":["Finisher","Dash","Deadly Poison+1"],"picked":"Singing Bowl","floor":36.0},{"not_picked":["Backflip+1","Bane","Quick Slash"],"picked":"Singing Bowl","floor":38.0},{"not_picked":["Night Terror+1","Die Die Die"],"picked":"Adrenaline+1","floor":41.0},{"not_picked":["Deadly Poison+1","PiercingWail+1"],"picked":"Prepared+1","floor":43.0},{"not_picked":["Outmaneuver+1","Poisoned Stab","PiercingWail+1"],"picked":"Singing Bowl","floor":44.0},{"not_picked":["Outmaneuver+1","Noxious Fumes","Blade Dance+1"],"picked":"Singing Bowl","floor":46.0},{"not_picked":["Dagger Spray","Deflect+1","Poisoned Stab"],"picked":"Singing Bowl","floor":50.0},{"not_picked":["Deadly Poison+1","Flechettes+1","Heel Hook"],"picked":"Singing Bowl","floor":53.0},{"not_picked":["Footwork","Blur+1","Eviscerate+1"],"picked":"Singing Bowl","floor":56},{"not_picked":["Dagger Throw","Underhanded Strike","Sucker Punch"],"picked":"Singing Bowl","floor":58},{"not_picked":["Acrobatics+1","Dagger Throw+1","Predator"],"picked":"Singing Bowl","floor":61}],"player_experience":584436,"relics_obtained":[{"floor":6.0,"key":"Happy Flower"},{"floor":8.0,"key":"Bronze Scales"},{"floor":10.0,"key":"Potion Belt"},{"floor":11.0,"key":"Eternal Feather"},{"floor":13.0,"key":"The Specimen"},{"floor":17.0,"key":"Regal Pillow"},{"floor":30.0,"key":"Singing Bowl"},{"floor":31.0,"key":"Toxic Egg 2"},{"floor":32.0,"key":"Tiny Chest"},{"floor":33.0,"key":"Dead Branch"},{"floor":47.0,"key":"Pen Nib"},{"floor":50.0,"key":"Gremlin Horn"},{"floor":50.0,"key":"Mummified Hand"},{"floor":54.0,"key":"White Beast Statue"},{"floor":55.0,"key":"Bottled Flame"},{"floor":56,"key":"Oddly Smooth Stone"},{"floor":56,"key":"Art of War"},{"floor":60,"key":"Shuriken"}],"event_choices":[{"damage_healed":0.0,"max_hp_gain":0.0,"max_hp_loss":0.0,"gold_gain":0.0,"event_name":"Scrap Ooze","player_choice":"Success","floor":3.0,"gold_loss":0.0,"damage_taken":18.0,"relics_obtained":["Ice Cream"]},{"cards_removed":["Calculated Gamble"],"damage_healed":25.0,"max_hp_gain":0.0,"max_hp_loss":0.0,"gold_gain":0.0,"event_name":"Bonfire Elementals","player_choice":"Offered Uncommon","floor":5.0,"gold_loss":0.0,"damage_taken":0.0},{"damage_healed":0.0,"max_hp_gain":0.0,"max_hp_loss":0.0,"gold_gain":0.0,"event_name":"The Mausoleum","player_choice":"Ignored","floor":24.0,"gold_loss":0.0,"damage_taken":0.0},{"damage_healed":0.0,"max_hp_gain":0.0,"max_hp_loss":0.0,"gold_gain":50.0,"event_name":"Nest","player_choice":"Stole From Cult","floor":27.0,"gold_loss":0.0,"damage_taken":0.0},{"cards_removed":["Defend_G"],"damage_healed":0.0,"max_hp_gain":0.0,"max_hp_loss":0.0,"gold_gain":0.0,"event_name":"Back to Basics","player_choice":"Elegance","floor":34.0,"gold_loss":0.0,"damage_taken":0.0},{"damage_healed":0.0,"max_hp_gain":0.0,"max_hp_loss":0.0,"gold_gain":50.0,"event_name":"Golden Shrine","player_choice":"Pray","floor":37.0,"gold_loss":0.0,"damage_taken":0.0},{"damage_healed":67,"gold_gain":0,"player_choice":"Heal","damage_taken":0,"max_hp_gain":0,"max_hp_loss":15,"event_name":"The Moai Head","floor":57,"gold_loss":0},{"damage_healed":0,"gold_gain":0,"player_choice":"Embrace Madness","damage_taken":12,"max_hp_gain":0,"max_hp_loss":0,"event_name":"Winding Halls","floor":59,"gold_loss":0,"cards_obtained":["Madness","Madness"]}],"is_beta":false,"boss_relics":[{"not_picked":["Velvet Choker","Sozu","Cursed Key"]},{"not_picked":["Ring of the Serpent","SacredBark"],"picked":"Black Star"}],"items_purged_floors":[2,15,45,48],"is_endless":false,"potions_floor_spawned":[6,8,14,20,25,36,41,50,53,56,58,61],"ascension_level":19}}