{"host":"uceopoba4zvqsgiy","time":1614218507,"event":{"mods":["2.2 Compatiblity","Act Like it!","BaseMod","Better Skull","Better Third Choice","Elementarium","Evolution","GifTheSpireLib","Hermit","Humility","Infinite Spire","Jorbs\u0027s Wanderer Trilogy","Marked Mod","Minty Spire (QoL Compilation)","Potionbrewer","Reliquary","Replay The Spire","Robot Space Explorer","Shade Mod","Spicy Shops","StS++","StSLib","Stuff the Spire","The Blue Laboratory","The Caster","The Cursed","The Dragon Tamer","The Dragonkin","The Hierophant","The Judge","The Jungle","TheSurvivalist","Wandering Minibosses"],"gold_per_floor":[116,136,136,202,361,361,361,361],"floor_reached":7,"language":"ENG","playtime":174,"items_purged":[],"score":76,"play_id":"92e04787-604b-4e45-8646-87f002aaa4a1","local_time":"20210225123147","is_ascension_mode":true,"campfire_choices":[{"floor":6,"key":"REST"}],"circlet_count":0,"master_deck":["WordoMod:ScatterAshes","WordoMod:ScatterAshes","WordoMod:ScatterAshes","WordoMod:ScatterAshes","WordoMod:Exorcism","WordoMod:DefendCard","WordoMod:DefendCard","WordoMod:DefendCard","WordoMod:Accursed","WordoMod:IllWill","WordoMod:Unchained+1","WordoMod:ProjectilePurge","StuffTheSpire:GnomedCurse","WordoMod:Penitence"],"relics":["WordoMod:Obsidian","WordoMod:Effigy","EVO:Axolotl","NeowsBlessing","SsserpentHead","reliquary:SharkskinSheath","potionbrewer:ToyAutogyro","Pen Nib"],"acts_visited":["Exordium"],"potions_floor_usage":[],"damage_taken":[{"damage":0,"enemies":"Cultist","floor":1,"turns":1},{"damage":0,"enemies":"Small Slimes","floor":2,"turns":1},{"damage":0,"enemies":"Jaw Worm","floor":4,"turns":1},{"damage":44,"enemies":"Lagavulin","floor":7,"turns":5}],"seed_played":"-7656824587279772554","potions_obtained":[],"is_trial":false,"path_per_floor":["M","M","?","M","?","R","E"],"character_chosen":"JUDGE_CLASS","items_purchased":[],"campfire_rested":1,"item_purchase_floors":[],"current_hp_per_floor":[75,75,75,75,3,25,0,0],"gold":361,"neow_bonus":"THREE_ENEMY_KILL","is_daily":false,"chose_seed":false,"campfire_upgraded":0,"win_rate":0.0,"timestamp":1614218507,"path_taken":["M","?","?","?","?","R","E"],"items_purchased_type":[],"build_version":"2020-12-22","purchased_purges":0,"victory":false,"max_hp_per_floor":[75,75,75,75,75,75,75,75],"card_choices":[{"not_picked":["WordoMod:Parry","WordoMod:Sacrilege"],"picked":"WordoMod:Unchained","floor":1},{"not_picked":["WordoMod:Parry","WordoMod:Sickness"],"picked":"WordoMod:ProjectilePurge","floor":2},{"not_picked":["stsjorbsmod:Procrastination","Parasite"],"picked":"StuffTheSpire:GnomedCurse","floor":4},{"not_picked":["WordoMod:Taunt","WordoMod:InfectiousCulture"],"picked":"WordoMod:Penitence","floor":4}],"player_experience":1888671,"relics_obtained":[],"event_choices":[{"damage_healed":0,"gold_gain":0,"player_choice":"Trade","damage_taken":0,"relics_obtained":["SsserpentHead"],"max_hp_gain":0,"max_hp_loss":0,"event_name":"FaceTrader","floor":3,"gold_loss":0},{"damage_healed":0,"gold_gain":109,"player_choice":"RE UP RE RE GO ","damage_taken":81,"relics_obtained":["reliquary:SharkskinSheath","potionbrewer:ToyAutogyro","Pen Nib"],"max_hp_gain":0,"max_hp_loss":0,"event_name":"betterSkull:BetterSkull","floor":5,"gold_loss":0,"cards_upgraded":["WordoMod:Unchained"]}],"is_beta":false,"boss_relics":[],"items_purged_floors":[],"is_endless":false,"potions_floor_spawned":[],"killed_by":"Lagavulin","ascension_level":5,"is_humility":true}}