{"host":"z3m7ofiwbo1p8b5b","time":1614289406,"event":{"mods":["BaseMod","BetterRewards","Downfall","Minty Spire (QoL Compilation)","Replay The Spire","StSLib"],"gold_per_floor":[118,118,134,309,309,309,339,412,437,457,472,472,472,294,307,321,321,424,424,424,424,424,424,16,16,16,16,16,16,16,16,16,16,16,16,16,16,16,16,16,16,16,16],"floor_reached":42,"language":"ENG","playtime":2410,"items_purged":["Doubt"],"score":614,"play_id":"89c9c206-d17a-4b77-ac7e-3c4631485ed4","local_time":"20210225164326","is_ascension_mode":false,"campfire_choices":[{"data":"Toxin Wave","floor":6,"key":"SMITH"},{"floor":17,"key":"REST"},{"data":"Blade Dance","floor":25,"key":"SMITH"},{"data":"After Image","floor":30,"key":"SMITH"},{"data":"Blade Dance","floor":34,"key":"SMITH"}],"circlet_count":0,"master_deck":["Strike_G","Strike_G","Strike_G","Defend_G","Defend_G","Defend_G","Defend_G","Defend_G","Survivor","Neutralize","Toxin Wave","Dash","Toxin Wave+1","Hidden Blade","Sucker Punch","Blade Dance+1","Writhe","After Image+1","PiercingWail","RitualDagger","Cloak And Dagger","ReplayTheSpireMod:Shiv Toss","Blade Dance+1","Envenom","Backstab+1"],"relics":["Ring of the Snake","Lizard Tail","ReplayTheSpireMod:TigerMarble","Mummified Hand","Art of War","Darkstone Periapt","ReplayTheSpireMod:CursedCoin","Replay:Grab Bag","Sozu","Ectoplasm","HoveringKite","ReplayFunnel","Orichalcum","Snake Skull","Replay:Ringing Soul","Replay:Wax Seal","ReplayTheSpireMod:Ninjato","Black Star","Chameleon Ring"],"acts_visited":["Exordium","TheCity","TheBeyond"],"potions_floor_usage":[7,16,18,26],"damage_taken":[{"damage":0,"enemies":"Jaw Worm","floor":1,"turns":3},{"damage":0,"enemies":"Cultist","floor":3,"turns":3},{"damage":29,"enemies":"Lagavulin","floor":7,"turns":7},{"damage":0,"enemies":"2 Louse","floor":10,"turns":2},{"damage":7,"enemies":"Blue Slaver","floor":11,"turns":4},{"damage":18,"enemies":"Exordium Wildlife","floor":15,"turns":4},{"damage":0,"enemies":"3 Louse","floor":16,"turns":1},{"damage":53,"enemies":"Slime Boss","floor":18,"turns":10},{"damage":0,"enemies":"Shell Parasite","floor":20,"turns":4},{"damage":0,"enemies":"3 Byrds","floor":26,"turns":3},{"damage":0,"enemies":"Replay:Snechameleon","floor":27,"turns":8},{"damage":0,"enemies":"Snecko","floor":31,"turns":3},{"damage":3,"enemies":"Snake Plant","floor":33,"turns":5},{"damage":43,"enemies":"Collector","floor":35,"turns":11},{"damage":4,"enemies":"Orb Walker","floor":37,"turns":3},{"damage":9,"enemies":"3 Darklings","floor":40,"turns":5},{"damage":105,"enemies":"Nemesis","floor":42,"turns":9}],"seed_played":"-6242756415511529831","potions_obtained":[{"floor":3,"key":"FearPotion"},{"floor":7,"key":"Elixir"},{"floor":15,"key":"Explosive Potion"},{"floor":18,"key":"Strength Potion"}],"is_trial":false,"path_per_floor":["M","?","M","?","?","R","E","T","T","M","M","PTL","PTL","$","M","M","R","B",null,"M","?","T","?","$","R","M","E","T","?","R","M","$","M","R","B",null,"M","?","$","M","?","E"],"character_chosen":"THE_SILENT","items_purchased":["Dash","Darkstone Periapt","ReplayTheSpireMod:CursedCoin","Snake Skull","Replay:Ringing Soul"],"campfire_rested":1,"item_purchase_floors":[0,14,14,24,24],"current_hp_per_floor":[63,63,63,63,68,68,39,39,39,39,32,32,32,38,20,20,44,38,81,81,81,81,75,75,75,78,78,78,78,78,81,81,81,81,41,93,89,89,89,83,83,0,0],"gold":16,"neow_bonus":"","is_daily":false,"chose_seed":false,"campfire_upgraded":4,"win_rate":0.0,"timestamp":1614289406,"path_taken":["M","?","?","?","?","R","E","?","T","M","M","PTL","PTL","$","?","M","R","BOSS","M","?","?","?","$","R","M","E","T","?","R","M","$","M","R","BOSS","M","?","$","M","?","E"],"items_purchased_type":["Card","Relic","Relic","Relic","Relic"],"build_version":"2020-12-22","purchased_purges":1,"victory":false,"max_hp_per_floor":[70,70,70,70,75,75,75,75,75,75,75,75,75,81,81,81,81,81,81,81,81,81,81,81,81,84,84,84,84,84,87,87,90,90,93,93,93,93,93,96,96,96,96],"card_choices":[{"not_picked":["Dagger Throw","Endless Agony"],"picked":"Toxin Wave","floor":1},{"not_picked":["Deflect","Underhanded Strike"],"picked":"Hidden Blade","floor":3},{"not_picked":["Phantasmal Killer","Poisoned Stab"],"picked":"Sucker Punch","floor":7},{"not_picked":["Sucker Punch","All Out Attack","Setup"],"picked":"SKIP","floor":10},{"not_picked":["Sucker Punch","PiercingWail"],"picked":"Blade Dance","floor":11},{"not_picked":["Blur","Quick Slash","Dash"],"picked":"SKIP","floor":15},{"not_picked":["Underhanded Strike","Dagger Throw","Cloak And Dagger"],"picked":"SKIP","floor":16},{"not_picked":["Die Die Die","Bullet Time"],"picked":"After Image","floor":18},{"not_picked":["Backflip","Distraction"],"picked":"PiercingWail","floor":20},{"not_picked":["Poisoned Stab","Dagger Throw"],"picked":"Cloak And Dagger","floor":26},{"not_picked":["Replay:Bag of Tricks","Envenom","Quick Slash"],"picked":"SKIP","floor":27},{"not_picked":["Dodge and Roll+1","Calculated Gamble+1"],"picked":"ReplayTheSpireMod:Shiv Toss","floor":31},{"not_picked":["Deflect","Well Laid Plans"],"picked":"Blade Dance","floor":33},{"not_picked":["Tools of the Trade","Malaise"],"picked":"Envenom","floor":35},{"not_picked":["Draining Mist","ReplayTheSpireMod:Shiv Toss+1","Hidden Blade"],"picked":"SKIP","floor":37},{"not_picked":["Reflex","Slice+1"],"picked":"Backstab+1","floor":40}],"player_experience":223150,"relics_obtained":[{"floor":7,"key":"ReplayTheSpireMod:TigerMarble"},{"floor":8,"key":"Mummified Hand"},{"floor":9,"key":"Art of War"},{"floor":22,"key":"Orichalcum"},{"floor":27,"key":"Replay:Wax Seal"},{"floor":28,"key":"ReplayTheSpireMod:Ninjato"},{"floor":38,"key":"Chameleon Ring"}],"event_choices":[{"cards_removed":["Strike_G"],"damage_healed":0,"gold_gain":0,"player_choice":"Offered Basic","damage_taken":0,"max_hp_gain":0,"max_hp_loss":0,"event_name":"Bonfire Elementals","floor":2,"gold_loss":0},{"damage_healed":0,"gold_gain":175,"player_choice":"AGREE","damage_taken":0,"max_hp_gain":0,"max_hp_loss":0,"event_name":"Liars Game","floor":4,"gold_loss":0,"cards_obtained":["Doubt"]},{"damage_healed":0,"gold_gain":0,"player_choice":"Donut","damage_taken":0,"max_hp_gain":5,"max_hp_loss":0,"event_name":"Big Fish","floor":5,"gold_loss":0},{"damage_healed":0,"gold_gain":0,"player_choice":"Joined the Cult","damage_taken":6,"max_hp_gain":0,"max_hp_loss":0,"event_name":"Nest","floor":23,"gold_loss":0,"cards_obtained":["RitualDagger"]},{"damage_healed":0,"gold_gain":0,"player_choice":"Ignored","damage_taken":0,"max_hp_gain":0,"max_hp_loss":0,"event_name":"Ghosts","floor":29,"gold_loss":0},{"damage_healed":0,"gold_gain":0,"player_choice":"Ignored","damage_taken":0,"max_hp_gain":0,"max_hp_loss":0,"event_name":"Mysterious Sphere","floor":41,"gold_loss":0}],"is_beta":false,"boss_relics":[{"not_picked":["Honey Jar","Ring of the Serpent"],"picked":"Replay:Grab Bag"},{"not_picked":["ReplayTheSpireMod:DimensionalGlitch","Abe\u0027s Treasure"],"picked":"Sozu"},{"not_picked":["Painkiller Herb","Fusion Hammer"],"picked":"Ectoplasm"},{"not_picked":["Runic Pyramid","Replay:Drink Me"],"picked":"HoveringKite"},{"not_picked":["Astrolabe","Tiny House"],"picked":"Black Star"}],"items_purged_floors":[14],"is_endless":false,"potions_floor_spawned":[3,7,15,18,31,33,35,40],"killed_by":"Nemesis","ascension_level":0}}