{"host":"ap8nepptd6icxyz7","time":1614286702,"event":{"mods":["2.2 Compatiblity","AchievementEnabler","BaseMod","Bestiary","Better Altar","Better Match","Better Note","Better Sensory Stone","Better Skull","Better Third Choice","Better Vampires","Challenge The Spire","Colored Map","Colored Powertips","Colorless Booster Pack","Custom Start","Displayed Cursed Tome","Energized Spire","Faster Ascension Climbing","Hermit","Highlight Path","Jorbs\u0027s Wanderer Trilogy","Marked Mod","Mimic Mod","Minty Spire (QoL Compilation)","Permanent Neow","Quick Restart","Random Character Button","Rare Cards Sparkle","Relic Sorter","Relic Stats","Reliquary","SCP261 Mod","SacredBarkPlus","StSLib","Uncapped"],"gold_per_floor":[116,130,130,150,162,196,207,239,273,304,316,328,374,398,410,525,537,563,593,605,242,242,242,270,290,290,310,310,323,101,136,136,241,241,258,18,18,18,31,60,60,86,86,86,86,119,5,15,15,15],"floor_reached":51,"language":"ENG","playtime":2968,"items_purged":["Defend_G","Strike_G"],"score":1029,"play_id":"c16de62e-7cd3-4ce7-aac6-c26da431ec83","local_time":"20210225145822","is_ascension_mode":true,"campfire_choices":[{"floor":12.0,"key":"REST"},{"data":"Reflex","floor":15.0,"key":"SMITH"},{"data":"Glass Knife","floor":23.0,"key":"SMITH"},{"data":"Tools of the Trade","floor":28.0,"key":"SMITH"},{"floor":32.0,"key":"REST"},{"floor":41.0,"key":"REST"},{"data":"Glass Knife","floor":44.0,"key":"SMITH"},{"floor":49.0,"key":"REST"}],"circlet_count":0,"master_deck":["Strike_G","Strike_G","Defend_G","Defend_G","Defend_G","Defend_G","Survivor","Neutralize","Dagger Throw","Reflex+1","Predator","Deflect","Glass Knife+1","Footwork","Well Laid Plans","Acrobatics","Slice+1","Apotheosis+1","Slice+1","Tools of the Trade+1","CurseOfTheBell","Deflect","Berserk+1","Flash of Steel","Caltrops","Berserk+1","Caltrops","Terror+1","Tactician+1","Prepared+1","Well Laid Plans","Secret Weapon+1","Dramatic Entrance","Underhanded Strike","Glass Knife+1","Blur+1","Slice+1","Slice+1","Flechettes","Adrenaline+1","Escape Plan+1","PiercingWail+1"],"relics":["Ring of the Snake","Kunai","Nunchaku","Pen Nib","reliquary:TatteredRug","MawBank","Centennial Puzzle","Calling Bell","Bird Faced Urn","Membership Card","Toxic Egg 2","Lizard Tail","Letter Opener","Oddly Smooth Stone","reliquary:Craggleroot","reliquary:FeatherDuster","Juzu Bracelet","Bronze Scales","Whetstone"],"acts_visited":["Exordium","TheCity","TheBeyond"],"potions_floor_usage":[50],"damage_taken":[{"damage":1.0,"enemies":"Jaw Worm","floor":1.0,"turns":4.0},{"damage":1.0,"enemies":"2 Louse","floor":2.0,"turns":3.0},{"damage":1.0,"enemies":"Small Slimes","floor":4.0,"turns":5.0},{"damage":5.0,"enemies":"Gremlin Gang","floor":5.0,"turns":2.0},{"damage":10.0,"enemies":"Lagavulin","floor":6.0,"turns":6.0},{"damage":1.0,"enemies":"3 Louse","floor":7.0,"turns":2.0},{"damage":4.0,"enemies":"Gremlin Nob","floor":8.0,"turns":3.0},{"damage":11.0,"enemies":"Large Slime","floor":9.0,"turns":7.0},{"damage":8.0,"enemies":"Large Slime","floor":10.0,"turns":6.0},{"damage":6.0,"enemies":"3 Sentries","floor":13.0,"turns":7.0},{"damage":13.0,"enemies":"Looter","floor":14.0,"turns":3.0},{"damage":0.0,"enemies":"Slime Boss","floor":16.0,"turns":5.0},{"damage":8.0,"enemies":"2 Thieves","floor":18.0,"turns":3.0},{"damage":6.0,"enemies":"Spheric Guardian","floor":19.0,"turns":4.0},{"damage":8.0,"enemies":"Gremlin Leader","floor":24.0,"turns":8.0},{"damage":2.0,"enemies":"Snake Plant","floor":25.0,"turns":3.0},{"damage":0.0,"enemies":"3 Cultists","floor":27.0,"turns":5.0},{"damage":17.0,"enemies":"Shelled Parasite and Fungi","floor":29.0,"turns":4.0},{"damage":33.0,"enemies":"Slavers","floor":31.0,"turns":5.0},{"damage":19.0,"enemies":"Champ","floor":33.0,"turns":7.0},{"damage":19.0,"enemies":"3 Shapes","floor":35.0,"turns":4.0},{"damage":10.0,"enemies":"3 Darklings","floor":39.0,"turns":5.0},{"damage":33.0,"enemies":"Nemesis","floor":40.0,"turns":5.0},{"damage":1.0,"enemies":"Reptomancer","floor":42.0,"turns":6.0},{"damage":23.0,"enemies":"Nemesis","floor":46.0,"turns":3.0},{"damage":9.0,"enemies":"4 Shapes","floor":48.0,"turns":6.0},{"damage":106,"enemies":"Donu and Deca","floor":50,"turns":10}],"seed_played":"7729137145510664726","potions_obtained":[{"floor":1.0,"key":"SCP261:ThunderBarPotion"},{"floor":4.0,"key":"SCP261:PenguinPunchPotion"},{"floor":5.0,"key":"Dexterity Potion"},{"floor":7.0,"key":"FearPotion"},{"floor":14.0,"key":"Energy Potion"},{"floor":16.0,"key":"Block Potion"},{"floor":18.0,"key":"SpeedPotion"},{"floor":24.0,"key":"Block Potion"},{"floor":27.0,"key":"Swift Potion"},{"floor":31.0,"key":"Weak Potion"},{"floor":36.0,"key":"SCP261:BlastolaColaPotion"},{"floor":36.0,"key":"SCP261:BlastolaColaPotion"},{"floor":36.0,"key":"GamblersBrew"},{"floor":38.0,"key":"SCP261:BlastolaColaPotion"},{"floor":42.0,"key":"SteroidPotion"},{"floor":46.0,"key":"LiquidBronze"}],"is_trial":false,"path_per_floor":["M","M","?","M","M","E","M","E","MIM","M","?","R","E","M","R","B",null,"M","M","?","$","?","R","E","M","T","M","R","M","$","E","R","B",null,"M","?","?","?","M","E","R","E","T","R","?","E","$","M","R","B",null],"character_chosen":"THE_SILENT","items_purchased":["Membership Card","Toxic Egg 2","Flash of Steel","Caltrops","Well Laid Plans","Secret Weapon+1","Dramatic Entrance","Adrenaline+1","Escape Plan+1"],"campfire_rested":4,"item_purchase_floors":[21,21,21,21,30,30,30,47,47],"current_hp_per_floor":[69,68,68,67,62,52,51,47,36,28,28,49,43,30,30,30,70,62,62,62,62,62,62,62,62,62,68,68,53,53,30,51,48,70,59,59,59,59,58,39,58,66,66,66,66,51,51,52,66,14],"gold":15,"neow_bonus":"THREE_CARDS","is_daily":false,"chose_seed":false,"campfire_upgraded":4,"win_rate":0.0,"timestamp":1614286702,"path_taken":["M","M","?","M","M","E","M","E","MIM","M","?","R","E","M","R","BOSS","M","M","?","$","?","R","E","M","T","M","R","?","$","E","R","BOSS","M","?","?","?","M","E","R","E","T","R","?","E","?","M","R","BOSS"],"items_purchased_type":["Relic","Relic","Card","Card","Card","Card","Card","Card","Card"],"build_version":"2020-12-22","purchased_purges":2,"victory":true,"max_hp_per_floor":[70,70,70,70,70,70,70,70,70,70,70,70,70,70,70,70,70,70,70,70,70,70,70,70,70,70,70,70,70,70,70,70,70,70,70,70,66,66,66,66,66,66,66,66,66,66,66,66,66,66],"relic_stats":{"counters":[27,131],"Pen Nib":[25],"Juzu Bracelet":1,"Letter Opener":[197],"Whetstone":["Slice","Slice"],"MawBank":144,"Nunchaku":[19],"Centennial Puzzle":[45],"Lizard Tail":33,"Bird Faced Urn":[121],"Bronze Scales":[57],"Kunai":[39],"obtain_stats":[{"reliquary:FeatherDuster":40,"Oddly Smooth Stone":31,"Pen Nib":6,"reliquary:TatteredRug":8,"Juzu Bracelet":42,"Letter Opener":26,"Whetstone":46,"MawBank":9,"Calling Bell":17,"Centennial Puzzle":13,"Nunchaku":17,"Lizard Tail":24,"Bird Faced Urn":17,"Bronze Scales":43,"reliquary:Craggleroot":34,"Kunai":17,"Membership Card":21,"Toxic Egg 2":21,"Ring of the Snake":0},{"reliquary:FeatherDuster":23,"Oddly Smooth Stone":19,"Pen Nib":5,"reliquary:TatteredRug":7,"Juzu Bracelet":24,"Letter Opener":16,"Whetstone":25,"MawBank":8,"Calling Bell":12,"Centennial Puzzle":10,"Nunchaku":12,"Lizard Tail":15,"Bird Faced Urn":12,"Bronze Scales":24,"reliquary:Craggleroot":20,"Kunai":12,"Membership Card":14,"Toxic Egg 2":14,"Ring of the Snake":0},{"reliquary:FeatherDuster":106,"Oddly Smooth Stone":85,"Pen Nib":20,"reliquary:TatteredRug":25,"Juzu Bracelet":112,"Letter Opener":71,"Whetstone":115,"MawBank":32,"Calling Bell":53,"Centennial Puzzle":45,"Nunchaku":53,"Lizard Tail":68,"Bird Faced Urn":53,"Bronze Scales":112,"reliquary:Craggleroot":92,"Kunai":53,"Membership Card":60,"Toxic Egg 2":60,"Ring of the Snake":0}],"Ring of the Snake":[54]},"card_choices":[{"not_picked":["Deadly Poison","Bane"],"picked":"Dagger Throw","floor":0.0},{"not_picked":["Bouncing Flask","Deadly Poison","Dagger Spray"],"picked":"SKIP","floor":1.0},{"not_picked":["Bouncing Flask","Deadly Poison","Dagger Spray"],"picked":"SKIP","floor":1.0},{"not_picked":["Bane","Dash"],"picked":"Reflex","floor":2.0},{"not_picked":["Dagger Spray","Escape Plan","Poisoned Stab"],"picked":"SKIP","floor":4.0},{"not_picked":["Sucker Punch","Flying Knee"],"picked":"Deflect","floor":5.0},{"not_picked":["Burst","Slice"],"picked":"Glass Knife","floor":6.0},{"not_picked":["Sucker Punch","Well Laid Plans"],"picked":"Footwork","floor":7.0},{"not_picked":["Choke","Malaise"],"picked":"Well Laid Plans","floor":8.0},{"not_picked":["Dodge and Roll","Quick Slash"],"picked":"Acrobatics","floor":9.0},{"not_picked":["Sucker Punch","Masterful Stab"],"picked":"Slice","floor":10.0},{"not_picked":["Predator","Leg Sweep"],"picked":"Slice","floor":13.0},{"not_picked":["Dash","Bane","Crippling Poison"],"picked":"SKIP","floor":14.0},{"not_picked":["Malaise","After Image"],"picked":"Tools of the Trade","floor":16.0},{"not_picked":["Choke","PiercingWail","Leg Sweep"],"picked":"SKIP","floor":18.0},{"not_picked":["Sucker Punch","Dodge and Roll"],"picked":"Deflect","floor":19.0},{"not_picked":["Dagger Spray","Poisoned Stab"],"picked":"Caltrops","floor":24.0},{"not_picked":["Footwork","Escape Plan+1"],"picked":"Terror+1","floor":25.0},{"not_picked":["Infinite Blades","Malaise+1"],"picked":"Tactician+1","floor":27.0},{"not_picked":["Leg Sweep+1","Predator+1"],"picked":"Prepared+1","floor":29.0},{"not_picked":["Malaise+1","Bouncing Flask+1"],"picked":"Underhanded Strike","floor":31.0},{"not_picked":["Adrenaline+1","Doppelganger+1"],"picked":"Glass Knife","floor":33.0},{"not_picked":["Deadly Poison+1","Dash+1"],"picked":"Blur+1","floor":35.0},{"not_picked":["Poisoned Stab","Bane+1"],"picked":"Slice+1","floor":39.0},{"not_picked":["Acrobatics+1","Prepared+1"],"picked":"Slice+1","floor":40.0},{"not_picked":["Quick Slash","Outmaneuver+1","Blade Dance+1"],"picked":"SKIP","floor":42.0},{"not_picked":["Bane+1","Flying Knee+1"],"picked":"Flechettes","floor":46.0},{"not_picked":["Doppelganger+1","Catalyst+1"],"picked":"PiercingWail+1","floor":48.0}],"player_experience":38653,"relics_obtained":[{"floor":6.0,"key":"Pen Nib"},{"floor":8.0,"key":"reliquary:TatteredRug"},{"floor":9.0,"key":"MawBank"},{"floor":13.0,"key":"Centennial Puzzle"},{"floor":17.0,"key":"Bird Faced Urn"},{"floor":17.0,"key":"Kunai"},{"floor":17.0,"key":"Nunchaku"},{"floor":24.0,"key":"Lizard Tail"},{"floor":26.0,"key":"Letter Opener"},{"floor":31.0,"key":"Oddly Smooth Stone"},{"floor":40.0,"key":"reliquary:FeatherDuster"},{"floor":42.0,"key":"Juzu Bracelet"},{"floor":43.0,"key":"Bronze Scales"},{"floor":46.0,"key":"Whetstone"}],"event_choices":[{"damage_healed":0.0,"max_hp_gain":0.0,"max_hp_loss":0.0,"gold_gain":0.0,"cards_transformed":["Strike_G"],"event_name":"Living Wall","player_choice":"Change","floor":3.0,"gold_loss":0.0,"damage_taken":0.0,"cards_obtained":["Predator"]},{"damage_healed":28.0,"max_hp_gain":0.0,"max_hp_loss":70.0,"gold_gain":0.0,"event_name":"betterThird:BetterShining","player_choice":"Embrace","floor":11.0,"gold_loss":0.0,"damage_taken":0.0},{"cards_removed":["Apotheosis"],"damage_healed":0.0,"max_hp_gain":0.0,"max_hp_loss":0.0,"gold_gain":0.0,"event_name":"betterNote:BetterNote","player_choice":"Take \u0026 Give","floor":20.0,"gold_loss":0.0,"damage_taken":0.0,"cards_obtained":["Berserk"]},{"damage_healed":0.0,"max_hp_gain":0.0,"max_hp_loss":0.0,"gold_gain":0.0,"event_name":"Duplicator","player_choice":"Copied","floor":22.0,"gold_loss":0.0,"damage_taken":0.0,"cards_obtained":["Berserk"]},{"damage_healed":0.0,"max_hp_gain":0.0,"max_hp_loss":4.0,"gold_gain":0.0,"event_name":"Winding Halls","player_choice":"Max HP","floor":37.0,"gold_loss":0.0,"damage_taken":0.0},{"damage_healed":0.0,"max_hp_gain":0.0,"max_hp_loss":0.0,"gold_gain":0.0,"event_name":"Lab","player_choice":"Got Potions","floor":38.0,"gold_loss":0.0,"damage_taken":0.0},{"cards_removed":["Strike_G"],"damage_healed":0.0,"max_hp_gain":0.0,"max_hp_loss":0.0,"gold_gain":0.0,"event_name":"Purifier","player_choice":"Purged","floor":45.0,"gold_loss":0.0,"damage_taken":0.0}],"is_beta":false,"boss_relics":[{"not_picked":["Runic Dome","Fusion Hammer"],"picked":"Calling Bell"},{"not_picked":["energizedSpire:OgreHead","Ring of the Serpent"],"picked":"reliquary:Craggleroot"}],"items_purged_floors":[21,30],"is_endless":false,"potions_floor_spawned":[1,4,5,7,14,16,18,24,27,31,42,46],"ascension_level":4}}