{"host":"rkogaz10iou00zbv","time":1614260895,"event":{"mods":["2.2 Compatiblity","BaseMod","Hermit","Minty Spire (QoL Compilation)","Quick Restart","StSLib","The Blackbeard","The Bladedancer","The Death Knight","The Necromancer","The Senshi"],"gold_per_floor":[111,111,121,121,139,167,167,167,167,167,179,195,195,215,215,313,313,328,328,347,347,365,394,151,151,151,168,168,183,211,221,221,317,317,329,349,368,384,3,3,0,31,112,112,125,142,142,161,161,161],"floor_reached":51,"language":"ENG","playtime":1929,"items_purged":[],"score":798,"play_id":"d0c80b6f-7029-476d-920e-7d47dab5a6b9","local_time":"20210225214815","is_ascension_mode":false,"campfire_choices":[{"data":"theSenshi:MoonPrismPowerMakeUp","floor":7.0,"key":"SMITH"},{"data":"theSenshi:MoonPrincessHalation","floor":10.0,"key":"SMITH"},{"data":"theSenshi:SailorMarsAssists","floor":13.0,"key":"SMITH"},{"data":"theSenshi:MoonPrincessHalation","floor":15.0,"key":"SMITH"},{"data":"theSenshi:StudyParty","floor":25,"key":"SMITH"},{"data":"theSenshi:SailorMercuryAssists","floor":32,"key":"SMITH"},{"data":"theSenshi:SailorStarFighterAssists","floor":40,"key":"SMITH"},{"data":"theSenshi:IWillPunishYou","floor":44,"key":"SMITH"},{"data":"theSenshi:SailorChibiMoonAssists","floor":47,"key":"SMITH"},{"data":"theSenshi:Sidestep","floor":49,"key":"SMITH"}],"circlet_count":0,"master_deck":["theSenshi:SailorKick","theSenshi:SailorKick","theSenshi:SailorKick","theSenshi:SailorKick","theSenshi:SailorBlock","theSenshi:SailorBlock","theSenshi:SailorBlock","theSenshi:SailorBlock","theSenshi:RoseThrow+1","theSenshi:MoonPrismPowerMakeUp+1","theSenshi:VenusGlamour+1","theSenshi:MoonPrincessHalation+1","theSenshi:VenusGlamour","theSenshi:SailorChibiMoonAssists+1","theSenshi:SchoolBag","theSenshi:SailorMarsAssists+1","theSenshi:MoonPrincessHalation+1","theSenshi:StudyParty+1","theSenshi:Sidestep+1","theSenshi:InTheNickOfTime+1","theSenshi:MoonPunch+1","theSenshi:SailorStarFighterAssists+1","theSenshi:SupersonicWaves","theSenshi:SailorMercuryAssists+1","theSenshi:IWillPunishYou+1","theSenshi:SailorPlanetAttack+1","theSenshi:SailorMercuryAssists+1","theSenshi:TuxedoSmokingBomber","theSenshi:TallSilhouette+1","Parasite","theSenshi:Sidestep+1","theSenshi:KlutzyLuck+1"],"relics":["theSenshi:TransformationBroochRelic","NeowsBlessing","Mercury Hourglass","FaceOfCleric","Meat on the Bone","SlaversCollar","MutagenicStrength","Pear","Letter Opener","Sundial","Bottled Tornado","Thread and Needle","Coffee Dripper","Regal Pillow","Membership Card","Happy Flower","Red Mask","Art of War","Question Card"],"acts_visited":["Exordium","TheCity","TheBeyond"],"potions_floor_usage":[23,33,33,33,38,48,48,50,50],"damage_taken":[{"damage":0.0,"enemies":"2 Louse","floor":1.0,"turns":1.0},{"damage":0.0,"enemies":"Small Slimes","floor":3.0,"turns":1.0},{"damage":0.0,"enemies":"Cultist","floor":5.0,"turns":2.0},{"damage":15.0,"enemies":"3 Sentries","floor":6.0,"turns":4.0},{"damage":0.0,"enemies":"3 Louse","floor":11.0,"turns":2.0},{"damage":9.0,"enemies":"Blue Slaver","floor":12.0,"turns":2.0},{"damage":0.0,"enemies":"Large Slime","floor":14.0,"turns":2.0},{"damage":15.0,"enemies":"The Guardian","floor":16.0,"turns":8.0},{"damage":6,"enemies":"Chosen","floor":18,"turns":3},{"damage":0,"enemies":"3 Byrds","floor":20,"turns":3},{"damage":19,"enemies":"3 Cultists","floor":22,"turns":4},{"damage":15,"enemies":"Slavers","floor":23,"turns":3},{"damage":9,"enemies":"Snake Plant","floor":27,"turns":3},{"damage":0,"enemies":"Chosen and Byrds","floor":29,"turns":3},{"damage":0,"enemies":"Gremlin Leader","floor":30,"turns":5},{"damage":7,"enemies":"Centurion and Healer","floor":31,"turns":4},{"damage":17,"enemies":"Collector","floor":33,"turns":5},{"damage":19,"enemies":"3 Darklings","floor":35,"turns":3},{"damage":16,"enemies":"Orb Walker","floor":36,"turns":3},{"damage":19,"enemies":"4 Shapes","floor":37,"turns":3},{"damage":14,"enemies":"Jaw Worm Horde","floor":38,"turns":3},{"damage":10,"enemies":"Nemesis","floor":42,"turns":5},{"damage":0,"enemies":"Writhing Mass","floor":45,"turns":6},{"damage":0,"enemies":"3 Darklings","floor":46,"turns":4},{"damage":7,"enemies":"4 Shapes","floor":48,"turns":3},{"damage":40,"enemies":"Donu and Deca","floor":50,"turns":7}],"seed_played":"-113851779630703706","potions_obtained":[{"floor":1.0,"key":"SpeedPotion"},{"floor":5.0,"key":"Explosive Potion"},{"floor":11.0,"key":"EntropicBrew"},{"floor":20,"key":"Block Potion"},{"floor":30,"key":"EssenceOfSteel"},{"floor":33,"key":"SteroidPotion"},{"floor":35,"key":"BlessingOfTheForge"},{"floor":36,"key":"PowerPotion"},{"floor":42,"key":"Explosive Potion"},{"floor":48,"key":"Strength Potion"}],"is_trial":false,"path_per_floor":["M","?","M","$","M","E","R","?","T","R","M","M","R","M","R","B",null,"M","?","M","?","M","E","$","R","T","M","T","M","E","M","R","B",null,"M","M","M","M","$","R","?","E","T","R","M","M","R","M","R","B",null],"character_chosen":"THE_SENSHI","items_purchased":["Letter Opener","Regal Pillow","Membership Card","Happy Flower"],"campfire_rested":0,"item_purchase_floors":[24,39,39,39],"current_hp_per_floor":[75,60,60,60,60,45,45,45,45,45,46,50,50,51,51,49,79,74,74,75,75,57,53,53,53,53,57,57,58,59,53,53,49,98,80,65,59,58,58,58,58,61,61,61,62,63,63,57,57,30],"gold":161,"neow_bonus":"THREE_ENEMY_KILL","is_daily":false,"chose_seed":false,"campfire_upgraded":10,"win_rate":0.0,"timestamp":1614260895,"path_taken":["M","?","M","$","M","E","R","?","T","R","M","M","R","M","R","BOSS","M","?","M","?","M","E","$","R","T","M","?","M","E","M","R","BOSS","M","M","M","M","$","R","?","E","T","R","M","M","R","M","R","BOSS"],"items_purchased_type":["Relic","Relic","Relic","Relic"],"build_version":"2020-12-22","purchased_purges":0,"victory":true,"max_hp_per_floor":[75,75,75,75,75,75,75,75,75,75,76,77,77,78,78,79,79,80,80,81,81,82,93,93,93,93,94,94,95,96,97,97,98,98,99,100,101,102,102,102,102,103,103,103,104,105,105,106,106,107],"card_choices":[{"not_picked":["theSenshi:SailorVenusAssists","theSenshi:SailorMercuryAssists"],"picked":"theSenshi:VenusGlamour","floor":1.0},{"not_picked":["theSenshi:Sidestep","theSenshi:EncouragingSpeech"],"picked":"theSenshi:MoonPrincessHalation","floor":3.0},{"not_picked":["theSenshi:RainbowMoonHeartAche","theSenshi:EncouragingSpeech"],"picked":"theSenshi:VenusGlamour","floor":5.0},{"not_picked":["theSenshi:SailorCosmosAssists","theSenshi:KlutzyLuck"],"picked":"theSenshi:SailorChibiMoonAssists","floor":6.0},{"not_picked":["theSenshi:SupersonicWaves","theSenshi:SailorChibiMoonAssists"],"picked":"theSenshi:SchoolBag","floor":11.0},{"not_picked":["theSenshi:Sidestep","theSenshi:SailorMercuryAssists"],"picked":"theSenshi:SailorMarsAssists","floor":12.0},{"not_picked":["theSenshi:TuxedoMaskAssists","theSenshi:MoonsReflection"],"picked":"theSenshi:MoonPrincessHalation","floor":14.0},{"not_picked":["theSenshi:JupitersPower","theSenshi:SilverMoonCrystalPowerKiss"],"picked":"theSenshi:StudyParty","floor":16.0},{"not_picked":["theSenshi:SailorChibiMoonAssists+1","theSenshi:SailorStarMakerAssists+1","theSenshi:MoonPrincessHalation"],"picked":"SKIP","floor":18},{"not_picked":["theSenshi:SteeledNerves","theSenshi:MoonKick","theSenshi:VenusGlamour"],"picked":"SKIP","floor":20},{"not_picked":["theSenshi:LunasBite","theSenshi:SailorVenusAssists"],"picked":"theSenshi:Sidestep","floor":22},{"not_picked":["theSenshi:MercurysCunning","theSenshi:MoonCosmicPowerMakeUp"],"picked":"theSenshi:InTheNickOfTime+1","floor":23},{"not_picked":["theSenshi:MoonPrincessHalation","theSenshi:LunasBite"],"picked":"theSenshi:MoonPunch+1","floor":27},{"not_picked":["theSenshi:SailorV+1","theSenshi:PlutosSolemnity"],"picked":"theSenshi:SailorStarFighterAssists","floor":29},{"not_picked":["theSenshi:MoonTiaraMagic+1","theSenshi:MoonPrincessHalation"],"picked":"theSenshi:SupersonicWaves","floor":30},{"not_picked":["theSenshi:NeptunesGrace+1","theSenshi:SailorNeptuneAssists+1"],"picked":"theSenshi:SailorMercuryAssists","floor":31},{"not_picked":["theSenshi:MoonGorgeousMeditation","theSenshi:InTheNameOfTheMoon"],"picked":"theSenshi:IWillPunishYou","floor":33},{"not_picked":["theSenshi:EncouragingSpeech","theSenshi:MoonPunch"],"picked":"theSenshi:SailorPlanetAttack+1","floor":35},{"not_picked":["theSenshi:MoonSpiralHeartAttack+1","theSenshi:LateForSchool+1"],"picked":"theSenshi:SailorMercuryAssists+1","floor":36},{"not_picked":["theSenshi:MoonsReflection","theSenshi:SailorChibiMoonAssists"],"picked":"theSenshi:TuxedoSmokingBomber","floor":37},{"not_picked":["theSenshi:MoonPunch","theSenshi:LateForSchool"],"picked":"theSenshi:TallSilhouette+1","floor":38},{"not_picked":["theSenshi:MoonKick+1","theSenshi:SailorStarFighterAssists+1","theSenshi:TallSilhouette"],"picked":"SKIP","floor":42},{"not_picked":["theSenshi:RainbowMoonHeartAche+1","theSenshi:SailorCosmosAssists","theSenshi:LunasBite+1"],"picked":"theSenshi:Sidestep+1","floor":45},{"not_picked":["theSenshi:MoonPrincessHalation+1","theSenshi:SchoolBag","theSenshi:EncouragingSpeech"],"picked":"theSenshi:KlutzyLuck+1","floor":46},{"not_picked":["theSenshi:MoonsReflection","theSenshi:LateForSchool+1","theSenshi:LunasBite","theSenshi:TallSilhouette"],"picked":"SKIP","floor":48}],"player_experience":692303,"relics_obtained":[{"floor":6.0,"key":"Mercury Hourglass"},{"floor":9.0,"key":"Meat on the Bone"},{"floor":23,"key":"Pear"},{"floor":26,"key":"Sundial"},{"floor":28,"key":"Bottled Tornado"},{"floor":30,"key":"Thread and Needle"},{"floor":42,"key":"Art of War"},{"floor":43,"key":"Question Card"}],"event_choices":[{"damage_healed":0.0,"max_hp_gain":0.0,"max_hp_loss":0.0,"gold_gain":0.0,"event_name":"Shining Light","player_choice":"Entered Light","floor":2.0,"gold_loss":0.0,"damage_taken":15.0,"cards_upgraded":["theSenshi:VenusGlamour","theSenshi:RoseThrow"]},{"damage_healed":0.0,"max_hp_gain":0.0,"max_hp_loss":0.0,"gold_gain":0.0,"event_name":"FaceTrader","player_choice":"Trade","floor":8.0,"gold_loss":0.0,"damage_taken":0.0,"relics_obtained":["FaceOfCleric"]},{"damage_healed":0,"gold_gain":0,"player_choice":"Inject Mutagens","damage_taken":0,"relics_obtained":["MutagenicStrength"],"max_hp_gain":0,"max_hp_loss":0,"event_name":"Drug Dealer","floor":19,"gold_loss":0},{"damage_healed":0,"gold_gain":0,"player_choice":"Ignored","damage_taken":0,"max_hp_gain":0,"max_hp_loss":0,"event_name":"Ghosts","floor":21,"gold_loss":0},{"damage_healed":0,"gold_gain":0,"player_choice":"Paid","damage_taken":0,"relics_obtained":["Red Mask"],"max_hp_gain":0,"max_hp_loss":0,"event_name":"Tomb of Lord Red Mask","floor":41,"gold_loss":3}],"is_beta":false,"boss_relics":[{"not_picked":["Runic Dome","Empty Cage"],"picked":"SlaversCollar"},{"not_picked":["Snecko Eye","Velvet Choker"],"picked":"Coffee Dripper"}],"items_purged_floors":[],"is_endless":false,"potions_floor_spawned":[1,5,11,16,20,22,30,33,35,36,42,48],"ascension_level":0}}