{"host":"Yun Zhang","time":1614254907,"event":{"mods":["BaseMod","Minty Spire (QoL Compilation)","Reimu£®≤©¿ˆ¡È√Œ£©","StSLib"],"gold_per_floor":[111,122,136,90,90,90,116,136,136,136,136],"floor_reached":10,"language":"ZHS","playtime":545,"items_purged":[],"score":71,"play_id":"bd567748-5c82-48d5-9998-892ce35670c7","local_time":"20210225200827","is_ascension_mode":true,"campfire_choices":[{"data":"NB:ReiMu","floor":6.0,"key":"SMITH"}],"circlet_count":0,"master_deck":["Strike_Lin:ReiMu","Strike_Lin:ReiMu","Strike_Lin:ReiMu","Strike_Lin:ReiMu","Defend_Lin:ReiMu","Defend_Lin:ReiMu","Defend_Lin:ReiMu","Defend_Lin:ReiMu","NB:ReiMu+1","Stagnation:ReiMu","AirStrike:ReiMu","AirStrike:ReiMu","AlertArray:ReiMu","Conquer:ReiMu","Regret","YinYangSange:ReiMu","SafetyPray:ReiMu"],"relics":["FlyPower:ReiMu","NeowsBlessing","Blood Vial","Question Card","Anchor"],"acts_visited":["Exordium"],"potions_floor_usage":[],"damage_taken":[{"damage":0.0,"enemies":"Cultist","floor":1.0,"turns":1.0},{"damage":0.0,"enemies":"Jaw Worm","floor":2.0,"turns":1.0},{"damage":0.0,"enemies":"2 Louse","floor":3.0,"turns":1.0},{"damage":38.0,"enemies":"3 Sentries","floor":7.0,"turns":9.0},{"damage":11.0,"enemies":"Exordium Wildlife","floor":8.0,"turns":4.0},{"damage":8,"enemies":"Gremlin Nob","floor":10,"turns":4}],"seed_played":"-4797786628028667027","potions_obtained":[{"floor":2.0,"key":"Strength Potion"},{"floor":7.0,"key":"BlessingOfTheForge"}],"is_trial":false,"path_per_floor":["M","M","M","$","?","R","E","M","T","E"],"character_chosen":"REIMU","items_purchased":["Conquer:ReiMu"],"campfire_rested":0,"item_purchase_floors":[4],"current_hp_per_floor":[65,65,65,65,65,65,27,18,18,12,12],"gold":136,"neow_bonus":"THREE_ENEMY_KILL","is_daily":false,"chose_seed":false,"campfire_upgraded":1,"win_rate":0.0,"timestamp":1614254907,"path_taken":["M","?","M","?","?","R","E","M","T","E"],"items_purchased_type":["Card"],"build_version":"2020-12-18","purchased_purges":0,"victory":false,"max_hp_per_floor":[65,65,65,65,65,65,65,65,65,65,65],"card_choices":[{"not_picked":["PhosphorusFlame:ReiMu","EmergencyTakeOff:ReiMu"],"picked":"AirStrike:ReiMu","floor":1.0},{"not_picked":["YinYangSign:ReiMu","SubcavityInstant:ReiMu"],"picked":"AirStrike:ReiMu","floor":2.0},{"not_picked":["EmergencyTakeOff:ReiMu","SpringWay:ReiMu"],"picked":"AlertArray:ReiMu","floor":3.0},{"not_picked":["FoulBorder2:ReiMu","YinYang:ReiMu"],"picked":"YinYangSange:ReiMu","floor":7.0},{"not_picked":["SpringWay:ReiMu","Mountainwind:ReiMu","PhosphorusFlame:ReiMu"],"picked":"SafetyPray:ReiMu","floor":8.0}],"player_experience":327351,"relics_obtained":[{"floor":7.0,"key":"Question Card"},{"floor":9.0,"key":"Anchor"}],"event_choices":[{"damage_healed":0.0,"max_hp_gain":0.0,"max_hp_loss":0.0,"gold_gain":0.0,"event_name":"Big Fish","player_choice":"Box","floor":5.0,"gold_loss":0.0,"damage_taken":0.0,"relics_obtained":["Blood Vial"],"cards_obtained":["Regret"]}],"is_beta":true,"boss_relics":[],"items_purged_floors":[],"is_endless":false,"potions_floor_spawned":[2,7],"killed_by":"Gremlin Nob","ascension_level":1}}