{"host":"54xlu8utfq6njvlm","time":1614223672,"event":{"mods":["Aspiration","Bard","BaseMod","Beaked The Cultist","Better Altar","Better Match","Better Note","Better Sensory Stone","Better Skull","Better Third Choice","BetterRewards","CCEM2","Colored Map","Conspire","Friendly Minions","GifTheSpireLib","Halation","Hermit","Highlight Path","Infinite Spire","Jorbs\u0027s Wanderer Trilogy","Koishi","Marisa????????","Minty Spire (QoL Compilation)","Permanent Neow","Remilia??????","Replay The Spire","Shade Mod","Shop Mod","Spicy Shops","StSLib","Stuff the Spire","The Animator","The Bug Knight","The Cursed","The Jungle","The Mystic","The Servant 0.9.4","The Witch","Unceasing Turn Reminder","everything is the same but u backflip on backflip"],"gold_per_floor":[112,112,126,126,126,158,158,158,204,218,230,241,241,272,272,370,370,384,399,84,84,34,34,46,46,46],"floor_reached":25,"language":"ENG","playtime":1689,"items_purged":["stsjorbsmod:Amnesia"],"score":236,"play_id":"d781a244-0a65-480d-867c-9a3a82c97492","local_time":"20210224202752","is_ascension_mode":false,"campfire_choices":[{"floor":8,"key":"REST"},{"data":"theextravagant:Defy","floor":15,"key":"SMITH"},{"floor":23,"key":"REST"}],"circlet_count":0,"master_deck":["theextravagant:SlyStrike","theextravagant:SlyStrike","theextravagant:SlyStrike","theextravagant:SlyStrike","theextravagant:Fence","theextravagant:Fence","theextravagant:Fence","theextravagant:Fence","theextravagant:QuickAttack","theextravagant:Triumph+1","theextravagant:GarbageCannon","theextravagant:Shove","theextravagant:PuffUp","theextravagant:Drift","theextravagant:Defy+1","theextravagant:Erase","theextravagant:Stella","theextravagant:CutTheDeck","theextravagant:Twitch","theextravagant:SharpTalons"],"relics":["theextravagant:TranslucentFeather","CCEMRelics:OrganicArmor","aspiration:Lifesprig","Replay:Baseball","CCEMRelics:DissonantTune","aspiration:BabyByrd","aspiration:TomeofQuesting","Anchor","Nloth\u0027s Gift"],"acts_visited":["Exordium","TheCity"],"potions_floor_usage":[14,14,14,18,19,20,25],"damage_taken":[{"damage":12,"enemies":"Jaw Worm","floor":1,"turns":6},{"damage":13,"enemies":"infinitespire:Voidling","floor":3,"turns":4},{"damage":37,"enemies":"Gremlin Nob","floor":6,"turns":6},{"damage":12,"enemies":"2 Louse","floor":10,"turns":3},{"damage":0,"enemies":"2 Fungi Beasts","floor":11,"turns":3},{"damage":3,"enemies":"Lots of Slimes","floor":12,"turns":4},{"damage":0,"enemies":"3 Sentries","floor":14,"turns":8},{"damage":11,"enemies":"Slime Boss","floor":16,"turns":11},{"damage":48,"enemies":"conspire:FuzzyDice","floor":18,"turns":7},{"damage":17,"enemies":"Shell Parasite","floor":19,"turns":3},{"damage":33,"enemies":"Shelled Parasite and Fungi","floor":24,"turns":7},{"damage":6,"enemies":"Chosen and Byrds","floor":25,"turns":7}],"seed_played":"-8421681741939331355","potions_obtained":[{"floor":6,"key":"Energy Potion"},{"floor":10,"key":"SteroidPotion"},{"floor":11,"key":"Milkshake"},{"floor":14,"key":"Swift Potion"},{"floor":18,"key":"SteroidPotion"},{"floor":24,"key":"Dexterity Potion"}],"is_trial":false,"path_per_floor":["M","?","M","?","?","E","?","R","T","M","M","M","?","E","R","B",null,"M","M","$","?","?","R","M","M"],"character_chosen":"THE_EXTRAVAGANT","items_purchased":["Anchor","Fruit Juice"],"campfire_rested":2,"item_purchase_floors":[20,20],"current_hp_per_floor":[63,63,54,54,54,17,17,39,39,27,27,24,24,24,24,13,75,27,10,15,15,15,39,6,0,0],"gold":46,"neow_bonus":"ONE_RARE_RELIC","is_daily":false,"chose_seed":false,"campfire_upgraded":1,"win_rate":0.0,"timestamp":1614223672,"path_taken":["M","?","?","?","?","E","?","R","T","M","M","?","?","E","R","BOSS","M","M","$","?","?","R","M","M"],"items_purchased_type":["Relic","Potion"],"build_version":"2020-12-22","purchased_purges":1,"victory":false,"max_hp_per_floor":[75,75,75,75,75,75,75,75,75,75,75,75,75,75,75,75,75,75,75,80,80,80,80,80,80,80],"card_choices":[{"not_picked":["theextravagant:Flashback","theextravagant:Twitch"],"picked":"theextravagant:Comeback","floor":1},{"not_picked":["theextravagant:Ambush","theextravagant:ShootingStar"],"picked":"theextravagant:GarbageCannon","floor":3},{"not_picked":["theextravagant:StepBack","theextravagant:Tension"],"picked":"theextravagant:Shove","floor":6},{"not_picked":["theextravagant:Drift","theextravagant:Flashback"],"picked":"theextravagant:PuffUp","floor":10},{"not_picked":["theextravagant:Dazzle","theextravagant:Tension"],"picked":"theextravagant:Drift","floor":11},{"not_picked":["theextravagant:PerfectTheBasics","theextravagant:CutTheDeck"],"picked":"theextravagant:Defy","floor":12},{"not_picked":["theextravagant:Precaution","theextravagant:SpontaneousStrike"],"picked":"theextravagant:Erase","floor":14},{"not_picked":["theextravagant:Erase","theextravagant:Redemption"],"picked":"theextravagant:Stella","floor":16},{"not_picked":["theextravagant:Cutthroat+1","theextravagant:Riot"],"picked":"theextravagant:CutTheDeck","floor":18},{"not_picked":["theextravagant:Razor+1","theextravagant:RustyBuckler"],"picked":"theextravagant:Twitch","floor":19},{"not_picked":["theextravagant:Precaution","theextravagant:Cutthroat+1"],"picked":"theextravagant:SharpTalons","floor":24}],"player_experience":209353,"relics_obtained":[{"floor":5,"key":"Replay:Baseball"},{"floor":6,"key":"CCEMRelics:DissonantTune"},{"floor":14,"key":"aspiration:TomeofQuesting"}],"event_choices":[{"cards_removed":["theextravagant:Comeback"],"damage_healed":0,"gold_gain":0,"player_choice":"Gave Card","damage_taken":0,"relics_obtained":["aspiration:Lifesprig"],"max_hp_gain":0,"max_hp_loss":0,"event_name":"WeMeetAgain","floor":2,"gold_loss":0},{"damage_healed":0,"gold_gain":0,"player_choice":"Upgraded","damage_taken":0,"max_hp_gain":0,"max_hp_loss":0,"event_name":"Upgrade Shrine","floor":7,"gold_loss":0,"cards_upgraded":["theextravagant:Triumph"]},{"damage_healed":0,"gold_gain":0,"player_choice":"Traded Relic","damage_taken":0,"relics_obtained":["Nloth\u0027s Gift"],"max_hp_gain":0,"max_hp_loss":0,"event_name":"N\u0027loth","floor":21,"relics_lost":["Ring of Chaos"],"gold_loss":0},{"damage_healed":0,"gold_gain":0,"player_choice":"Bet on Murderer","damage_taken":0,"max_hp_gain":0,"max_hp_loss":0,"event_name":"The Joust","floor":22,"gold_loss":50}],"is_beta":false,"boss_relics":[{"not_picked":["ReplayTheSpireMod:DimensionalGlitch","Painkiller Herb"],"picked":"Ring of Chaos"}],"items_purged_floors":[20],"is_endless":false,"potions_floor_spawned":[6,10,11,14,18,24],"killed_by":"Chosen and Byrds","ascension_level":0}}