{"host":"ndpbn7fqb3wjbd7p","time":1614290242,"event":{"mods":["AchievementEnabler","Act Like it!","AlwaysNeverKeys","BaseMod","Better Vampires","Block Reminder","Colored Powertips","DeckTracker","Defuse TimeMaze Blight","Friendly Minions","Highlight Path","MarisaÅiñ∂âJÅ@ñÇóùçπÅj","Minty Spire (QoL Compilation)","Permanent Neow","StSLib","SuperFastMode","Synergy Search","Unceasing Turn Reminder","Wandering Minibosses"],"gold_per_floor":[114,39,50,50,26,26,66,16,40,115,150,225,263,304,304,434,434,471,512,427,427,427],"floor_reached":21,"language":"ENG","playtime":1388,"items_purged":["Strike_MRS"],"score":197,"play_id":"71890019-ecf9-45a1-ae21-f295ecbeb8d6","local_time":"20210225225722","is_ascension_mode":true,"campfire_choices":[{"data":"WitchOfGreed","floor":6,"key":"SMITH"},{"data":"SuperNova","floor":15,"key":"SMITH"}],"circlet_count":0,"master_deck":["Strike_MRS","Strike_MRS","Defend_MRS","Defend_MRS","Defend_MRS","Defend_MRS","MasterSpark","UpSweep","SatelliteIllusion","EarthLightRay","DragonMeteor","WitchOfGreed+1","Orbital","IllusionStar","OortCloud","SuperNova+1","EscapeVelocity","WitchLeyline","MagicAbsorber"],"relics":["MiniHakkero","Anchor","Coffee Dripper","Bird Faced Urn"],"acts_visited":["Exordium","TheCity"],"potions_floor_usage":[11,13,16,16,16,19,19,21,21],"damage_taken":[{"damage":12,"enemies":"Jaw Worm","floor":1,"turns":3},{"damage":1,"enemies":"Cultist","floor":3,"turns":3},{"damage":1,"enemies":"Small Slimes","floor":7,"turns":4},{"damage":9,"enemies":"Exordium Thugs","floor":11,"turns":6},{"damage":3,"enemies":"Looter","floor":13,"turns":3},{"damage":0,"enemies":"3 Louse","floor":14,"turns":5},{"damage":16,"enemies":"Slime Boss","floor":16,"turns":6},{"damage":39,"enemies":"Shell Parasite","floor":18,"turns":5},{"damage":30,"enemies":"2 Thieves","floor":19,"turns":4},{"damage":13,"enemies":"Centurion and Healer","floor":21,"turns":3}],"seed_played":"-6706357815369690178","potions_obtained":[{"floor":7,"key":"Block Potion"},{"floor":7,"key":"GamblersBrew"},{"floor":11,"key":"Fire Potion"},{"floor":11,"key":"EssenceOfSteel"},{"floor":13,"key":"Fire Potion"},{"floor":13,"key":"Dexterity Potion"},{"floor":16,"key":"SpeedPotion"},{"floor":18,"key":"LiquidMemories"},{"floor":19,"key":"AttackPotion"},{"floor":19,"key":"BlessingOfTheForge"}],"is_trial":false,"path_per_floor":["M","$","M","?","$","R","M","?","T","?","M","?","M","M","R","B",null,"M","M","?","M"],"character_chosen":"MARISA","items_purchased":["WitchOfGreed"],"campfire_rested":0,"item_purchase_floors":[5],"current_hp_per_floor":[56,56,59,59,59,59,62,62,62,56,51,40,41,45,45,33,68,29,3,3,0,0],"gold":427,"neow_bonus":"THREE_RARE_CARDS","is_daily":false,"chose_seed":false,"campfire_upgraded":2,"win_rate":0.0,"timestamp":1614290242,"path_taken":["M","$","M","?","?","R","?","?","T","?","?","?","M","M","R","BOSS","M","M","?","M"],"items_purchased_type":["Card"],"build_version":"2020-12-22","purchased_purges":1,"victory":false,"max_hp_per_floor":[68,68,68,68,68,68,68,68,68,68,68,68,68,68,68,68,68,68,68,68,68,68],"card_choices":[{"not_picked":["JA","BlazingStar"],"picked":"SatelliteIllusion","floor":0},{"not_picked":["UnstableBomb","AlicesGift"],"picked":"EarthLightRay","floor":1},{"not_picked":["LuminesStrike","GravityBeat","6A"],"picked":"SKIP","floor":3},{"not_picked":["LuminesStrike","ChargeUpSpray"],"picked":"Orbital","floor":7},{"not_picked":["GasGiant","EventHorizon"],"picked":"IllusionStar","floor":11},{"not_picked":["ChargingUp","MysteriousBeam"],"picked":"OortCloud","floor":13},{"not_picked":["MysteriousBeam","6A"],"picked":"SuperNova","floor":14},{"not_picked":["MaximisePower","AbsoluteMagnitude"],"picked":"EscapeVelocity","floor":16},{"not_picked":["AsteroidBelt+1","WitchOfGreed"],"picked":"WitchLeyline","floor":18},{"not_picked":["MysteriousBeam","DoubleSpark+1"],"picked":"MagicAbsorber","floor":19}],"player_experience":1222865,"relics_obtained":[{"floor":9,"key":"Anchor"}],"event_choices":[{"damage_healed":0,"gold_gain":0,"player_choice":"1 cards matched","damage_taken":0,"max_hp_gain":0,"max_hp_loss":0,"event_name":"Match and Keep!","floor":4,"gold_loss":0,"cards_obtained":["DragonMeteor"]},{"cards_removed":["Strike_MRS"],"damage_healed":0,"gold_gain":0,"player_choice":"Card Removal","damage_taken":0,"max_hp_gain":0,"max_hp_loss":0,"event_name":"The Cleric","floor":8,"gold_loss":50},{"damage_healed":0,"gold_gain":75,"player_choice":"Touch","damage_taken":6,"max_hp_gain":0,"max_hp_loss":0,"event_name":"FaceTrader","floor":10,"gold_loss":0},{"damage_healed":0,"gold_gain":75,"player_choice":"Gather Gold","damage_taken":11,"max_hp_gain":0,"max_hp_loss":0,"event_name":"World of Goop","floor":12,"gold_loss":0},{"damage_healed":0,"gold_gain":0,"player_choice":"Obtained Relic","damage_taken":0,"relics_obtained":["Bird Faced Urn"],"max_hp_gain":0,"max_hp_loss":0,"event_name":"Addict","floor":20,"gold_loss":85}],"is_beta":false,"boss_relics":[{"not_picked":["Ectoplasm","Tiny House"],"picked":"Coffee Dripper"}],"items_purged_floors":[2],"is_endless":false,"potions_floor_spawned":[7,11,13,19],"killed_by":"Centurion and Healer","ascension_level":3}}