{"host":"lmshf3swj20gmdor","time":1614274575,"event":{"mods":["2.2 Compatiblity","BaseMod","Conspire","Downfall","Googly Eyes","Hubris","Minty Spire (QoL Compilation)","Replay The Spire","Spikes Relics","StSLib","Synergy Search","The Servant 0.9.4"],"gold_per_floor":[99,129,114,114,153,201,201,231,268,305,336,373,373,373,423,522,522,522,539,577,527,111,111,111,90,110,168,268,327,327,341,361,486,486,486,498,510,521,561,592,592,592,624,624,636,636,662,690,704,704,704,704],"floor_reached":50,"language":"ENG","playtime":3944,"items_purged":[],"score":677,"play_id":"033323c8-3331-4480-a13b-8e020dc7730f","local_time":"20210225173615","is_ascension_mode":true,"campfire_choices":[{"floor":1,"key":"DIG"},{"floor":13,"key":"REST"},{"data":"HandOfGreed","floor":18,"key":"SMITH"},{"data":"bronze:ItsAFeature","floor":30,"key":"SMITH"},{"data":"bronze:Terminator","floor":35,"key":"SMITH"},{"data":"bronze:Virus","floor":42,"key":"SMITH"},{"floor":46,"key":"REST"}],"circlet_count":0,"master_deck":["bronze:Strike","bronze:Strike","bronze:Strike","bronze:Strike","bronze:Defend","bronze:Defend","bronze:Defend","bronze:Defend","bronze:Replicate+1","bronze:Goto+1","HandOfGreed+1","bronze:Branch","bronze:ItsAFeature+1","bronze:BugBarrage+1","bronze:OilSpill+1","bronze:Repair","bronze:ShipIt","bronze:OilSpill+1","bronze:Virus+1","bronze:BugBarrage+1","bronze:Terminator+1","bronze:OilSpill","bronze:MaxOutput+1","bronze:RecursiveStrike","bronze:BitShift+1","Parasite"],"relics":["bronze:BronzeCore","hubris:MedicalManual","Regal Pillow","BrokenLever","Black Star","ReplayTheSpireMod:TigerMarble","Gremlin Horn","hubris:Icosahedron","Pen Nib","Pet Ghost","SpikesRelics:ToyHorsey","hubris:SlimyHat","Replay:Bottled Eggs","GiantMaggot","hubris:TerracottaHorce","Orichalcum","Lee\u0027s Waffle","hubris:PeanutButter","conspire:Flyswatter","bronze:ProtectiveGoggles","bronze:SilverBullet","ReplayTheSpireMod:Shallot","Toxic Egg 2"],"acts_visited":["Exordium","TheCity","TheBeyond"],"potions_floor_usage":[10,12,16,20,27,33,39,48,48,50,50],"damage_taken":[{"damage":1,"enemies":"Cultist","floor":2,"turns":3},{"damage":2,"enemies":"downfall:FleeingMerchant","floor":3,"turns":4},{"damage":4,"enemies":"Jaw Worm","floor":5,"turns":2},{"damage":32,"enemies":"Lagavulin","floor":6,"turns":7},{"damage":8,"enemies":"Small Slimes","floor":8,"turns":2},{"damage":12,"enemies":"Exordium Wildlife","floor":9,"turns":5},{"damage":0,"enemies":"Blue Slaver","floor":10,"turns":4},{"damage":0,"enemies":"2 Fungi Beasts","floor":11,"turns":2},{"damage":2,"enemies":"Large Slime","floor":12,"turns":6},{"damage":0,"enemies":"Gremlin Gang","floor":15,"turns":4},{"damage":26,"enemies":"IC_STATUS_ARCHETYPE","floor":16,"turns":7},{"damage":17,"enemies":"Chosen","floor":19,"turns":6},{"damage":37,"enemies":"downfall:LooterAlt2","floor":20,"turns":7},{"damage":0,"enemies":"downfall:FleeingMerchant","floor":22,"turns":4},{"damage":25,"enemies":"conspire:SneckoGhost","floor":25,"turns":6},{"damage":12,"enemies":"Chosen and Byrds","floor":26,"turns":4},{"damage":4,"enemies":"Replay:Snechameleon","floor":27,"turns":4},{"damage":0,"enemies":"Gremlin Leader","floor":29,"turns":5},{"damage":29,"enemies":"conspire:HollyBat","floor":31,"turns":5},{"damage":20,"enemies":"Snake Plant","floor":32,"turns":3},{"damage":31,"enemies":"SI_MIRROR_ARCHETYPE","floor":33,"turns":8},{"damage":13,"enemies":"3 Shapes","floor":36,"turns":4},{"damage":13,"enemies":"3 Darklings","floor":37,"turns":4},{"damage":31,"enemies":"Maw","floor":38,"turns":5},{"damage":18,"enemies":"Jaw Worm Horde","floor":39,"turns":2},{"damage":15,"enemies":"downfall:FleeingMerchant","floor":40,"turns":4},{"damage":62,"enemies":"Giant Head","floor":43,"turns":7},{"damage":0,"enemies":"Transient","floor":45,"turns":5},{"damage":17,"enemies":"conspire:MimicChest","floor":47,"turns":4},{"damage":9,"enemies":"Nemesis","floor":48,"turns":5},{"damage":8,"enemies":"Writhing Mass","floor":49,"turns":5},{"damage":73,"enemies":"WA_ARCHETYPE_DIVINITY","floor":50,"turns":5}],"seed_played":"961591869142640496","potions_obtained":[{"floor":2,"key":"Block Potion"},{"floor":5,"key":"FearPotion"},{"floor":9,"key":"LifebloodPotion"},{"floor":10,"key":"EssenceOfSteel"},{"floor":16,"key":"SkillPotion"},{"floor":25,"key":"Reflective Coating"},{"floor":26,"key":"PowerPotion"},{"floor":27,"key":"bronze:CleanCodePotion"},{"floor":33,"key":"PowerPotion"},{"floor":37,"key":"FairyPotion"},{"floor":43,"key":"Elixir"},{"floor":45,"key":"Regen Potion"},{"floor":47,"key":"LifebloodPotion"},{"floor":48,"key":"bronze:BuildAFunctionPotion"}],"is_trial":false,"path_per_floor":["R","M","$","?","M","E","T","M","M","M","M","M","R","?","M","B",null,"R","M","M","?","$","?","T","E","M","E","?","E","R","M","M","B",null,"R","M","M","M","M","$","T","R","E","?","M","R","?","E","M","B"],"character_chosen":"THE_AUTOMATON","items_purchased":["ReplayTheSpireMod:TigerMarble","Gremlin Horn","Orichalcum","Lee\u0027s Waffle"],"campfire_rested":2,"item_purchase_floors":[22,22,40,40],"current_hp_per_floor":[63,62,60,60,56,24,24,16,4,4,4,9,42,42,42,23,63,63,49,19,45,52,52,52,34,29,26,26,33,33,46,64,40,58,58,52,46,22,11,71,71,71,9,9,16,52,35,47,46,0,0,0],"gold":704,"neow_bonus":"RANDOM_COLORLESS_2","is_daily":false,"chose_seed":false,"campfire_upgraded":4,"win_rate":0.0,"timestamp":1614274575,"path_taken":["R","M","$","?","M","E","T","M","M","M","M","M","R","?","M","BOSS","R","M","M","?","$","?","T","E","M","E","?","E","R","M","M","BOSS","R","M","?","M","M","$","T","R","E","?","M","R","?","E","M","BOSS"],"items_purchased_type":["Relic","Relic","Relic","Relic"],"build_version":"2020-12-22","purchased_purges":0,"victory":false,"max_hp_per_floor":[63,63,63,63,63,63,63,63,63,63,63,63,63,63,63,63,63,63,63,63,63,63,63,63,63,63,64,64,64,64,64,64,64,64,64,64,64,64,64,71,71,71,71,71,71,71,71,71,71,71,71,71],"card_choices":[{"not_picked":["Chrysalis","Thinking Ahead"],"picked":"HandOfGreed","floor":0},{"not_picked":["bronze:Separator","bronze:Optimize"],"picked":"bronze:Branch","floor":2},{"not_picked":["bronze:Constructor","bronze:ChildClass"],"picked":"bronze:ItsAFeature","floor":3},{"not_picked":["bronze:Deprecate","bronze:Allocate"],"picked":"bronze:BugBarrage","floor":5},{"not_picked":["bronze:Iterate","bronze:WhirlingStrike"],"picked":"bronze:OilSpill","floor":6},{"not_picked":["bronze:OilSpill","bronze:DelayedSlice","bronze:BugBarrage"],"picked":"SKIP","floor":8},{"not_picked":["bronze:BugBarrage","bronze:Optimize"],"picked":"bronze:Repair","floor":9},{"not_picked":["bronze:Deprecate","bronze:Turbo","bronze:BronzeOrb"],"picked":"SKIP","floor":10},{"not_picked":["bronze:Flail","bronze:WildBeam","bronze:DelayedSlice"],"picked":"SKIP","floor":11},{"not_picked":["bronze:Iterate","bronze:Overheat","bronze:DelayedSlice"],"picked":"SKIP","floor":12},{"not_picked":["bronze:DelayedSlice","bronze:Boost","bronze:Break"],"picked":"SKIP","floor":15},{"not_picked":["bronze:BurnOut","bronze:InfiniteLoop"],"picked":"bronze:ShipIt","floor":16},{"not_picked":["bronze:CloningBeam+1","bronze:BugBarrage"],"picked":"bronze:OilSpill+1","floor":19},{"not_picked":["bronze:BuggyMess+1","bronze:WildBeam","bronze:Invalidate"],"picked":"SKIP","floor":20},{"not_picked":["bronze:Iterate","bronze:Flail","bronze:Invalidate"],"picked":"SKIP","floor":22},{"not_picked":["bronze:CloningBeam+1","bronze:Overheat"],"picked":"bronze:Virus","floor":25},{"not_picked":["bronze:BuggyMess","bronze:Repair+1","bronze:Constructor+1"],"picked":"SKIP","floor":26},{"not_picked":["bronze:GetLatest","bronze:Iterate","bronze:Turbo"],"picked":"SKIP","floor":27},{"not_picked":["bronze:AlphaBuild","bronze:CutThrough"],"picked":"bronze:BugBarrage+1","floor":29},{"not_picked":["bronze:ChildClass","bronze:Philosophize+1"],"picked":"bronze:Terminator","floor":31},{"not_picked":["bronze:WhirlingStrike","bronze:BitShift+1"],"picked":"bronze:OilSpill","floor":32},{"not_picked":["bronze:Shield+1","bronze:WildBeam","bronze:DelayedGuard"],"picked":"SKIP","floor":36},{"not_picked":["bronze:BronzeArmor","bronze:BitShift+1","bronze:WildBeam+1"],"picked":"SKIP","floor":37},{"not_picked":["bronze:BuggyMess","bronze:Backtrace","bronze:Shield"],"picked":"SKIP","floor":38},{"not_picked":["bronze:Branch+1","bronze:Allocate+1"],"picked":"bronze:MaxOutput+1","floor":39},{"not_picked":["bronze:Deprecate","bronze:Hardcode","bronze:ChosenStrike"],"picked":"SKIP","floor":40},{"not_picked":["bronze:BuggyMess","bronze:Constructor+1"],"picked":"bronze:RecursiveStrike","floor":43},{"not_picked":["bronze:OilSpill+1","bronze:GetLatest","bronze:DarkDash"],"picked":"SKIP","floor":45},{"not_picked":["bronze:CloningBeam","bronze:Branch"],"picked":"bronze:BitShift+1","floor":47},{"not_picked":["bronze:Invalidate+1","bronze:NullPointer","bronze:Allocate+1"],"picked":"SKIP","floor":48},{"not_picked":["bronze:Overheat","bronze:Allocate+1","bronze:Shield+1"],"picked":"SKIP","floor":49}],"player_experience":849056,"relics_obtained":[{"floor":1,"key":"hubris:MedicalManual"},{"floor":6,"key":"Regal Pillow"},{"floor":7,"key":"BrokenLever"},{"floor":24,"key":"Pen Nib"},{"floor":25,"key":"Pet Ghost"},{"floor":27,"key":"SpikesRelics:ToyHorsey"},{"floor":27,"key":"hubris:SlimyHat"},{"floor":29,"key":"Replay:Bottled Eggs"},{"floor":29,"key":"GiantMaggot"},{"floor":41,"key":"hubris:PeanutButter"},{"floor":43,"key":"conspire:Flyswatter"},{"floor":43,"key":"bronze:ProtectiveGoggles"},{"floor":47,"key":"bronze:SilverBullet"},{"floor":48,"key":"ReplayTheSpireMod:Shallot"},{"floor":48,"key":"Toxic Egg 2"}],"event_choices":[{"damage_healed":0,"gold_gain":0,"player_choice":"Leave","damage_taken":0,"max_hp_gain":0,"max_hp_loss":0,"event_name":"conspire:Investor","floor":44,"gold_loss":0}],"is_beta":false,"boss_relics":[{"not_picked":["conspire:RunicOctahedron","Kintsugi"],"picked":"Black Star"},{"not_picked":["ReplayTheSpireMod:DimensionalGlitch","Astrolabe"],"picked":"hubris:TerracottaHorce"}],"items_purged_floors":[],"is_endless":false,"potions_floor_spawned":[2,5,9,10,16,25,26,27,32,33,37,43,45,47,48],"killed_by":"WA_ARCHETYPE_DIVINITY","ascension_level":2}}