{"host":"phy652c7lim9lcu2","time":1614244025,"event":{"mods":["BaseMod","Colored Powertips","Googly Eyes","Minty Spire (QoL Compilation)","Relic Stats","Spicy Shops","StSLib","everything is the same but u backflip on backflip"],"gold_per_floor":[14,25,42,42,42,42,42,42,42,53,53,83,98,129,129,202,202,214,214,225,46,46,73,73,106,132,164,164,198,198,198,210,300,312,337,374,386,417,52,52,84,84,109,120,120,70,115,126,126,126,126,126,76,102,102],"floor_reached":56,"language":"ENG","playtime":2649,"items_purged":["Strike_R+1","Strike_R+1","Strike_R+1"],"score":2208,"play_id":"2cb3c088-8f5f-457e-b7b4-e1888680be9f","local_time":"20210225190705","is_ascension_mode":true,"campfire_choices":[{"data":"Feed","floor":6.0,"key":"SMITH"},{"data":"Infernal Blade","floor":8.0,"key":"SMITH"},{"data":"Combust","floor":11.0,"key":"SMITH"},{"data":"Berserk","floor":15.0,"key":"SMITH"},{"data":"Offering","floor":24,"key":"SMITH"},{"data":"Rampage","floor":28,"key":"SMITH"},{"data":"Rupture","floor":32,"key":"SMITH"},{"data":"Double Tap","floor":40,"key":"SMITH"},{"data":"Rampage","floor":42,"key":"SMITH"},{"floor":45,"key":"RECALL"},{"data":"Bash","floor":49,"key":"SMITH"},{"data":"Battle Trance","floor":52,"key":"SMITH"}],"circlet_count":0,"master_deck":["AscendersBane","Strike_R+1","Strike_R+1","Defend_R+1","Defend_R+1","Defend_R+1","Defend_R+1","Bash+1","Feed+1","Battle Trance+1","Infernal Blade+1","Combust+1","Berserk+1","Hemokinesis","Reaper","Hemokinesis","Reaper","Offering+1","Rampage+1","Rupture+1","Double Tap+1","Rampage+1","Pommel Strike+1","Heavy Blade+1","Hemokinesis","Uppercut+1"],"relics":["Burning Blood","Self Forming Clay","Mercury Hourglass","Dream Catcher","Coffee Dripper","Nilry\u0027s Codex","Oddly Smooth Stone","Boot","Omamori","CaptainsWheel","Matryoshka","MawBank","PreservedInsect","Calling Bell","Strawberry","Meat on the Bone","Du-Vu Doll","Pocketwatch","Bag of Preparation","Turnip","Happy Flower","Smiling Mask","Champion Belt","Akabeko"],"acts_visited":["Exordium","TheCity","TheBeyond","TheEnding"],"potions_floor_usage":[23,23,27,29,33,33,55],"damage_taken":[{"damage":6.0,"enemies":"Cultist","floor":1.0,"turns":3.0},{"damage":9.0,"enemies":"Jaw Worm","floor":2.0,"turns":3.0},{"damage":8.0,"enemies":"2 Louse","floor":3.0,"turns":4.0},{"damage":0.0,"enemies":"Looter","floor":10.0,"turns":1.0},{"damage":13.0,"enemies":"3 Sentries","floor":12.0,"turns":4.0},{"damage":1.0,"enemies":"2 Fungi Beasts","floor":13.0,"turns":2.0},{"damage":23.0,"enemies":"Lagavulin","floor":14.0,"turns":6.0},{"damage":8.0,"enemies":"Slime Boss","floor":16.0,"turns":5.0},{"damage":10.0,"enemies":"3 Byrds","floor":18.0,"turns":4.0},{"damage":14.0,"enemies":"Shell Parasite","floor":20.0,"turns":4.0},{"damage":49,"enemies":"Book of Stabbing","floor":23,"turns":5},{"damage":31,"enemies":"Slavers","floor":25,"turns":4},{"damage":57,"enemies":"Book of Stabbing","floor":27,"turns":5},{"damage":12,"enemies":"Gremlin Leader","floor":29,"turns":5},{"damage":73,"enemies":"Collector","floor":33,"turns":8},{"damage":20,"enemies":"3 Shapes","floor":35,"turns":3},{"damage":15,"enemies":"Mind Bloom Boss Battle","floor":36,"turns":4},{"damage":48,"enemies":"3 Darklings","floor":38,"turns":4},{"damage":12,"enemies":"Giant Head","floor":41,"turns":4},{"damage":31,"enemies":"Spire Growth","floor":44,"turns":4},{"damage":36,"enemies":"2 Orb Walkers","floor":47,"turns":3},{"damage":22,"enemies":"4 Shapes","floor":48,"turns":4},{"damage":54,"enemies":"Time Eater","floor":50,"turns":5},{"damage":37,"enemies":"Shield and Spear","floor":54,"turns":5},{"damage":109,"enemies":"The Heart","floor":55,"turns":7}],"seed_played":"-6303601976187202030","potions_obtained":[{"floor":1.0,"key":"BlessingOfTheForge"},{"floor":13.0,"key":"BloodPotion"},{"floor":20.0,"key":"EntropicBrew"},{"floor":23,"key":"Regen Potion"},{"floor":27,"key":"Explosive Potion"},{"floor":29,"key":"BloodPotion"},{"floor":35,"key":"Strength Potion"},{"floor":38,"key":"Strength Potion"},{"floor":44,"key":"PowerPotion"}],"is_trial":false,"path_per_floor":["M","M","M","$","?","R","$","R","T","M","R","E","M","E","R","B",null,"M","?","M","$","?","E","R","E","T","E","R","E","?","T","R","B",null,"M","?","?","M","$","R","E","R","T","M","R","$","?","M","R","B",null,"R","$","E","B",null],"character_chosen":"IRONCLAD","items_purchased":["Reaper","Bag of Preparation","Turnip"],"campfire_rested":0,"item_purchase_floors":[21,39,39],"current_hp_per_floor":[71,71,72,72,84,84,84,84,84,84,84,81,90,77,77,79,95,97,97,93,93,72,49,49,48,48,18,18,33,33,33,33,85,106,96,115,115,97,97,97,91,91,91,88,88,88,70,84,84,72,110,110,110,93,47],"gold":102,"neow_bonus":"THREE_RARE_CARDS","is_daily":false,"chose_seed":false,"campfire_upgraded":11,"win_rate":0.0,"timestamp":1614244025,"path_taken":["M","?","M","$","?","R","$","R","T","?","R","E","M","E","R","BOSS","M","?","M","$","?","E","R","E","T","E","R","E","?","?","R","BOSS","M","?","?","M","$","R","E","R","T","M","R","$","?","M","R","BOSS","R","$","E","BOSS"],"items_purchased_type":["Card","Relic","Relic"],"build_version":"2020-12-22","purchased_purges":3,"victory":true,"max_hp_per_floor":[78,81,84,84,84,84,84,84,84,84,84,88,92,96,96,100,100,104,104,104,104,104,104,104,104,104,104,104,104,104,104,104,104,111,115,115,115,115,115,115,115,115,115,115,115,115,119,123,123,123,123,123,123,123,123],"relic_stats":{"Happy Flower":[9],"counters":[25,106],"Self Forming Clay":[501],"PreservedInsect":207,"Bag of Preparation":[14],"Boot":[2],"MawBank":96,"Smiling Mask":125,"Burning Blood":140,"Mercury Hourglass":[386],"Dream Catcher":0,"Turnip":[2],"Champion Belt":[11],"obtain_stats":[{"Happy Flower":41,"Self Forming Clay":9,"Nilry\u0027s Codex":22,"Oddly Smooth Stone":23,"PreservedInsect":31,"Omamori":26,"Bag of Preparation":39,"Boot":25,"MawBank":31,"Smiling Mask":43,"Burning Blood":0,"Akabeko":54,"Mercury Hourglass":12,"Calling Bell":34,"Du-Vu Doll":34,"Dream Catcher":14,"CaptainsWheel":27,"Matryoshka":29,"Strawberry":34,"Turnip":39,"Coffee Dripper":17,"Champion Belt":47,"Meat on the Bone":34,"Pocketwatch":36},{"Happy Flower":19,"Self Forming Clay":3,"Nilry\u0027s Codex":10,"Oddly Smooth Stone":11,"PreservedInsect":14,"Omamori":12,"Bag of Preparation":18,"Boot":12,"MawBank":14,"Smiling Mask":19,"Burning Blood":0,"Akabeko":24,"Mercury Hourglass":5,"Calling Bell":15,"Du-Vu Doll":15,"Dream Catcher":7,"CaptainsWheel":13,"Matryoshka":14,"Strawberry":15,"Turnip":18,"Coffee Dripper":8,"Champion Belt":21,"Meat on the Bone":15,"Pocketwatch":17},{"Happy Flower":78,"Self Forming Clay":10,"Nilry\u0027s Codex":36,"Oddly Smooth Stone":41,"PreservedInsect":55,"Omamori":45,"Bag of Preparation":74,"Boot":45,"MawBank":55,"Smiling Mask":78,"Burning Blood":0,"Akabeko":99,"Mercury Hourglass":15,"Calling Bell":63,"Du-Vu Doll":63,"Dream Catcher":23,"CaptainsWheel":50,"Matryoshka":55,"Strawberry":63,"Turnip":74,"Coffee Dripper":28,"Champion Belt":85,"Meat on the Bone":63,"Pocketwatch":70}],"Meat on the Bone":12,"Pocketwatch":[15]},"card_choices":[{"not_picked":["Bludgeon","Demon Form"],"picked":"Feed","floor":0.0},{"not_picked":["Headbutt","Heavy Blade"],"picked":"Battle Trance","floor":1.0},{"not_picked":["Perfected Strike","Sword Boomerang"],"picked":"Burning Pact","floor":2.0},{"not_picked":["Burning Pact","Entrench"],"picked":"Infernal Blade","floor":3.0},{"not_picked":["Sword Boomerang","Thunderclap"],"picked":"Combust","floor":10.0},{"not_picked":["Flame Barrier","Sword Boomerang","Clash"],"picked":"SKIP","floor":12.0},{"not_picked":["Bloodletting","Clash"],"picked":"Berserk","floor":13.0},{"not_picked":["Wild Strike","Carnage"],"picked":"Hemokinesis","floor":14.0},{"not_picked":["Feed","Impervious"],"picked":"Reaper","floor":16.0},{"not_picked":["Anger","Warcry","Second Wind"],"picked":"SKIP","floor":18.0},{"not_picked":["Rage","Pummel"],"picked":"Hemokinesis","floor":20.0},{"not_picked":["Twin Strike","Brutality"],"picked":"Offering","floor":23},{"not_picked":["Sword Boomerang","Barricade"],"picked":"Rampage","floor":25},{"not_picked":["Warcry","Dark Embrace+1","Metallicize"],"picked":"SKIP","floor":27},{"not_picked":["Iron Wave","Uppercut"],"picked":"Rupture","floor":29},{"not_picked":["Demon Form","Exhume"],"picked":"Double Tap","floor":33},{"not_picked":["Iron Wave","Clash+1"],"picked":"Rampage","floor":35},{"not_picked":["Seeing Red","Sword Boomerang"],"picked":"Pommel Strike+1","floor":38},{"not_picked":["Flex","Iron Wave"],"picked":"Heavy Blade+1","floor":41},{"not_picked":["Reckless Charge","Combust"],"picked":"Hemokinesis","floor":44},{"not_picked":["Perfected Strike+1","Wild Strike"],"picked":"Uppercut+1","floor":48},{"not_picked":["Berserk","Twin Strike","Flex"],"picked":"SKIP","floor":54}],"player_experience":363984,"relics_obtained":[{"floor":9.0,"key":"Self Forming Clay"},{"floor":12.0,"key":"Mercury Hourglass"},{"floor":14.0,"key":"Dream Catcher"},{"floor":22,"key":"Nilry\u0027s Codex"},{"floor":23,"key":"Oddly Smooth Stone"},{"floor":25,"key":"Boot"},{"floor":26,"key":"Omamori"},{"floor":27,"key":"CaptainsWheel"},{"floor":29,"key":"Matryoshka"},{"floor":31,"key":"MawBank"},{"floor":31,"key":"PreservedInsect"},{"floor":34,"key":"Strawberry"},{"floor":34,"key":"Meat on the Bone"},{"floor":34,"key":"Du-Vu Doll"},{"floor":36,"key":"Pocketwatch"},{"floor":41,"key":"Happy Flower"},{"floor":43,"key":"Smiling Mask"},{"floor":47,"key":"Champion Belt"},{"floor":54,"key":"Akabeko"}],"event_choices":[{"cards_removed":["Burning Pact"],"damage_healed":12.0,"max_hp_gain":0.0,"max_hp_loss":0.0,"gold_gain":0.0,"event_name":"Bonfire Elementals","player_choice":"Offered Uncommon","floor":5.0,"gold_loss":0.0,"damage_taken":0.0},{"damage_healed":0.0,"max_hp_gain":0.0,"max_hp_loss":0.0,"gold_gain":0.0,"event_name":"Back to Basics","player_choice":"Simplicity","floor":19.0,"gold_loss":0.0,"damage_taken":0.0,"cards_upgraded":["Strike_R","Strike_R","Strike_R","Strike_R","Strike_R","Defend_R","Defend_R","Defend_R","Defend_R"]},{"damage_healed":0,"gold_gain":0,"player_choice":"Obtained Book","damage_taken":21,"max_hp_gain":0,"max_hp_loss":0,"event_name":"Cursed Tome","floor":22,"gold_loss":0},{"damage_healed":0,"gold_gain":0,"player_choice":"Ignored","damage_taken":0,"max_hp_gain":0,"max_hp_loss":0,"event_name":"Ghosts","floor":30,"gold_loss":0},{"damage_healed":0,"gold_gain":0,"player_choice":"Fight","damage_taken":0,"max_hp_gain":0,"max_hp_loss":0,"event_name":"MindBloom","floor":36,"gold_loss":0},{"damage_healed":0,"gold_gain":0,"player_choice":"Ignored","damage_taken":0,"max_hp_gain":0,"max_hp_loss":0,"event_name":"Tomb of Lord Red Mask","floor":37,"gold_loss":0},{"damage_healed":0,"gold_gain":0,"player_choice":"Fight","damage_taken":0,"max_hp_gain":0,"max_hp_loss":0,"event_name":"Mysterious Sphere","floor":47,"gold_loss":0}],"is_beta":false,"boss_relics":[{"not_picked":["Black Star","Cursed Key"],"picked":"Coffee Dripper"},{"not_picked":["Astrolabe","SlaversCollar"],"picked":"Calling Bell"}],"items_purged_floors":[39,46,53],"is_endless":false,"potions_floor_spawned":[1,13,16,20,23,27,29,35,38,44],"ascension_level":16}}