{"host":"unahupgi85cj6bxp","time":1614277829,"event":{"mods":["Act Like it!","Aspiration","BaseMod","Card Forge","Conspire","Downfall","Energized Spire","Hubris","Infinite Spire","Minty Spire (QoL Compilation)","Replay The Spire","StSLib"],"gold_per_floor":[99,117,117,127,138,156,156,185,202,2,16,116,136,136,148,148,148,148],"floor_reached":16,"language":"ENG","playtime":1390,"items_purged":[],"score":117,"play_id":"de5694c9-3ca8-4994-9c14-6470534d3814","local_time":"20210225103029","is_ascension_mode":true,"campfire_choices":[{"floor":1.0,"key":"RECALL"},{"floor":10,"key":"REST"}],"circlet_count":0,"master_deck":["hexamod:Sear+1","hexamod:Float+1","hexamod:ThirdSeal","hexamod:PowerFromBeyond+1","hexamod:UnlimitedPower+1","hexamod:PowerFromBeyond+1","hexamod:PhantomFireball+1","hexamod:SuperheatedStrike+1","hexamod:DynamicBlow+1","hexamod:GiftsFromTheDead+1","hexamod:FastForward+1","hexamod:FlamesFromBeyond+1","hexamod:TimeOfNeed+1","hexamod:EmpoweredFlame+1","hexamod:Haunt+1","hexamod:GhostLash+1","hexamod:SpectersWail+1","hexamod:SpectersWail+1","hexamod:UnleashSpirits","hexamod:SpectersWail","hexamod:PhantomFireball","hexamod:NightmareGuise","hexamod:ShieldOfDarkness"],"relics":["Hammer of Thor","Seething Fire","Anvil of the Gods","Pandora\u0027s Box","ReplayTheSpireMod:TigerMarble","downfall:HeartBlessingBlue","downfall:HeartBlessingRed","hubris:Towel"],"acts_visited":["Exordium"],"potions_floor_usage":[11,16],"damage_taken":[{"damage":8.0,"enemies":"2 Louse","floor":2.0,"turns":2.0},{"damage":8.0,"enemies":"Cultist","floor":4.0,"turns":3.0},{"damage":18.0,"enemies":"infinitespire:Voidling","floor":5.0,"turns":3.0},{"damage":11,"enemies":"downfall:LooterAlt","floor":6,"turns":2},{"damage":17,"enemies":"Replay:BlueRogue","floor":8,"turns":3},{"damage":6,"enemies":"2 Fungi Beasts","floor":9,"turns":2},{"damage":24,"enemies":"Exordium Wildlife","floor":11,"turns":2},{"damage":19,"enemies":"Exordium Thugs","floor":13,"turns":2},{"damage":0,"enemies":"3 Louse","floor":15,"turns":1},{"damage":6,"enemies":"SI_SHIV_ARCHETYPE","floor":16,"turns":2}],"seed_played":"8971546979070152394","potions_obtained":[{"floor":2.0,"key":"Guardian:BlockOnCardUsePotion"},{"floor":8,"key":"champ:CounterPotion"},{"floor":9,"key":"SkillPotion"},{"floor":13,"key":"Weak Potion"}],"is_trial":false,"path_per_floor":["R","M","?","M","M","M","T","E","M","R","M","?","M","?","M","B"],"character_chosen":"THE_SPIRIT","items_purchased":[],"campfire_rested":1,"item_purchase_floors":[],"current_hp_per_floor":[70,62,70,62,48,37,37,20,14,48,25,25,6,6,6,0,0,0],"gold":148,"neow_bonus":"BOSS_RELIC","is_daily":false,"chose_seed":false,"campfire_upgraded":0,"win_rate":0.0,"timestamp":1614277829,"path_taken":["R","M","?","M","?","M","T","E","?","R","M","?","M","?","M","BOSS"],"items_purchased_type":[],"build_version":"2020-12-22","purchased_purges":0,"victory":false,"max_hp_per_floor":[70,70,70,70,70,70,70,70,70,80,81,81,81,81,81,81,81,81],"card_choices":[{"not_picked":["hexamod:NightmareGuise","hexamod:HeatMetal"],"picked":"hexamod:FastForward","floor":2.0},{"not_picked":["hexamod:RainOfEmbers","hexamod:ExtraCrispy"],"picked":"hexamod:FirstSeal","floor":2.0},{"not_picked":["hexamod:EtherealExpedition","hexamod:SuperheatedStrike"],"picked":"hexamod:FlamesFromBeyond","floor":4.0},{"not_picked":["hexamod:NightmareGuise","hexamod:AdvancingGuard"],"picked":"hexamod:TimeOfNeed","floor":4.0},{"not_picked":["hexamod:BacktrackSmack","hexamod:BurningTouch"],"picked":"hexamod:EmpoweredFlame","floor":5},{"not_picked":["hexamod:ThermalTransfer","hexamod:PowerFromBeyond"],"picked":"hexamod:Haunt","floor":6},{"not_picked":["hexamod:AdvancingGuard","hexamod:RetreatToShadows"],"picked":"hexamod:GhostLash","floor":6},{"not_picked":["hexamod:FlamesFromBeyond","hexamod:Again"],"picked":"hexamod:SpectersWail","floor":8},{"not_picked":["hexamod:EtherealExpedition","hexamod:GhostLash"],"picked":"hexamod:SpectersWail","floor":8},{"not_picked":["hexamod:NightmareGuise","hexamod:SoulSteal"],"picked":"hexamod:UnleashSpirits","floor":9},{"not_picked":["hexamod:RecurringNightmare","hexamod:FlamesFromBeyond"],"picked":"hexamod:SpectersWail","floor":11},{"not_picked":["hexamod:ShieldOfDarkness","hexamod:NightmareGuise"],"picked":"hexamod:PhantomFireball","floor":13},{"not_picked":["hexamod:Again","hexamod:FastForward"],"picked":"hexamod:NightmareGuise","floor":13},{"not_picked":["hexamod:SpectersWail","hexamod:SkipABeat"],"picked":"hexamod:ShieldOfDarkness","floor":15}],"player_experience":915534,"relics_obtained":[{"floor":8,"key":"ReplayTheSpireMod:TigerMarble"}],"event_choices":[{"cards_removed":["hexamod:FirstSeal"],"damage_healed":8.0,"max_hp_gain":0.0,"max_hp_loss":0.0,"gold_gain":0.0,"event_name":"Bonfire Elementals","player_choice":"Offered Uncommon","floor":3.0,"gold_loss":0.0,"damage_taken":0.0}],"is_beta":false,"boss_relics":[],"items_purged_floors":[],"is_endless":false,"potions_floor_spawned":[2,8,9,13],"killed_by":"SI_SHIV_ARCHETYPE","ascension_level":2}}