{"host":"8t5dkgm85abdp22d","time":1614259687,"event":{"mods":["100% Spire Juice","ATMod(阿瑾Mod)","Act Like it!","BaseMod","Colored Powertips","Conspire","Gensokyo","Hallownest","Library of Ruina","Marisa（F雨　魔理沙）","Minty Spire (QoL Compilation)","MostiFishMod","Remilia（蕾米莉亚）","RumiaBox-露米娅的神秘盒子","StSLib","The Bug Knight","UnlockEverythingMod","Waifu the Spire","WarShipGirlsR/战舰少女R mod","Wide Potions","Yakumo Yukari mod"],"gold_per_floor":[11,25,43,61,61,90,109,120,120,131,148,178,28,45,45,147,147,160,177,177,195,211,237,32,32,80,95,105,132,132,150,150,254,254,269,319,339,339,299,328,328,347,347,481,497,512,642,693,693,693,693],"floor_reached":50,"language":"ZHS","playtime":1700,"items_purged":["LightDefense"],"score":767,"play_id":"3ee89076-e4d8-4f09-ac5b-06ad75f76ba1","local_time":"20210225212807","is_ascension_mode":false,"campfire_choices":[{"data":"UnforgettableMelody","floor":15,"key":"SMITH"},{"data":"MostiFishMod:SephirahHod","floor":25,"key":"SMITH"},{"floor":32,"key":"RECALL"},{"floor":41,"key":"REST"},{"floor":49,"key":"REST"}],"circlet_count":0,"master_deck":["Dodge","LightAttack","LightAttack","LightDefense","LightDefense","ChargeAndCover","FocusedStrikes","MostiFishMod:SephirahHod+1","TendonChords","TheRedNotes","UnforgettableMelody+1","LeRegole","SuanNi","WillOfThePrescript","SenseQuarry","SparkingSpear+1","Parasite","ExtractFuel+1","RagingStormLove","ShockRound+1"],"relics":["PageOfLibrarian","AT_ATBox","DaveBox","MostiFishMod:Hod","SynthV:TestCard","Potion Belt","StrikeDummy","PageOfBigBadWolf","PageOfPorccubus","Philosopher\u0027s Stone","MutagenicStrength","Meat on the Bone","Membership Card","Bag of Marbles","Vajra","Enchiridion","FeatherPendant","WingedGreaves","AT_TheCollector","LastBattle","PageOfForsakenMurderer","PageOfNothingThere","BionicSphere"],"acts_visited":["Exordium","TheCity","TheBeyond"],"potions_floor_usage":[],"damage_taken":[{"damage":0,"enemies":"Cultist","floor":1,"turns":2},{"damage":0,"enemies":"Small Slimes","floor":2,"turns":2},{"damage":0,"enemies":"Jaw Worm","floor":3,"turns":1},{"damage":0,"enemies":"Large Slime","floor":4,"turns":4},{"damage":18,"enemies":"3 Sentries","floor":6,"turns":6},{"damage":0,"enemies":"Looter","floor":7,"turns":2},{"damage":4,"enemies":"Blue Slaver","floor":8,"turns":2},{"damage":4,"enemies":"Red Slaver","floor":10,"turns":2},{"damage":8,"enemies":"Exordium Wildlife","floor":11,"turns":4},{"damage":8,"enemies":"Lagavulin","floor":12,"turns":4},{"damage":14,"enemies":"Lots of Slimes","floor":14,"turns":4},{"damage":31,"enemies":"Hexaghost","floor":16,"turns":4},{"damage":0,"enemies":"Spheric Guardian","floor":18,"turns":2},{"damage":0,"enemies":"Shell Parasite","floor":19,"turns":2},{"damage":15,"enemies":"Centurion and Healer","floor":21,"turns":3},{"damage":9,"enemies":"3 Cultists","floor":22,"turns":3},{"damage":24,"enemies":"Slavers","floor":23,"turns":3},{"damage":0,"enemies":"Sentry and Sphere","floor":27,"turns":2},{"damage":0,"enemies":"Centurion and Healer","floor":28,"turns":2},{"damage":0,"enemies":"Book of Stabbing","floor":29,"turns":2},{"damage":0,"enemies":"Snake Plant","floor":31,"turns":3},{"damage":16,"enemies":"conspire:MysteriousRune","floor":33,"turns":4},{"damage":6,"enemies":"3 Shapes","floor":35,"turns":3},{"damage":0,"enemies":"Mind Bloom Boss Battle","floor":36,"turns":2},{"damage":0,"enemies":"Orb Walker","floor":37,"turns":1},{"damage":0,"enemies":"Giant Head","floor":40,"turns":2},{"damage":0,"enemies":"Writhing Mass","floor":42,"turns":2},{"damage":0,"enemies":"Reptomancer","floor":44,"turns":2},{"damage":0,"enemies":"Sphere and 2 Shapes","floor":45,"turns":2},{"damage":16,"enemies":"Maw","floor":46,"turns":3},{"damage":0,"enemies":"Nemesis","floor":47,"turns":1},{"damage":0,"enemies":"2 Orb Walkers","floor":48,"turns":1},{"damage":114,"enemies":"conspire:OrnateMirror","floor":50,"turns":2}],"seed_played":"-872931816991173395","potions_obtained":[{"floor":1,"key":"Strength Potion"},{"floor":8,"key":"EssenceOfSteel"},{"floor":12,"key":"LiquidBronze"},{"floor":16,"key":"EntropicBrew"},{"floor":47,"key":"Energy Potion"},{"floor":48,"key":"Dexterity Potion"}],"is_trial":false,"path_per_floor":["M","M","M","M","T","E","M","M","T","M","M","E","$","M","R","B",null,"M","M","?","M","M","E","$","R","T","M","M","E","?","M","R","B",null,"M","?","M","?","?","E","R","M","T","E","M","M","E","?","R","B"],"character_chosen":"Librarian","items_purchased":["PageOfPorccubus","Membership Card","WillOfThePrescript"],"campfire_rested":2,"item_purchase_floors":[13,24,24],"current_hp_per_floor":[60,60,60,60,60,51,54,53,53,52,50,48,48,37,37,15,86,86,86,86,74,71,50,50,50,50,53,56,59,43,46,46,45,86,80,86,86,86,86,86,86,86,86,86,86,70,80,82,82,0,0],"gold":693,"neow_bonus":"REMOVE_TWO","is_daily":false,"chose_seed":false,"campfire_upgraded":2,"win_rate":0.0,"timestamp":1614259687,"path_taken":["M","?","M","M","?","E","M","?","T","M","M","E","?","M","R","BOSS","M","M","?","M","M","E","$","R","T","M","M","E","?","M","R","BOSS","M","?","M","?","?","E","R","M","T","E","?","M","E","?","R","BOSS"],"items_purchased_type":["Relic","Relic","Card"],"build_version":"2020-12-22","purchased_purges":1,"victory":false,"max_hp_per_floor":[84,84,84,84,84,84,84,84,84,84,84,62,62,86,86,86,86,86,86,86,86,86,86,86,86,86,86,86,86,86,86,86,86,86,86,86,86,86,86,86,86,86,86,86,86,86,86,82,82,82,82],"card_choices":[{"not_picked":["ExtremeEdge","SilentMist","FierceCharge","SinglePointStab"],"picked":"SKIP","floor":1},{"not_picked":["EnergyConversion","MultiBlock","Faith","WaitUp","Parry2","UpbeatPerformance"],"picked":"SKIP","floor":2},{"not_picked":["AGoldenOpportunity","MultiHit","DarkCloud","JiaoTu","BlowItUp","SteelKnuckles"],"picked":"SKIP","floor":3},{"not_picked":["DaringDecision","SunsetBlade","WaitUp","SpearedSweep","SummaryJudgment"],"picked":"TendonChords","floor":4},{"not_picked":["GuardingStance","SunsetBlade","DaringDecision","AbsorbImpact","ToOvercomeCrisis","ToWhereThePrescriptPoints"],"picked":"SKIP","floor":6},{"not_picked":["HighSpeedStabbing","MultiHit","TendonChords","SunsetBlade","SteelKnuckles","Punishment"],"picked":"SKIP","floor":7},{"not_picked":["ClassAndRespect","TendonChords","SpearedSweep","Reload","CoordinatedAssault","Pound"],"picked":"SKIP","floor":8},{"not_picked":["SpearedSweep","NightInTheBackstreets","EnergyShield","SweepTheBackstreets","SinglePointStab","FocusFire"],"picked":"SKIP","floor":10},{"not_picked":["UncannyStrike","ViolentFlame","MultiHit","WaitUp","ToWhereThePrescriptPoints"],"picked":"TheRedNotes","floor":11},{"not_picked":["BiAn","BurningFlash","ClassAndRespect","SuppressingShot","SpearedSweep"],"picked":"UnforgettableMelody","floor":12},{"not_picked":["Parry2","ClassAndRespect","TendonChords","FervidEmotions","Pound","SearingSword"],"picked":"SKIP","floor":14},{"not_picked":["Punishment","Tttonst","DaringDecision","EnergyBeam"],"picked":"LeRegole","floor":16},{"not_picked":["TendonChords","UpbeatPerformance","Pound","StrongStrike","SnakesPrey","AGoldenOpportunity+1"],"picked":"SKIP","floor":18},{"not_picked":["SunsetBlade","SuppressingShot","SinglePointStab","ExtremeEdge+1","ChargeUp","Parry2"],"picked":"SKIP","floor":19},{"not_picked":["EndlessBattle","ToOvercomeCrisis","SweepTheBackstreets+1","MultiBlock+1","ClassAndRespect+1","SparkingSpear"],"picked":"SKIP","floor":21},{"not_picked":["Pound","StrongStrike","MultiHit","DarkCloud","SuppressingShot"],"picked":"SuanNi","floor":22},{"not_picked":["FeatherShield","AbsorbImpact+1","FervidEmotions","YouOnlyLiveOnce","SnakesPrey","UpbeatPerformance+1"],"picked":"SKIP","floor":23},{"not_picked":["SinglePointStab","Parry2+1","BayonetCombat","ExtremeEdge","SunsetBlade+1","SparkingSpear"],"picked":"SKIP","floor":27},{"not_picked":["ChopItOff","EnergyShield+1","QuickAttack","Tttonst","MultiHit+1","SinglePointStab+1"],"picked":"SKIP","floor":28},{"not_picked":["HardRehearsal+1","SearingSword+1","ChopItOff","BiAn+1","EndlessBattle+1","SinglePointStab+1"],"picked":"SKIP","floor":29},{"not_picked":["UpbeatPerformance","BiAn","CoordinatedAssault+1","Slice_lor","Parry2+1","ShrineToMusic"],"picked":"SKIP","floor":31},{"not_picked":["BoundaryOfDeath","Tttonst","Punishment","BlazingStrike"],"picked":"SenseQuarry","floor":33},{"not_picked":["SparkingSpear+1","EnergyShield","FierceCharge","SunsetBlade+1","NightInTheBackstreets+1","Faith"],"picked":"SKIP","floor":35},{"not_picked":["FaintMemories","SweepTheBackstreets+1","BiXi+1","ViolentFlame+1","ForTheFamily"],"picked":"SparkingSpear+1","floor":36},{"not_picked":["ChopItOff","WrathOfTorment","SteelKnuckles+1","DriedUp","MultiHit","WillOfThePrescript"],"picked":"SKIP","floor":37},{"not_picked":["AbsorbImpact+1","FeatherShield","EndlessBattle+1","SnakesPrey+1","MultiHit+1","RagingStormLove"],"picked":"SKIP","floor":40},{"not_picked":["DarkCloud+1","Pound","ShockRound","SparkingSpear+1","Execute_lor+1","DesperateStruggle+1"],"picked":"SKIP","floor":42},{"not_picked":["GuardingStance","BlowItUp","Endure","StayCalm","SummaryJudgment","ChopItOff"],"picked":"SKIP","floor":44},{"not_picked":["StayCalm+1","UpbeatPerformance","ToOvercomeCrisis","ClassAndRespect","ViolentFlame+1","QuickAttack+1"],"picked":"SKIP","floor":45},{"not_picked":["ShrineToMusic+1","ReadyUp","AGoldenOpportunity","StayCalm","HeavyPeaks+1"],"picked":"ExtractFuel+1","floor":46},{"not_picked":["YouOnlyLiveOnce+1","ViolentFlame","SearingSword+1","EndlessBattle+1","Reload+1"],"picked":"RagingStormLove","floor":47},{"not_picked":["AGoldenOpportunity","Parry2","MultiBlock","Endure+1","CoordinatedAssault"],"picked":"ShockRound+1","floor":48}],"player_experience":133018,"relics_obtained":[{"floor":1,"key":"SynthV:TestCard"},{"floor":6,"key":"Potion Belt"},{"floor":9,"key":"StrikeDummy"},{"floor":12,"key":"PageOfBigBadWolf"},{"floor":23,"key":"Meat on the Bone"},{"floor":26,"key":"Bag of Marbles"},{"floor":29,"key":"Vajra"},{"floor":30,"key":"Enchiridion"},{"floor":36,"key":"WingedGreaves"},{"floor":40,"key":"AT_TheCollector"},{"floor":43,"key":"LastBattle"},{"floor":44,"key":"PageOfForsakenMurderer"},{"floor":47,"key":"PageOfNothingThere"},{"floor":48,"key":"BionicSphere"}],"event_choices":[{"damage_healed":0,"gold_gain":0,"player_choice":"Inject Mutagens","damage_taken":0,"relics_obtained":["MutagenicStrength"],"max_hp_gain":0,"max_hp_loss":0,"event_name":"Drug Dealer","floor":20,"gold_loss":0},{"damage_healed":0,"gold_gain":0,"player_choice":"Obtained Book","damage_taken":16,"max_hp_gain":0,"max_hp_loss":0,"event_name":"Cursed Tome","floor":30,"gold_loss":0},{"damage_healed":0,"gold_gain":0,"player_choice":"Fight","damage_taken":0,"max_hp_gain":0,"max_hp_loss":0,"event_name":"MindBloom","floor":36,"gold_loss":0},{"damage_healed":0,"gold_gain":0,"player_choice":"Ignored","damage_taken":0,"max_hp_gain":0,"max_hp_loss":0,"event_name":"Tomb of Lord Red Mask","floor":38,"gold_loss":0},{"damage_healed":0,"gold_gain":0,"player_choice":"Fight","damage_taken":0,"max_hp_gain":0,"max_hp_loss":0,"event_name":"Mysterious Sphere","floor":48,"gold_loss":0}],"is_beta":false,"boss_relics":[{"not_picked":["Runic Pyramid","TimeKeys"],"picked":"Philosopher\u0027s Stone"},{"not_picked":["Coffee Dripper","PatriotShield"],"picked":"FeatherPendant"}],"items_purged_floors":[24],"is_endless":false,"potions_floor_spawned":[1,3,8,12,14,16,18,22,23,28,31,35,40,44,47,48],"killed_by":"conspire:OrnateMirror","ascension_level":0}}