{"host":"f7915vm1ahl7kex1","time":1614281235,"event":{"mods":["BaseMod","Colored Map","Downfall","Minty Spire (QoL Compilation)","Quick Restart","Spire Arcade","StSLib"],"gold_per_floor":[99,109,124,124,144,244,244,244,31,58,58,5,105,118,138,138,138,138],"floor_reached":16,"language":"ENG","playtime":530,"items_purged":["sneckomod:Defend"],"score":100,"play_id":"544b72f2-8f33-41c3-bbae-e01100c4bddd","local_time":"20210225132715","is_ascension_mode":false,"campfire_choices":[],"circlet_count":0,"master_deck":["sneckomod:Strike","sneckomod:Strike","sneckomod:Defend","sneckomod:Defend","sneckomod:TailWhip","sneckomod:SnekBite","Slimebound:RainOfGoop","sneckomod:UnknownBlock","champ:BladeFlurry","sneckomod:QuickBite","champ:RecklessLeap"],"relics":["sneckomod:SneckoSoul","Kunai","The Courier","Membership Card","Happy Flower","FossilizedHelix"],"acts_visited":["Exordium"],"potions_floor_usage":[10,16,16],"damage_taken":[{"damage":0,"enemies":"Small Slimes","floor":2,"turns":3},{"damage":1,"enemies":"Jaw Worm","floor":3,"turns":3},{"damage":2,"enemies":"2 Louse","floor":5,"turns":3},{"damage":5,"enemies":"downfall:FleeingMerchant","floor":9,"turns":4},{"damage":23,"enemies":"Gremlin Nob","floor":10,"turns":4},{"damage":12,"enemies":"downfall:FleeingMerchant","floor":12,"turns":4},{"damage":0,"enemies":"Exordium Wildlife","floor":14,"turns":3},{"damage":0,"enemies":"Large Slime","floor":15,"turns":4},{"damage":43,"enemies":"IC_STATUS_ARCHETYPE","floor":16,"turns":8}],"seed_played":"-1246946792641626148","potions_obtained":[{"floor":5,"key":"SkillPotion"},{"floor":10,"key":"Block Potion"},{"floor":14,"key":"SkillPotion"}],"is_trial":false,"path_per_floor":["R","M","M","?","M","?","T","T","$","E","R","$","?","M","M","B"],"character_chosen":"THE_SNECKO","items_purchased":["Membership Card","sneckomod:UnknownBlock","Happy Flower"],"campfire_rested":0,"item_purchase_floors":[9,9,9],"current_hp_per_floor":[90,90,89,82,80,80,80,80,75,52,52,40,40,40,40,0,0,0],"gold":138,"neow_bonus":"REMOVE_CARD","is_daily":false,"chose_seed":false,"campfire_upgraded":0,"win_rate":0.0,"timestamp":1614281235,"path_taken":["R","M","M","?","M","?","T","?","$","E","R","$","?","M","M","BOSS"],"items_purchased_type":["Relic","Card","Relic"],"build_version":"2020-12-22","purchased_purges":1,"victory":false,"max_hp_per_floor":[90,90,90,90,90,90,90,90,90,90,90,90,90,90,90,90,90,90],"card_choices":[{"not_picked":["sneckomod:Nope","sneckomod:DiceCrush"],"picked":"sneckomod:Memorize","floor":2},{"not_picked":["sneckomod:IronFang","sneckomod:Nope","sneckomod:PureSnecko"],"picked":"SKIP","floor":3},{"not_picked":["sneckomod:SoulCleanse","sneckomod:DiceBoulder"],"picked":"sneckomod:UnknownCommonAttack","floor":5},{"not_picked":["sneckomod:PureSnecko","sneckomod:DefensiveFlair","sneckomod:DiceBlock"],"picked":"SKIP","floor":9},{"not_picked":["sneckomod:Restock","sneckomod:UnknownWeak","sneckomod:UnknownUncommonSkill"],"picked":"SKIP","floor":10},{"not_picked":["sneckomod:CheapStock","sneckomod:UnknownUncommonSkill","sneckomod:UnknownDraw"],"picked":"SKIP","floor":12},{"not_picked":["sneckomod:UnknownExhaust","sneckomod:UnknownCommonSkill"],"picked":"sneckomod:QuickBite","floor":14},{"not_picked":["sneckomod:IronFang","sneckomod:ImprovisedGuard","sneckomod:DiceCrush"],"picked":"SKIP","floor":15}],"player_experience":1243243,"relics_obtained":[{"floor":7,"key":"The Courier"},{"floor":10,"key":"FossilizedHelix"}],"event_choices":[{"damage_healed":0,"gold_gain":0,"player_choice":"Success","damage_taken":7,"relics_obtained":["Kunai"],"max_hp_gain":0,"max_hp_loss":0,"event_name":"Scrap Ooze","floor":4,"gold_loss":0}],"is_beta":false,"boss_relics":[],"items_purged_floors":[12],"is_endless":false,"potions_floor_spawned":[5,10,14],"killed_by":"IC_STATUS_ARCHETYPE","ascension_level":0}}