{"host":"5jzx1090woovszu4","time":1614293674,"event":{"mods":["BaseMod","Minty Spire (QoL Compilation)","Robot Space Explorer","Shapeshifter Mod","Spicy Shops","StSLib"],"gold_per_floor":[18,18,36,36,49,86,86,95,95,127,57,57,57,57,57,167,167,187,187,207,228,254,283,310,409,462,462,505,505,420,435,435,532,559,586,251,260,260,319,350,361,370,670,18,18,36,36,36],"floor_reached":47,"language":"ENG","playtime":2562,"items_purged":["StSShapeShifter:ShapeShifter_Defend"],"score":612,"play_id":"6b24d0f4-765a-4b76-a5c8-00da59e1ce05","local_time":"20210225235434","is_ascension_mode":false,"campfire_choices":[{"floor":7,"key":"REST"},{"floor":13,"key":"REST"},{"data":"StSShapeShifter:BloomingSlash","floor":15,"key":"SMITH"},{"floor":27,"key":"REST"},{"floor":32,"key":"REST"},{"floor":45,"key":"REST"}],"circlet_count":0,"master_deck":["StSShapeShifter:ShapeShifter_Strike+1","StSShapeShifter:ShapeShifter_Defend","StSShapeShifter:ShapeShifter_Defend+1","StSShapeShifter:Efflorescence+1","StSShapeShifter:BurstingSpore","StSShapeShifter:BarkSkin","StSShapeShifter:BloomingSlash+1","StSShapeShifter:StormGryphonForm","StSShapeShifter:Summer+1","StSShapeShifter:BaskInBloom","StSShapeShifter:Tornado","StSShapeShifter:BurstingSpore+1","StSShapeShifter:Sapling","StSShapeShifter:BloomingSlash","StSShapeShifter:Mystical_Branch","StSShapeShifter:WolfsBane+1","StSShapeShifter:BladeOfGrass+1","StSShapeShifter:OakBlade+1","StSShapeShifter:FlowerShield+1","Finesse+1","StSShapeShifter:Sapling+1","Writhe"],"relics":["StSShapeShifter:AnimalHeart","StSShapeShifter:TheShapeShiftersMagnolia","StoneCalendar","CeramicFish","Shuriken","Odd Mushroom","Whetstone","Black Star","Kunai","Boot","Oddly Smooth Stone","Juzu Bracelet","Du-Vu Doll","Smiling Mask","Calipers","Astrolabe","Happy Flower","PreservedInsect","Gambling Chip","Bottled Flame","Regal Pillow","Old Coin","War Paint","StSShapeShifter:Fertilizer","ClockworkSouvenir"],"acts_visited":["Exordium","TheCity","TheBeyond"],"potions_floor_usage":[6,16,21,22,22,23,28,33,33,40,40],"damage_taken":[{"damage":4,"enemies":"Jaw Worm","floor":1,"turns":7},{"damage":0,"enemies":"Small Slimes","floor":3,"turns":2},{"damage":6,"enemies":"Cultist","floor":5,"turns":4},{"damage":21,"enemies":"Gremlin Nob","floor":6,"turns":5},{"damage":9,"enemies":"The Mushroom Lair","floor":10,"turns":4},{"damage":16,"enemies":"Slime Boss","floor":16,"turns":7},{"damage":5,"enemies":"Chosen","floor":18,"turns":6},{"damage":18,"enemies":"Spheric Guardian","floor":20,"turns":4},{"damage":6,"enemies":"Cultist and Chosen","floor":21,"turns":7},{"damage":8,"enemies":"Centurion and Healer","floor":22,"turns":6},{"damage":29,"enemies":"Gremlin Leader","floor":23,"turns":6},{"damage":27,"enemies":"Slavers","floor":28,"turns":6},{"damage":27,"enemies":"Shelled Parasite and Fungi","floor":31,"turns":6},{"damage":18,"enemies":"Collector","floor":33,"turns":8},{"damage":25,"enemies":"Orb Walker","floor":35,"turns":5},{"damage":0,"enemies":"Mind Bloom Boss Battle","floor":39,"turns":6},{"damage":3,"enemies":"Giant Head","floor":40,"turns":5},{"damage":25,"enemies":"3 Shapes","floor":41,"turns":3},{"damage":12,"enemies":"Spire Growth","floor":46,"turns":4},{"damage":67,"enemies":"2 Orb Walkers","floor":47,"turns":5}],"seed_played":"-7739880601816185945","potions_obtained":[{"floor":3,"key":"SkillPotion"},{"floor":5,"key":"CultistPotion"},{"floor":19,"key":"Dexterity Potion"},{"floor":19,"key":"DuplicationPotion"},{"floor":19,"key":"Regen Potion"},{"floor":21,"key":"Regen Potion"},{"floor":22,"key":"Swift Potion"},{"floor":23,"key":"AttackPotion"},{"floor":28,"key":"FearPotion"},{"floor":35,"key":"Dexterity Potion"},{"floor":39,"key":"Swift Potion"}],"is_trial":false,"path_per_floor":["M","?","M","?","M","E","R","?","T","?","$","?","R","T","R","B",null,"M","?","M","M","M","E","T","?","T","R","E","?","?","M","R","B",null,"M","$","?","?","?","E","M","?","T","$","R","M","?"],"character_chosen":"SHAPESHIFTER","items_purchased":["StSShapeShifter:BaskInBloom","Happy Flower","PowerPotion","PreservedInsect","War Paint","StSShapeShifter:Fertilizer","ClockworkSouvenir","AttackPotion","SpeedPotion"],"campfire_rested":5,"item_purchase_floors":[11,36,36,36,44,44,44,44,44],"current_hp_per_floor":[74,58,58,40,34,13,36,29,29,20,20,20,43,43,43,27,78,73,73,55,49,78,49,49,49,49,72,45,45,45,18,41,23,78,53,53,48,48,48,45,20,40,40,40,78,66,0,0],"gold":36,"neow_bonus":"REMOVE_TWO","is_daily":false,"chose_seed":false,"campfire_upgraded":1,"win_rate":0.0,"timestamp":1614293674,"path_taken":["M","?","M","?","M","E","R","?","T","?","$","?","R","?","R","BOSS","M","?","?","M","M","E","?","?","T","R","E","?","?","M","R","BOSS","M","$","?","?","?","E","M","?","T","$","R","M","?"],"items_purchased_type":["Card","Relic","Potion","Relic","Relic","Relic","Relic","Potion","Potion"],"build_version":"2020-12-22","purchased_purges":1,"victory":false,"max_hp_per_floor":[78,78,78,78,78,78,78,78,78,78,78,78,78,78,78,78,78,78,78,78,78,78,78,78,78,78,78,78,78,78,78,78,78,78,78,78,78,78,78,78,78,78,78,78,78,78,78,78],"card_choices":[{"not_picked":["StSShapeShifter:OakBlade","StSShapeShifter:BladeOfGrass"],"picked":"StSShapeShifter:Efflorescence","floor":1},{"not_picked":["StSShapeShifter:FlowerShield","StSShapeShifter:EagleForm"],"picked":"StSShapeShifter:BurstingSpore","floor":3},{"not_picked":["StSShapeShifter:FallingLeaves","StSShapeShifter:BurstingSpore"],"picked":"StSShapeShifter:BarkSkin","floor":5},{"not_picked":["StSShapeShifter:ForestFire","StSShapeShifter:FlowerShield"],"picked":"StSShapeShifter:BloomingSlash","floor":6},{"not_picked":["StSShapeShifter:BearForm","StSShapeShifter:RockSlide"],"picked":"StSShapeShifter:Summer","floor":10},{"not_picked":["StSShapeShifter:PowerShifter","StSShapeShifter:RitualOfTheExtinct"],"picked":"StSShapeShifter:Tornado","floor":16},{"not_picked":["StSShapeShifter:DeerForm+1","StSShapeShifter:FesteringBite"],"picked":"StSShapeShifter:BurstingSpore+1","floor":18},{"not_picked":["StSShapeShifter:Roar","StSShapeShifter:IntimidatingAura+1","StSShapeShifter:PorcupineForm+1"],"picked":"SKIP","floor":20},{"not_picked":["StSShapeShifter:AdaptiveStrikes","StSShapeShifter:VineHandcuffs"],"picked":"StSShapeShifter:Sapling","floor":21},{"not_picked":["StSShapeShifter:FesteringBite","StSShapeShifter:OakBlade"],"picked":"StSShapeShifter:BloomingSlash","floor":22},{"not_picked":["StSShapeShifter:MonkeyForm","StSShapeShifter:Rest","StSShapeShifter:SunflowerShuriken+1"],"picked":"SKIP","floor":23},{"not_picked":["StSShapeShifter:HippoForm","StSShapeShifter:Efflorescence+1"],"picked":"StSShapeShifter:Mystical_Branch","floor":28},{"not_picked":["StSShapeShifter:PantherForm","StSShapeShifter:CosmicShifter","StSShapeShifter:BaskInBloom"],"picked":"SKIP","floor":31},{"not_picked":["StSShapeShifter:Maul+1","StSShapeShifter:VineHandcuffs+1"],"picked":"StSShapeShifter:FlowerShield+1","floor":35},{"not_picked":["Transmutation","Blind"],"picked":"Finesse","floor":37},{"not_picked":["StSShapeShifter:BladeOfGrass","StSShapeShifter:BaskInBloom"],"picked":"StSShapeShifter:Sapling+1","floor":39},{"not_picked":["StSShapeShifter:ReplenishingNectar+1","StSShapeShifter:RockSlide+1","StSShapeShifter:PorcupineForm"],"picked":"SKIP","floor":40},{"not_picked":["StSShapeShifter:ThornedSkin","StSShapeShifter:FlowerShield","StSShapeShifter:SpiritOfTheEarth+1"],"picked":"SKIP","floor":41},{"not_picked":["StSShapeShifter:DiverseSpirit","StSShapeShifter:Flourish+1","StSShapeShifter:AdaptiveStrikes+1"],"picked":"SKIP","floor":46}],"player_experience":652135,"relics_obtained":[{"floor":6,"key":"CeramicFish"},{"floor":9,"key":"Shuriken"},{"floor":10,"key":"Odd Mushroom"},{"floor":14,"key":"Whetstone"},{"floor":23,"key":"Kunai"},{"floor":23,"key":"Boot"},{"floor":24,"key":"Oddly Smooth Stone"},{"floor":26,"key":"Juzu Bracelet"},{"floor":28,"key":"Du-Vu Doll"},{"floor":28,"key":"Smiling Mask"},{"floor":39,"key":"Gambling Chip"},{"floor":40,"key":"Bottled Flame"},{"floor":40,"key":"Regal Pillow"},{"floor":43,"key":"Old Coin"}],"event_choices":[{"damage_healed":0,"gold_gain":0,"player_choice":"Entered Light","damage_taken":16,"max_hp_gain":0,"max_hp_loss":0,"event_name":"Shining Light","floor":2,"gold_loss":0,"cards_upgraded":["StSShapeShifter:ShapeShifter_Defend","StSShapeShifter:Lynx_Form"]},{"damage_healed":0,"gold_gain":0,"player_choice":"Success","damage_taken":18,"relics_obtained":["StoneCalendar"],"max_hp_gain":0,"max_hp_loss":0,"event_name":"Scrap Ooze","floor":4,"gold_loss":0},{"damage_healed":0,"gold_gain":0,"player_choice":"Fought Mushrooms","damage_taken":0,"max_hp_gain":0,"max_hp_loss":0,"event_name":"Mushrooms","floor":10,"gold_loss":0},{"damage_healed":0,"gold_gain":0,"player_choice":"Grow","damage_taken":0,"max_hp_gain":0,"max_hp_loss":0,"event_name":"Living Wall","floor":12,"gold_loss":0,"cards_upgraded":["StSShapeShifter:Summer"]},{"damage_healed":0,"gold_gain":0,"player_choice":"Got Potions","damage_taken":0,"max_hp_gain":0,"max_hp_loss":0,"event_name":"Lab","floor":19,"gold_loss":0},{"damage_healed":0,"gold_gain":99,"player_choice":"Stole From Cult","damage_taken":0,"max_hp_gain":0,"max_hp_loss":0,"event_name":"Nest","floor":25,"gold_loss":0},{"damage_healed":0,"gold_gain":0,"player_choice":"Ignored","damage_taken":0,"max_hp_gain":0,"max_hp_loss":0,"event_name":"Vampires","floor":29,"gold_loss":0},{"damage_healed":0,"gold_gain":0,"player_choice":"Obtained Relic","damage_taken":0,"relics_obtained":["Calipers"],"max_hp_gain":0,"max_hp_loss":0,"event_name":"Addict","floor":30,"gold_loss":85},{"damage_healed":0,"gold_gain":0,"player_choice":"Memory 2","damage_taken":5,"max_hp_gain":0,"max_hp_loss":0,"event_name":"SensoryStone","floor":37,"gold_loss":0},{"cards_removed":["StSShapeShifter:ShapeShifter_Strike"],"damage_healed":0,"gold_gain":0,"player_choice":"Purged","damage_taken":0,"max_hp_gain":0,"max_hp_loss":0,"event_name":"Purifier","floor":38,"gold_loss":0},{"damage_healed":0,"gold_gain":0,"player_choice":"Fight","damage_taken":0,"max_hp_gain":0,"max_hp_loss":0,"event_name":"MindBloom","floor":39,"gold_loss":0},{"damage_healed":20,"gold_gain":0,"player_choice":"Writhe","damage_taken":0,"max_hp_gain":0,"max_hp_loss":0,"event_name":"Winding Halls","floor":42,"gold_loss":0,"cards_obtained":["Writhe"]},{"damage_healed":0,"gold_gain":0,"player_choice":"Fight","damage_taken":0,"max_hp_gain":0,"max_hp_loss":0,"event_name":"Mysterious Sphere","floor":47,"gold_loss":0}],"is_beta":false,"boss_relics":[{"not_picked":["Pandora\u0027s Box","SlaversCollar"],"picked":"Black Star"},{"not_picked":["Philosopher\u0027s Stone","Calling Bell"],"picked":"Astrolabe"}],"items_purged_floors":[36],"is_endless":false,"potions_floor_spawned":[3,5,21,22,23,28,35,39],"killed_by":"2 Orb Walkers","ascension_level":0}}