{"host":"gvgax75aunlv59s2","time":1614212494,"event":{"mods":["BaseMod","Bossed Relics","Curses Come First","Decade(???)","Googly Eyes","GungeonMod","Hermit","Highlight Path","Infinite Spire","Minty Spire (QoL Compilation)","Replay The Spire","Robot Space Explorer","Shop Mod","Spicy Shops","Spikes Relics","Spire Arcade","StSLib","Synergy Search","The Bug Knight","The Cursed","The Hierophant","The Runesmith","The Servant 0.9.4","TheBandit","[IsaacMod]????"],"gold_per_floor":[102,115,111,61,132,132,151,151,151,164,164,176,20,28,28,18,18],"floor_reached":16,"language":"ENG","playtime":1302,"items_purged":[],"score":94,"play_id":"f4872388-9e52-4304-bdf6-3c269e2d7ea6","local_time":"20210224192134","is_ascension_mode":false,"campfire_choices":[{"floor":6,"key":"REST"},{"data":"hierophant:HammerAndAnvil","floor":15,"key":"SMITH"}],"circlet_count":0,"master_deck":["hierophant:Strike_Hierophant","hierophant:Strike_Hierophant","hierophant:Strike_Hierophant","hierophant:Punish","hierophant:Defend_Hierophant","hierophant:Defend_Hierophant","hierophant:Defend_Hierophant","hierophant:Defend_Hierophant","hierophant:ChurchCoffers","hierophant:Doomsaying","hierophant:HammerAndAnvil+1","hierophant:Endure","hierophant:EyeForCoin","hierophant:Doubloon","hierophant:Purify","hierophant:Zeal","hierophant:Doubloon","hierophant:Refuge"],"relics":["hierophant:PropheticMaskRelic","HushsDoor","SteamSale","Pet Ghost","Garlic","Bag of Preparation","ZombieTooth"],"acts_visited":["Exordium"],"potions_floor_usage":[],"damage_taken":[{"damage":1,"enemies":"2 Louse","floor":1,"turns":3},{"damage":0,"enemies":"Small Slimes","floor":2,"turns":4},{"damage":0,"enemies":"Cultist","floor":3,"turns":5},{"damage":2,"enemies":"Blue Slaver","floor":7,"turns":8},{"damage":0,"enemies":"Exordium Wildlife","floor":10,"turns":7},{"damage":3,"enemies":"Red Slaver","floor":12,"turns":3},{"damage":3,"enemies":"Looter","floor":14,"turns":4},{"damage":44,"enemies":"The Guardian","floor":16,"turns":6}],"seed_played":"5280447092257212027","potions_obtained":[{"floor":1,"key":"Swift Potion"},{"floor":7,"key":"DuplicationPotion"},{"floor":12,"key":"DistilledChaos"}],"is_trial":false,"path_per_floor":["M","M","M","?","?","R","M","?","T","M","?","M","$","M","R","B"],"character_chosen":"HIEROPHANT","items_purchased":["ZombieTooth"],"campfire_rested":1,"item_purchase_floors":[13],"current_hp_per_floor":[81,81,81,81,49,73,71,71,71,71,71,68,68,65,65,21,21],"gold":18,"neow_bonus":"TEN_PERCENT_HP_BONUS","is_daily":false,"chose_seed":false,"campfire_upgraded":1,"win_rate":0.0,"timestamp":1614212494,"path_taken":["M","M","M","?","?","R","M","?","T","?","?","M","$","M","R","BOSS"],"items_purchased_type":["Relic"],"build_version":"2020-12-22","purchased_purges":0,"victory":false,"max_hp_per_floor":[82,82,82,82,82,82,82,82,82,82,82,82,82,82,82,82,82],"card_choices":[{"not_picked":["hierophant:Sermon","hierophant:Embezzle"],"picked":"hierophant:Doomsaying","floor":1},{"not_picked":["hierophant:TollTheBells","hierophant:Bribe"],"picked":"hierophant:HammerAndAnvil","floor":2},{"not_picked":["hierophant:Alms","Bomb"],"picked":"hierophant:Endure","floor":3},{"not_picked":["hierophant:Shelter","Bomb"],"picked":"hierophant:EyeForCoin","floor":7},{"not_picked":["hierophant:PristineSoul","hierophant:Rebuild"],"picked":"hierophant:Purify","floor":10},{"not_picked":["hierophant:Martyrdom","hierophant:Remorse"],"picked":"hierophant:Zeal","floor":12},{"not_picked":["hierophant:AuricBeam","Bomb"],"picked":"hierophant:Refuge","floor":14}],"player_experience":194952,"relics_obtained":[{"floor":5,"key":"Pet Ghost"},{"floor":8,"key":"Garlic"},{"floor":9,"key":"Bag of Preparation"}],"event_choices":[{"cards_removed":["hierophant:Strike_Hierophant"],"damage_healed":0,"gold_gain":0,"player_choice":"Card Removal","damage_taken":0,"max_hp_gain":0,"max_hp_loss":0,"event_name":"The Cleric","floor":4,"gold_loss":50}],"is_beta":false,"boss_relics":[],"items_purged_floors":[],"is_endless":false,"potions_floor_spawned":[1,7,12],"killed_by":"The Guardian","ascension_level":0}}