{"host":"onk0sru1v5nf4gev","time":1614288300,"event":{"mods":["AchievementEnabler","BaseMod","Colored Map","Colored Powertips","Downfall","Googly Eyes","Infinite Spire","Minty Spire (QoL Compilation)","Quick Restart","Replay The Spire","StSLib","SuperFastMode","The Cursed"],"gold_per_floor":[114,114,34,54,72,100,100,100,126,31,31,50,50,64,64,161,161,180,192,192,192,152,152,168,178,204,204,129,129,140,155,155,155,155],"floor_reached":33,"language":"FRA","playtime":1170,"items_purged":["Strike_G"],"score":272,"play_id":"1cc29d67-7a88-4499-8b4b-f630d47c3a61","local_time":"20210225222500","is_ascension_mode":false,"campfire_choices":[{"floor":7,"key":"REST"},{"data":"Noxious Fumes","floor":11,"key":"SMITH"},{"data":"Bouncing Flask","floor":13,"key":"SMITH"},{"floor":15,"key":"REST"},{"data":"Distraction","floor":23,"key":"SMITH"},{"floor":27,"key":"REST"},{"floor":29,"key":"REST"},{"floor":32,"key":"REST"}],"circlet_count":0,"master_deck":["Strike_G","Strike_G","Strike_G","Defend_G","Defend_G","Defend_G","Defend_G","Defend_G","Survivor","Neutralize+1","TheCursedMod:CursedWand","Guardian:TwinSlam","Bouncing Flask+1","Bane+1","Noxious Fumes+1","Dagger Spray","Distraction+1","Terror","Good Instincts","Bane","infinitespire:Neurotoxin","Outmaneuver","Deadly Poison","PiercingWail+1","Bane","Bane+1","ReplayTheSpireMod:Necrosis"],"relics":["Ring of the Snake","Gambling Chip","PreservedInsect","Boot","SacredBark","Centennial Puzzle"],"acts_visited":["Exordium","TheCity"],"potions_floor_usage":[6,16,30,33],"damage_taken":[{"damage":1,"enemies":"Jaw Worm","floor":1,"turns":4},{"damage":1,"enemies":"Cultist","floor":4,"turns":3},{"damage":0,"enemies":"2 Louse","floor":5,"turns":2},{"damage":27,"enemies":"Gremlin Nob","floor":6,"turns":4},{"damage":2,"enemies":"2 Fungi Beasts","floor":12,"turns":4},{"damage":7,"enemies":"Looter","floor":14,"turns":2},{"damage":50,"enemies":"Fading Forest","floor":16,"turns":11},{"damage":19,"enemies":"Shell Parasite","floor":18,"turns":4},{"damage":6,"enemies":"Chosen","floor":19,"turns":4},{"damage":20,"enemies":"Centurion and Healer","floor":24,"turns":6},{"damage":24,"enemies":"3 Cultists","floor":25,"turns":5},{"damage":0,"enemies":"Chosen and Byrds","floor":30,"turns":3},{"damage":31,"enemies":"Shelled Parasite and Fungi","floor":31,"turns":4},{"damage":47,"enemies":"Champ","floor":33,"turns":6}],"seed_played":"7483556857441428646","potions_obtained":[{"floor":4,"key":"SkillPotion"},{"floor":14,"key":"FearPotion"},{"floor":24,"key":"Elixir"},{"floor":25,"key":"Toxic Potion"},{"floor":31,"key":"Swift Potion"}],"is_trial":false,"path_per_floor":["M","?","$","M","M","E","R","?","T","$","R","M","R","M","R","B",null,"M","M","?","?","?","R","M","M","T","R","$","R","M","M","R","B"],"character_chosen":"THE_SILENT","items_purchased":["Noxious Fumes","Good Instincts"],"campfire_rested":5,"item_purchase_floors":[3,10],"current_hp_per_floor":[69,69,69,68,68,41,62,62,62,62,62,60,60,53,70,30,70,51,45,45,45,45,45,25,1,1,22,22,43,43,12,33,0,0],"gold":155,"neow_bonus":"ONE_RARE_RELIC","is_daily":false,"chose_seed":false,"campfire_upgraded":3,"win_rate":0.0,"timestamp":1614288300,"path_taken":["M","?","$","M","M","E","R","?","T","$","R","M","R","?","R","BOSS","M","M","?","?","?","R","?","M","T","R","?","R","?","M","R","BOSS"],"items_purchased_type":["Card","Card"],"build_version":"2020-12-22","purchased_purges":1,"victory":false,"max_hp_per_floor":[70,70,70,70,70,70,70,70,70,70,70,70,70,70,70,70,70,70,70,70,70,70,70,70,70,70,70,70,70,70,70,70,70,70],"card_choices":[{"not_picked":["Sneak Up","Sucker Punch"],"picked":"Bouncing Flask","floor":1},{"not_picked":["Deflect","Cloak And Dagger"],"picked":"Dagger Spray","floor":4},{"not_picked":["Quick Slash","Concentrate"],"picked":"Distraction","floor":5},{"not_picked":["Cloak And Dagger","Dagger Throw"],"picked":"Terror","floor":6},{"not_picked":["Deflect","ReplayTheSpireMod:Tripwire"],"picked":"Bane","floor":12},{"not_picked":["Backflip","Escape Plan"],"picked":"infinitespire:Neurotoxin","floor":14},{"not_picked":["Acrobatics","ReplayTheSpireMod:Scrap Shanks"],"picked":"Outmaneuver","floor":18},{"not_picked":["Hidden Blade","ReplayTheSpireMod:Exploit Weakness"],"picked":"Deadly Poison","floor":19},{"not_picked":["Dagger Throw","Leg Sweep"],"picked":"PiercingWail+1","floor":24},{"not_picked":["Finisher","Sucker Punch"],"picked":"Bane","floor":25},{"not_picked":["Flying Knee","Dagger Throw"],"picked":"Bane+1","floor":30},{"not_picked":["Slice+1","Terror"],"picked":"ReplayTheSpireMod:Necrosis","floor":31}],"player_experience":310681,"relics_obtained":[{"floor":6,"key":"PreservedInsect"},{"floor":9,"key":"Boot"},{"floor":26,"key":"Centennial Puzzle"}],"event_choices":[{"damage_healed":0,"gold_gain":0,"player_choice":"Ignored","damage_taken":0,"max_hp_gain":0,"max_hp_loss":0,"event_name":"The Mausoleum","floor":20,"gold_loss":0},{"damage_healed":0,"gold_gain":0,"player_choice":"Ignored","damage_taken":0,"max_hp_gain":0,"max_hp_loss":0,"event_name":"Cursed Tome","floor":21,"gold_loss":0},{"damage_healed":0,"gold_gain":0,"player_choice":"Upgrade","damage_taken":0,"max_hp_gain":0,"max_hp_loss":0,"event_name":"Designer","floor":22,"gold_loss":40,"cards_upgraded":["Neutralize"]}],"is_beta":false,"boss_relics":[{"not_picked":["Replay:Wanted Poster","Snecko Eye"],"picked":"SacredBark"}],"items_purged_floors":[28],"is_endless":false,"potions_floor_spawned":[4,5,14,24,25,31],"killed_by":"Champ","ascension_level":0}}