{"host":"8fnghcq8tvbg6z9e","time":1614257576,"event":{"mods":["BaseMod","Downfall","Minty Spire (QoL Compilation)","Quick Restart","StSLib"],"gold_per_floor":[118,118,132,207,78,78,106,117,193,204,237,237,237,257,257,371,371,388,414,379,396,110,110,209,209,209,228,244,244,253,273,273,386,386,400,130,130,142,142,142,160,160,160,186,186,200,211,230,230,230,230,230,80,108,108,108],"floor_reached":55,"language":"ZHS","playtime":1824,"items_purged":["Strike_R","Defend_R","Defend_R","Feed"],"score":759,"play_id":"ae35b79b-74c8-41ea-8ec9-5175d0c2c943","local_time":"20210225205256","is_ascension_mode":false,"campfire_choices":[{"data":"Spot Weakness","floor":6.0,"key":"SMITH"},{"floor":13.0,"key":"REST"},{"floor":15.0,"key":"RECALL"},{"data":"Demon Form","floor":23.0,"key":"SMITH"},{"data":"Sword Boomerang","floor":25.0,"key":"SMITH"},{"data":"Shrug It Off","floor":29.0,"key":"SMITH"},{"data":"Pummel","floor":32.0,"key":"SMITH"},{"data":"Uppercut","floor":40.0,"key":"SMITH"},{"data":"Inflame","floor":42,"key":"SMITH"},{"floor":45,"key":"REST"},{"floor":49,"key":"REST"},{"data":"Demon Form","floor":52,"key":"SMITH"}],"circlet_count":0,"master_deck":["Strike_R","Strike_R","Bash","Spot Weakness+1","Shrug It Off+1","Shrug It Off","Inflame+1","Demon Form+1","Sword Boomerang+1","Demon Form+1","Pummel+1","Limit Break+1","Uppercut+1","Inflame+1","Shrug It Off+1"],"relics":["Black Blood","Omamori","Art of War","Singing Bowl","CeramicFish","Toy Ornithopter","Anchor","Mercury Hourglass","Empty Cage","Orrery","Bag of Preparation","Pear"],"acts_visited":["TheBeyond","TheEnding"],"potions_floor_usage":[41,44,46],"damage_taken":[{"damage":6.0,"enemies":"Cultist","floor":1.0,"turns":3.0},{"damage":9.0,"enemies":"Small Slimes","floor":3.0,"turns":4.0},{"damage":42.0,"enemies":"Lagavulin","floor":7.0,"turns":12.0},{"damage":1.0,"enemies":"Jaw Worm","floor":8.0,"turns":4.0},{"damage":11.0,"enemies":"Looter","floor":10.0,"turns":4.0},{"damage":20.0,"enemies":"3 Sentries","floor":11.0,"turns":7.0},{"damage":16.0,"enemies":"Lots of Slimes","floor":14.0,"turns":5.0},{"damage":31.0,"enemies":"Slime Boss","floor":16.0,"turns":8.0},{"damage":12.0,"enemies":"Shell Parasite","floor":18.0,"turns":6.0},{"damage":27.0,"enemies":"2 Thieves","floor":20.0,"turns":5.0},{"damage":41.0,"enemies":"Snake Plant","floor":21.0,"turns":5.0},{"damage":14.0,"enemies":"Centurion and Healer","floor":27.0,"turns":5.0},{"damage":22.0,"enemies":"Snecko","floor":28.0,"turns":4.0},{"damage":18.0,"enemies":"Shelled Parasite and Fungi","floor":31.0,"turns":5.0},{"damage":44.0,"enemies":"Collector","floor":33.0,"turns":7.0},{"damage":42.0,"enemies":"3 Darklings","floor":35.0,"turns":4.0},{"damage":23.0,"enemies":"Orb Walker","floor":38.0,"turns":4.0},{"damage":15,"enemies":"3 Darklings","floor":41,"turns":4},{"damage":57,"enemies":"Reptomancer","floor":44,"turns":5},{"damage":23,"enemies":"Jaw Worm Horde","floor":46,"turns":5},{"damage":16,"enemies":"Spire Growth","floor":47,"turns":4},{"damage":31,"enemies":"Maw","floor":48,"turns":6},{"damage":101,"enemies":"Awakened One","floor":50,"turns":7},{"damage":100,"enemies":"Shield and Spear","floor":54,"turns":6},{"damage":80,"enemies":"The Heart","floor":55,"turns":3}],"seed_played":"-4516870621171979042","potions_obtained":[{"floor":1.0,"key":"DistilledChaos"},{"floor":8.0,"key":"FairyPotion"},{"floor":10.0,"key":"AttackPotion"},{"floor":14.0,"key":"CultistPotion"},{"floor":20.0,"key":"DistilledChaos"},{"floor":21.0,"key":"LiquidMemories"},{"floor":27.0,"key":"Energy Potion"},{"floor":31.0,"key":"SkillPotion"},{"floor":38.0,"key":"DuplicationPotion"},{"floor":41,"key":"AttackPotion"},{"floor":44,"key":"Strength Potion"}],"is_trial":false,"path_per_floor":["M","?","M","?","$","R","E","M","T","M","E","?","R","M","R","B",null,"M","T","M","M","$","R","?","R","T","M","M","R","?","M","R","B",null,"M","$","?","M","?","R","M","R","T","E","R","M","M","M","R","B",null,"R","$","E","B"],"character_chosen":"IRONCLAD","items_purchased":["Shrug It Off","Sword Boomerang","Anchor","Uppercut","Orrery"],"campfire_rested":3,"item_purchase_floors":[5,22,22,36,36],"current_hp_per_floor":[80,77,74,63,63,63,27,32,32,29,17,17,42,32,32,7,84,86,86,73,51,51,51,51,51,51,56,53,53,53,47,47,20,94,66,70,70,61,61,61,65,65,65,27,58,54,52,35,68,15,112,112,112,36,0,0],"gold":108,"neow_bonus":"THREE_CARDS","is_daily":false,"chose_seed":false,"campfire_upgraded":8,"win_rate":0.0,"timestamp":1614257576,"path_taken":["M","?","M","?","$","R","E","M","T","M","E","?","R","M","R","BOSS","M","?","?","M","$","R","?","R","T","M","M","R","?","M","R","BOSS","M","$","?","?","?","R","M","R","T","E","R","M","?","M","R","BOSS","R","$","E","BOSS"],"items_purchased_type":["Card","Card","Relic","Card","Relic"],"build_version":"2020-12-22","purchased_purges":4,"victory":false,"max_hp_per_floor":[80,80,80,80,80,80,80,80,80,82,84,84,84,84,84,84,84,86,86,88,90,90,90,90,90,90,92,94,94,94,94,94,94,94,96,100,100,102,102,102,104,104,104,106,106,108,110,112,112,112,112,112,112,124,124,124],"card_choices":[{"not_picked":["Anger","Headbutt"],"picked":"Spot Weakness","floor":0.0},{"not_picked":["Anger","Clash"],"picked":"Shrug It Off","floor":1.0},{"not_picked":["Headbutt","Reckless Charge","Bloodletting"],"picked":"SKIP","floor":3.0},{"not_picked":["Sentinel","Bloodletting","Havoc"],"picked":"SKIP","floor":7.0},{"not_picked":["Clothesline","Body Slam","Corruption"],"picked":"SKIP","floor":8.0},{"not_picked":["Perfected Strike","Cleave","Metallicize"],"picked":"Singing Bowl","floor":10.0},{"not_picked":["Wild Strike","Sword Boomerang","Iron Wave"],"picked":"Singing Bowl","floor":11.0},{"not_picked":["Clash","Shrug It Off"],"picked":"Inflame","floor":14.0},{"not_picked":["Barricade","Exhume"],"picked":"Demon Form","floor":16.0},{"not_picked":["Iron Wave","Pommel Strike","Shrug It Off"],"picked":"Singing Bowl","floor":18.0},{"not_picked":["Cleave","Clothesline","Pommel Strike"],"picked":"Singing Bowl","floor":20.0},{"not_picked":["Shrug It Off","Thunderclap","Clash+1"],"picked":"Singing Bowl","floor":21.0},{"not_picked":["Anger","Feel No Pain","Armaments"],"picked":"Singing Bowl","floor":27.0},{"not_picked":["Iron Wave+1","Shockwave","Clothesline"],"picked":"Singing Bowl","floor":28.0},{"not_picked":["Evolve","Rupture"],"picked":"Pummel","floor":31.0},{"not_picked":["Bludgeon","Berserk"],"picked":"Limit Break","floor":33.0},{"not_picked":["Clothesline+1","Blood for Blood+1","Warcry+1"],"picked":"Singing Bowl","floor":35.0},{"not_picked":["Feel No Pain+1","Armaments"],"picked":"Inflame+1","floor":36.0},{"not_picked":["Rampage+1","Carnage"],"picked":"Shrug It Off+1","floor":36.0},{"not_picked":["Rage","Pommel Strike","Thunderclap+1"],"picked":"Singing Bowl","floor":36.0},{"not_picked":["Sentinel+1","Burning Pact","Wild Strike"],"picked":"Singing Bowl","floor":36.0},{"not_picked":["Rage","Searing Blow"],"picked":"Feed","floor":36.0},{"not_picked":["Iron Wave","Fire Breathing+1","Armaments+1"],"picked":"Singing Bowl","floor":38.0},{"not_picked":["Headbutt","Sever Soul+1","Twin Strike"],"picked":"Singing Bowl","floor":41},{"not_picked":["Hemokinesis+1","Bloodletting","Wild Strike+1"],"picked":"Singing Bowl","floor":44},{"not_picked":["Havoc+1","Rampage+1","Seeing Red"],"picked":"Singing Bowl","floor":46},{"not_picked":["Rupture","Armaments","Shrug It Off+1"],"picked":"Singing Bowl","floor":47},{"not_picked":["Flex","Entrench+1","Hemokinesis+1"],"picked":"Singing Bowl","floor":48},{"not_picked":["Clothesline","Searing Blow","Iron Wave"],"picked":"Singing Bowl","floor":54}],"player_experience":189571,"relics_obtained":[{"floor":7.0,"key":"Art of War"},{"floor":9.0,"key":"Singing Bowl"},{"floor":11.0,"key":"CeramicFish"},{"floor":19.0,"key":"Toy Ornithopter"},{"floor":26.0,"key":"Mercury Hourglass"},{"floor":44,"key":"Bag of Preparation"},{"floor":54,"key":"Pear"}],"event_choices":[{"damage_healed":0.0,"max_hp_gain":0.0,"max_hp_loss":0.0,"gold_gain":0.0,"event_name":"Scrap Ooze","player_choice":"Success","floor":2.0,"gold_loss":0.0,"damage_taken":3.0,"relics_obtained":["Omamori"]},{"damage_healed":0.0,"max_hp_gain":0.0,"max_hp_loss":0.0,"gold_gain":75.0,"event_name":"World of Goop","player_choice":"Gather Gold","floor":4.0,"gold_loss":0.0,"damage_taken":11.0},{"cards_removed":["Defend_R"],"damage_healed":0.0,"max_hp_gain":0.0,"max_hp_loss":0.0,"gold_gain":0.0,"event_name":"Purifier","player_choice":"Purged","floor":12.0,"gold_loss":0.0,"damage_taken":0.0},{"damage_healed":0.0,"max_hp_gain":0.0,"max_hp_loss":0.0,"gold_gain":99.0,"event_name":"Nest","player_choice":"Stole From Cult","floor":24.0,"gold_loss":0.0,"damage_taken":0.0},{"damage_healed":0.0,"max_hp_gain":0.0,"max_hp_loss":0.0,"gold_gain":0.0,"event_name":"Match and Keep!","player_choice":"1 cards matched","floor":30.0,"gold_loss":0.0,"damage_taken":0.0,"cards_obtained":["Demon Form"]},{"cards_removed":["Strike_R"],"damage_healed":0.0,"max_hp_gain":0.0,"max_hp_loss":0.0,"gold_gain":0.0,"event_name":"Purifier","player_choice":"Purged","floor":37.0,"gold_loss":0.0,"damage_taken":0.0},{"damage_healed":0.0,"max_hp_gain":0.0,"max_hp_loss":0.0,"gold_gain":0.0,"event_name":"Accursed Blacksmith","player_choice":"Forge","floor":39.0,"gold_loss":0.0,"damage_taken":0.0,"cards_upgraded":["Limit Break"]}],"is_beta":false,"boss_relics":[{"not_picked":["Runic Pyramid","Ectoplasm"],"picked":"Black Blood"},{"not_picked":["Velvet Choker","Runic Cube"],"picked":"Empty Cage"}],"items_purged_floors":[5,22,36,53],"is_endless":false,"potions_floor_spawned":[1,8,10,14,20,21,27,31,38,41,44],"killed_by":"The Heart","ascension_level":0}}