{"host":"0fd22hpf43j6tvvm","time":1614281613,"event":{"mods":["AchievementEnabler","BaseMod","Colored Map","Minty Spire (QoL Compilation)","Relic Stats"],"gold_per_floor":[112,131,146,25,200,200,226,226,226,226,253,278,29,51,51,161,161,181,199,124,124,143,179,179,217,226,265,299,344,344,355,355,467,467,496,496,522,26,248,277,277,311,346,346,696,17,71,93,93,93],"floor_reached":51,"language":"ENG","playtime":2875,"items_purged":["Strike_G","Strike_G","Defend_G"],"score":1514,"play_id":"a3c6bd93-9924-491a-bb4a-8adbad619544","local_time":"20210225143333","is_ascension_mode":true,"campfire_choices":[{"data":"Doubt","floor":6.0,"key":"PURGE"},{"data":"Terror","floor":8.0,"key":"SMITH"},{"floor":10.0,"key":"REST"},{"data":"Sucker Punch","floor":15.0,"key":"SMITH"},{"data":"Neutralize","floor":24.0,"key":"SMITH"},{"floor":30,"key":"REST"},{"data":"Doubt","floor":32,"key":"PURGE"},{"data":"Cloak And Dagger","floor":41,"key":"SMITH"},{"data":"Shame","floor":44,"key":"PURGE"},{"data":"Shame","floor":49,"key":"PURGE"}],"circlet_count":0,"master_deck":["Defend_G","Defend_G","Defend_G","Survivor","Neutralize+1","PiercingWail","Quick Slash+1","Poisoned Stab+1","PiercingWail","Terror+1","Noxious Fumes+1","Sucker Punch+1","Envenom+1","Slice+1","Noxious Fumes+1","Acrobatics","Blur+1","After Image+1","Bane","Bite","Bite","Bite","Bite","Bite","Corpse Explosion","Dodge and Roll+1","Cloak And Dagger+1","Deflect+1","Footwork+1","Heel Hook+1"],"relics":["Ring of the Snake","Peace Pipe","Frozen Egg 2","Mercury Hourglass","Thread and Needle","Bag of Marbles","CeramicFish","Cursed Key","Enchiridion","Boot","Lantern","Ornamental Fan","Whetstone","Red Mask","Runic Pyramid","TwistedFunnel","Akabeko","Anchor","Toxic Egg 2","Eternal Feather","Vajra","Old Coin","Tingsha","HandDrill","Pen Nib"],"acts_visited":["Exordium","TheCity","TheBeyond"],"potions_floor_usage":[27,40,40,50],"damage_taken":[{"damage":0.0,"enemies":"2 Louse","floor":1.0,"turns":3.0},{"damage":0.0,"enemies":"Jaw Worm","floor":2.0,"turns":5.0},{"damage":6.0,"enemies":"Cultist","floor":3.0,"turns":5.0},{"damage":47.0,"enemies":"Lagavulin","floor":7.0,"turns":12.0},{"damage":5.0,"enemies":"Gremlin Nob","floor":11.0,"turns":4.0},{"damage":1.0,"enemies":"Blue Slaver","floor":14.0,"turns":3.0},{"damage":14.0,"enemies":"Slime Boss","floor":16.0,"turns":9.0},{"damage":0.0,"enemies":"Shell Parasite","floor":18.0,"turns":4.0},{"damage":3.0,"enemies":"Spheric Guardian","floor":19.0,"turns":5.0},{"damage":5.0,"enemies":"Shelled Parasite and Fungi","floor":22.0,"turns":5.0},{"damage":6.0,"enemies":"Gremlin Leader","floor":23.0,"turns":5.0},{"damage":16.0,"enemies":"Slavers","floor":25.0,"turns":5.0},{"damage":14,"enemies":"Book of Stabbing","floor":27,"turns":6},{"damage":0,"enemies":"Masked Bandits","floor":28,"turns":4},{"damage":0,"enemies":"Cultist and Chosen","floor":31,"turns":4},{"damage":14,"enemies":"Collector","floor":33,"turns":8},{"damage":0,"enemies":"3 Darklings","floor":35,"turns":3},{"damage":0,"enemies":"Orb Walker","floor":37,"turns":3},{"damage":6,"enemies":"Reptomancer","floor":40,"turns":6},{"damage":14,"enemies":"Nemesis","floor":42,"turns":7},{"damage":0,"enemies":"Mind Bloom Boss Battle","floor":45,"turns":6},{"damage":0,"enemies":"Jaw Worm Horde","floor":48,"turns":3},{"damage":0,"enemies":"Donu and Deca","floor":50,"turns":6}],"seed_played":"8254380584272507910","potions_obtained":[{"floor":3.0,"key":"Ancient Potion"},{"floor":22.0,"key":"Dexterity Potion"},{"floor":23.0,"key":"DuplicationPotion"},{"floor":25.0,"key":"Regen Potion"},{"floor":31,"key":"Explosive Potion"},{"floor":33,"key":"Explosive Potion"},{"floor":35,"key":"Block Potion"},{"floor":42,"key":"PowerPotion"}],"is_trial":false,"path_per_floor":["M","M","M","$","?","R","E","R","T","R","E","T","$","M","R","B",null,"M","M","?","?","M","E","R","E","T","E","?","?","R","M","R","B",null,"M","?","M","$","?","E","R","E","T","R","?","$","T","M","R","B",null],"character_chosen":"THE_SILENT","items_purchased":["PiercingWail","CeramicFish","TwistedFunnel","Akabeko","Anchor","Cloak And Dagger","Footwork+1","Tingsha","Energy Potion","HandDrill"],"campfire_rested":2,"item_purchase_floors":[4,13,38,38,38,38,46,46,46,46],"current_hp_per_floor":[63,63,57,57,57,57,10,10,10,28,23,23,23,22,22,8,49,49,46,46,30,25,19,19,3,3,4,4,4,17,25,25,33,41,44,44,44,44,44,44,44,42,42,44,44,44,44,44,44,44],"gold":93,"neow_bonus":"ONE_RARE_RELIC","is_daily":false,"chose_seed":false,"campfire_upgraded":4,"win_rate":0.0,"timestamp":1614281613,"path_taken":["M","M","M","$","?","R","E","R","T","R","E","?","$","?","R","BOSS","M","M","?","?","M","E","R","E","T","E","?","?","R","?","R","BOSS","M","?","M","$","?","E","R","E","T","R","?","$","?","M","R","BOSS"],"items_purchased_type":["Card","Relic","Relic","Relic","Relic","Card","Card","Relic","Potion","Relic"],"build_version":"2020-12-22","purchased_purges":3,"victory":true,"max_hp_per_floor":[63,63,63,63,63,63,63,63,63,63,63,63,63,63,63,63,63,63,63,63,63,63,63,63,63,63,63,63,44,44,44,44,44,44,44,44,44,44,44,44,44,44,44,44,44,44,44,44,44,44],"relic_stats":{"counters":[23,120],"CeramicFish":207,"Eternal Feather":2,"Tingsha":[3],"Pen Nib":[2],"Whetstone":["Poisoned Stab","Quick Slash"],"Cursed Key":3,"Boot":[25],"Mercury Hourglass":[382],"Peace Pipe":5,"Ornamental Fan":[96],"HandDrill":[10],"obtain_stats":[{"TwistedFunnel":38,"Lantern":25,"CeramicFish":13,"Enchiridion":21,"Vajra":43,"Whetstone":27,"Cursed Key":17,"Boot":23,"Old Coin":45,"Red Mask":28,"HandDrill":46,"Toxic Egg 2":40,"Ring of the Snake":0,"Runic Pyramid":34,"Thread and Needle":11,"Eternal Feather":42,"Tingsha":46,"Pen Nib":47,"Frozen Egg 2":7,"Akabeko":38,"Mercury Hourglass":9,"Peace Pipe":0,"Anchor":38,"Ornamental Fan":26,"Bag of Marbles":12},{"TwistedFunnel":18,"Lantern":12,"CeramicFish":5,"Enchiridion":9,"Vajra":20,"Whetstone":13,"Cursed Key":7,"Boot":11,"Old Coin":21,"Red Mask":14,"HandDrill":21,"Toxic Egg 2":19,"Ring of the Snake":0,"Runic Pyramid":16,"Thread and Needle":5,"Eternal Feather":20,"Tingsha":21,"Pen Nib":21,"Frozen Egg 2":4,"Akabeko":18,"Mercury Hourglass":4,"Peace Pipe":0,"Anchor":18,"Ornamental Fan":12,"Bag of Marbles":5},{"TwistedFunnel":92,"Lantern":65,"CeramicFish":29,"Enchiridion":50,"Vajra":105,"Whetstone":70,"Cursed Key":41,"Boot":60,"Old Coin":111,"Red Mask":74,"HandDrill":111,"Toxic Egg 2":98,"Ring of the Snake":0,"Runic Pyramid":86,"Thread and Needle":29,"Eternal Feather":105,"Tingsha":111,"Pen Nib":111,"Frozen Egg 2":25,"Akabeko":92,"Mercury Hourglass":25,"Peace Pipe":0,"Anchor":92,"Ornamental Fan":65,"Bag of Marbles":29}],"Ring of the Snake":[46]},"card_choices":[{"not_picked":["Slice","Backstab"],"picked":"PiercingWail","floor":1.0},{"not_picked":["Outmaneuver","Underhanded Strike"],"picked":"Quick Slash","floor":2.0},{"not_picked":["Eviscerate","Expertise"],"picked":"Poisoned Stab","floor":3.0},{"not_picked":["Endless Agony","Underhanded Strike"],"picked":"Terror","floor":7.0},{"not_picked":["Backstab","Caltrops+1"],"picked":"Noxious Fumes+1","floor":11.0},{"not_picked":["Choke","Poisoned Stab"],"picked":"Sucker Punch","floor":14.0},{"not_picked":["Die Die Die","Malaise"],"picked":"Envenom+1","floor":16.0},{"not_picked":["Calculated Gamble","Prepared"],"picked":"Slice+1","floor":18.0},{"not_picked":["Masterful Stab","Tactician","Eviscerate"],"picked":"SKIP","floor":19.0},{"not_picked":["Deadly Poison","Bouncing Flask"],"picked":"Noxious Fumes+1","floor":22.0},{"not_picked":["Expertise","Crippling Poison"],"picked":"Acrobatics","floor":23.0},{"not_picked":["Riddle With Holes","Masterful Stab"],"picked":"Blur+1","floor":25.0},{"not_picked":["Dodge and Roll+1","Acrobatics"],"picked":"After Image+1","floor":27},{"not_picked":["Caltrops+1","Crippling Poison+1"],"picked":"Bane","floor":28},{"not_picked":["Bane","Prepared","Outmaneuver"],"picked":"SKIP","floor":31},{"not_picked":["Venomology","Bullet Time"],"picked":"Corpse Explosion","floor":33},{"not_picked":["Outmaneuver+1","Calculated Gamble+1"],"picked":"Distraction+1","floor":35},{"not_picked":["Skewer+1","Leg Sweep"],"picked":"Dodge and Roll+1","floor":37},{"not_picked":["Deadly Poison+1","Flying Knee","Escape Plan+1"],"picked":"SKIP","floor":40},{"not_picked":["Quick Slash","Tools of the Trade+1"],"picked":"Deflect+1","floor":42},{"not_picked":["Sucker Punch","Deflect+1"],"picked":"Heel Hook+1","floor":48}],"player_experience":596554,"relics_obtained":[{"floor":7.0,"key":"Frozen Egg 2"},{"floor":9.0,"key":"Mercury Hourglass"},{"floor":11.0,"key":"Thread and Needle"},{"floor":12.0,"key":"Bag of Marbles"},{"floor":21.0,"key":"Enchiridion"},{"floor":23.0,"key":"Boot"},{"floor":25.0,"key":"Lantern"},{"floor":26.0,"key":"Ornamental Fan"},{"floor":27,"key":"Whetstone"},{"floor":28,"key":"Red Mask"},{"floor":40,"key":"Toxic Egg 2"},{"floor":42,"key":"Eternal Feather"},{"floor":43,"key":"Vajra"},{"floor":45,"key":"Old Coin"},{"floor":47,"key":"Pen Nib"}],"event_choices":[{"damage_healed":0.0,"max_hp_gain":0.0,"max_hp_loss":0.0,"gold_gain":175.0,"event_name":"Liars Game","player_choice":"AGREE","floor":5.0,"gold_loss":0.0,"damage_taken":0.0,"cards_obtained":["Doubt"]},{"cards_removed":["Defend_G"],"damage_healed":0.0,"max_hp_gain":0.0,"max_hp_loss":0.0,"gold_gain":0.0,"event_name":"Beggar","player_choice":"Gave Gold","floor":20.0,"gold_loss":75.0,"damage_taken":0.0},{"damage_healed":0.0,"max_hp_gain":0.0,"max_hp_loss":0.0,"gold_gain":0.0,"event_name":"Cursed Tome","player_choice":"Obtained Book","floor":21.0,"gold_loss":0.0,"damage_taken":16.0},{"damage_healed":0,"gold_gain":0,"player_choice":"Fought Bandits","damage_taken":0,"max_hp_gain":0,"max_hp_loss":0,"event_name":"Masked Bandits","floor":28,"gold_loss":0},{"damage_healed":0,"gold_gain":0,"player_choice":"Became a vampire","damage_taken":0,"max_hp_gain":0,"max_hp_loss":19,"event_name":"Vampires","floor":29,"gold_loss":0,"cards_obtained":["Bite","Bite","Bite","Bite","Bite"]},{"cards_removed":["Distraction"],"damage_healed":0,"gold_gain":0,"player_choice":"Removed Skill","damage_taken":0,"max_hp_gain":0,"max_hp_loss":0,"event_name":"Falling","floor":36,"gold_loss":0},{"damage_healed":0,"gold_gain":222,"player_choice":"Wore Mask","damage_taken":0,"max_hp_gain":0,"max_hp_loss":0,"event_name":"Tomb of Lord Red Mask","floor":39,"gold_loss":0},{"damage_healed":0,"gold_gain":0,"player_choice":"Fight","damage_taken":0,"max_hp_gain":0,"max_hp_loss":0,"event_name":"MindBloom","floor":45,"gold_loss":0}],"is_beta":false,"boss_relics":[{"not_picked":["Sozu","Ectoplasm"],"picked":"Cursed Key"},{"not_picked":["Ring of the Serpent","Astrolabe"],"picked":"Runic Pyramid"}],"items_purged_floors":[4,13,46],"is_endless":false,"potions_floor_spawned":[3,22,23,25,31,33,35,42,48],"ascension_level":8}}