{"host":"4cz9gr89nglr7k8k","time":1614291587,"event":{"mods":["BaseMod","Minty Spire (QoL Compilation)","Relic Stats","Slay-I"],"gold_per_floor":[115,40,55,55,55,55,90,108,108,139,85,109,129,129,129,129,129],"floor_reached":16,"language":"DEU","playtime":288,"items_purged":[],"score":370,"play_id":"a81f569a-c3bf-4360-959a-91a6b2ed7ba1","local_time":"20210225231947","is_ascension_mode":true,"campfire_choices":[{"floor":6,"key":"REST"},{"floor":15,"key":"REST"}],"circlet_count":0,"master_deck":["AscendersBane","Strike_R","Strike_R","Strike_R","Strike_R","Defend_R","Defend_R+1","Defend_R+1","Defend_R","Bash","Thunderclap","Inflame","Cleave","Body Slam","Pummel","Anger","Anger"],"relics":["Burning Blood","NeowsBlessing","Golden Idol","Blue Candle","MealTicket","Red Skull"],"acts_visited":["Exordium"],"potions_floor_usage":[10,16],"damage_taken":[{"damage":0,"enemies":"Cultist","floor":1,"turns":1},{"damage":0,"enemies":"Jaw Worm","floor":3,"turns":1},{"damage":0,"enemies":"Lagavulin","floor":7,"turns":1},{"damage":11,"enemies":"2 Louse","floor":8,"turns":3},{"damage":15,"enemies":"Gremlin Nob","floor":10,"turns":4},{"damage":8,"enemies":"Exordium Wildlife","floor":12,"turns":3},{"damage":24,"enemies":"3 Louse","floor":13,"turns":3}],"seed_played":"-4705332675015255647","potions_obtained":[{"floor":1,"key":"ColorlessPotion"},{"floor":3,"key":"Regen Potion"},{"floor":8,"key":"Block Potion"}],"is_trial":false,"path_per_floor":["M","?","M","?","?","R","E","M","T","E","?","M","M","?","R","B"],"character_chosen":"IRONCLAD","items_purchased":[],"campfire_rested":2,"item_purchase_floors":[],"current_hp_per_floor":[74,74,75,49,26,48,54,49,49,40,40,38,20,20,42,0,0],"gold":129,"neow_bonus":"THREE_ENEMY_KILL","is_daily":false,"chose_seed":false,"campfire_upgraded":0,"win_rate":0.0,"timestamp":1614291587,"path_taken":["M","?","M","?","?","R","E","M","T","E","?","?","M","?","R","BOSS"],"items_purchased_type":[],"build_version":"2020-12-22","purchased_purges":0,"victory":false,"max_hp_per_floor":[75,75,75,75,75,75,75,75,75,75,75,75,75,75,75,75,75],"relic_stats":{"counters":[8,27],"Golden Idol":26,"Blue Candle":[0],"MealTicket":0,"obtain_stats":[{"NeowsBlessing":0,"Golden Idol":4,"Blue Candle":7,"MealTicket":9,"Burning Blood":0,"Red Skull":10},{"NeowsBlessing":0,"Golden Idol":2,"Blue Candle":3,"MealTicket":4,"Burning Blood":0,"Red Skull":5},{"NeowsBlessing":0,"Golden Idol":2,"Blue Candle":3,"MealTicket":6,"Burning Blood":0,"Red Skull":10}],"Burning Blood":37},"card_choices":[{"not_picked":["Ghostly Armor","Sever Soul"],"picked":"Thunderclap","floor":1},{"not_picked":["Anger","Combust"],"picked":"Inflame","floor":3},{"not_picked":["Armaments","Pommel Strike"],"picked":"Cleave","floor":7},{"not_picked":["Searing Blow","Warcry"],"picked":"Body Slam","floor":8},{"not_picked":["Heavy Blade","Rampage"],"picked":"Pummel","floor":10},{"not_picked":["Havoc","Barricade"],"picked":"Anger","floor":12},{"not_picked":["Body Slam","Fire Breathing"],"picked":"Anger","floor":13}],"player_experience":1561669,"relics_obtained":[{"floor":7,"key":"Blue Candle"},{"floor":9,"key":"MealTicket"},{"floor":10,"key":"Red Skull"}],"event_choices":[{"cards_removed":["Strike_R"],"damage_healed":0,"gold_gain":0,"player_choice":"Card Removal","damage_taken":0,"max_hp_gain":0,"max_hp_loss":0,"event_name":"The Cleric","floor":2,"gold_loss":75},{"damage_healed":0,"gold_gain":0,"player_choice":"Take Damage","damage_taken":26,"relics_obtained":["Golden Idol"],"max_hp_gain":0,"max_hp_loss":0,"event_name":"Golden Idol","floor":4,"gold_loss":0},{"damage_healed":0,"gold_gain":0,"player_choice":"Entered Light","damage_taken":23,"max_hp_gain":0,"max_hp_loss":0,"event_name":"Shining Light","floor":5,"gold_loss":0,"cards_upgraded":["Defend_R","Defend_R"]},{"damage_healed":0,"gold_gain":0,"player_choice":"Left Gold","damage_taken":0,"max_hp_gain":0,"max_hp_loss":0,"event_name":"World of Goop","floor":11,"gold_loss":54},{"damage_healed":0,"gold_gain":0,"player_choice":"Ignored","damage_taken":0,"max_hp_gain":0,"max_hp_loss":0,"event_name":"Liars Game","floor":14,"gold_loss":0}],"is_beta":false,"boss_relics":[],"items_purged_floors":[],"is_endless":false,"potions_floor_spawned":[1,3,8],"killed_by":"The Guardian","ascension_level":20}}