{"host":"hqhp2gyqzjx7w974","time":1614233183,"event":{"mods":["BaseMod","Colored Map","Downfall","Hermit","Highlight Path","Marisa????????","Minty Spire (QoL Compilation)","Permanent Neow","Relic Stats","Replay The Spire","StSLib","The Bug Knight","The Servant 0.9.4"],"gold_per_floor":[99,111,111,130,145,177,204,4,24,35,20,37,94,118,135,231,231,231,248,264,40,53,53,53,53,66,66,100,100,112,212,212,212,212],"floor_reached":32,"language":"ENG","playtime":4188,"items_purged":["Languid"],"score":264,"play_id":"5546fe48-29c8-41fe-a4f3-0f716beb8aff","local_time":"20210224200623","is_ascension_mode":false,"campfire_choices":[{"floor":1,"key":"RECALL"},{"data":"bronze:NullPointer","floor":8,"key":"SMITH"},{"data":"bronze:MaxOutput","floor":18,"key":"SMITH"},{"floor":27,"key":"REST"},{"floor":29,"key":"REST"}],"circlet_count":0,"master_deck":["bronze:Strike","bronze:Strike+1","bronze:Strike","bronze:Defend","bronze:Defend","bronze:Defend","bronze:Defend","bronze:Replicate","bronze:Goto","bronze:ItsAFeature","bronze:BugBarrage","bronze:BuggyMess","ReplayTheSpireMod:Splinters","bronze:Shield","bronze:DelayedSlice+1","bronze:MaxOutput+1","bronze:Repulsor+1","bronze:CutThrough+1","bronze:DarkDash","bronze:ItsAFeature","bronze:BugBarrage","bronze:Fortify","downfall:Malfunctioning","Pride","bronze:Allocate","bronze:Mutator","bronze:DecaBeam"],"relics":["Cursed Key","Vajra","Bag of Marbles","downfall:HeartBlessingRed","downfall:HeartBlessingGreen","bronze:CableSpool","Whetstone","Astrolabe","Bottled Lightning","Shuriken","Toy Ornithopter"],"acts_visited":["TheCity"],"potions_floor_usage":[13,16,26,28,28,28,32],"damage_taken":[{"damage":2,"enemies":"Small Slimes","floor":2,"turns":3},{"damage":0,"enemies":"Cultist","floor":4,"turns":3},{"damage":0,"enemies":"Jaw Worm","floor":5,"turns":3},{"damage":31,"enemies":"Gremlin Nob","floor":6,"turns":5},{"damage":0,"enemies":"3 Louse","floor":9,"turns":2},{"damage":4,"enemies":"downfall:LooterAlt","floor":10,"turns":3},{"damage":2,"enemies":"downfall:FleeingMerchant","floor":11,"turns":4},{"damage":0,"enemies":"2 Fungi Beasts","floor":12,"turns":2},{"damage":0,"enemies":"Gremlin Nob","floor":13,"turns":3},{"damage":6,"enemies":"Blue Slaver","floor":15,"turns":2},{"damage":5,"enemies":"DF_ARCHETYPE_STREAMLINE","floor":16,"turns":7},{"damage":0,"enemies":"Spheric Guardian","floor":19,"turns":1},{"damage":15,"enemies":"downfall:LooterAlt2","floor":20,"turns":4},{"damage":0,"enemies":"downfall:FleeingMerchant","floor":21,"turns":4},{"damage":10,"enemies":"Centurion and Healer","floor":22,"turns":4},{"damage":29,"enemies":"Snake Plant","floor":26,"turns":6},{"damage":36,"enemies":"Book of Stabbing","floor":28,"turns":5},{"damage":16,"enemies":"Chosen and Byrds","floor":30,"turns":5},{"damage":2,"enemies":"Chosen and Byrds","floor":31,"turns":6},{"damage":11,"enemies":"Cultist and Chosen","floor":32,"turns":3}],"seed_played":"-3959015276150354342","potions_obtained":[{"floor":2,"key":"Strength Potion"},{"floor":3,"key":"Regen Potion"},{"floor":3,"key":"bronze:BuildAFunctionPotion"},{"floor":10,"key":"Block Potion"},{"floor":16,"key":"Guardian:BlockOnCardUsePotion"},{"floor":19,"key":"PowerPotion"},{"floor":26,"key":"Adrenaline Potion"},{"floor":31,"key":"bronze:FreeFunctionsPotion"}],"is_trial":false,"path_per_floor":["R","M","?","M","M","E","T","R","M","M","$","M","?","T","M","B",null,"R","M","M","$","M","?","T","?","M","R","E","R","M","?","M"],"character_chosen":"THE_AUTOMATON","items_purchased":["bronze:ItsAFeature","bronze:BugBarrage"],"campfire_rested":2,"item_purchase_floors":[21,21],"current_hp_per_floor":[70,68,68,68,68,37,37,37,37,33,31,31,40,40,34,29,70,70,70,55,55,45,45,45,45,16,37,1,22,6,4,0,0,0],"gold":212,"neow_bonus":"BOSS_RELIC","is_daily":false,"chose_seed":false,"campfire_upgraded":2,"win_rate":0.0,"timestamp":1614233183,"path_taken":["R","M","?","M","?","E","T","R","M","M","$","M","?","?","M","BOSS","R","M","M","$","M","?","T","?","M","R","E","R","M","?","M"],"items_purchased_type":["Card","Card"],"build_version":"2020-12-22","purchased_purges":1,"victory":false,"max_hp_per_floor":[70,70,70,70,70,70,70,70,70,70,70,70,70,70,70,70,70,70,70,70,70,70,70,70,70,70,70,70,70,70,70,70,70,70],"relic_stats":{"counters":[20,75],"Shuriken":[5],"Astrolabe":["Languid","bronze:Repulsor","bronze:CutThrough"],"Whetstone":["bronze:Strike","bronze:DelayedSlice"],"Cursed Key":3,"obtain_stats":[{"bronze:BronzeCore":0,"downfall:HeartBlessingRed":8,"Shuriken":25,"Astrolabe":17,"Vajra":6,"downfall:HeartBlessingGreen":8,"Bag of Marbles":7,"Whetstone":14,"Bottled Lightning":24,"Cursed Key":0,"Toy Ornithopter":28,"bronze:CableSpool":13},{"bronze:BronzeCore":0,"downfall:HeartBlessingRed":4,"Shuriken":15,"Astrolabe":11,"Vajra":4,"downfall:HeartBlessingGreen":4,"Bag of Marbles":4,"Whetstone":9,"Bottled Lightning":15,"Cursed Key":0,"Toy Ornithopter":17,"bronze:CableSpool":9},{"bronze:BronzeCore":0,"downfall:HeartBlessingRed":14,"Shuriken":50,"Astrolabe":37,"Vajra":14,"downfall:HeartBlessingGreen":14,"Bag of Marbles":14,"Whetstone":28,"Bottled Lightning":50,"Cursed Key":0,"Toy Ornithopter":61,"bronze:CableSpool":28}],"Toy Ornithopter":5},"card_choices":[{"not_picked":["bronze:BugBarrage","bronze:Overheat"],"picked":"bronze:NullPointer","floor":2},{"not_picked":["bronze:Backtrace","bronze:BuggyMess"],"picked":"bronze:ItsAFeature","floor":4},{"not_picked":["bronze:Deprecate","bronze:Backtrace"],"picked":"bronze:BugBarrage","floor":5},{"not_picked":["bronze:Iterate","bronze:Turbo"],"picked":"bronze:BuggyMess","floor":6},{"not_picked":["bronze:BuggyMess","bronze:Deprecate","bronze:FollowUp"],"picked":"SKIP","floor":9},{"not_picked":["bronze:DelayedGuard","bronze:ThunderWave"],"picked":"bronze:Shield","floor":10},{"not_picked":["bronze:CloningBeam","bronze:DarkDash"],"picked":"bronze:CleanCode","floor":11},{"not_picked":["bronze:Allocate","bronze:BugBarrage"],"picked":"bronze:DelayedSlice","floor":12},{"not_picked":["bronze:BitShift","bronze:Deprecate"],"picked":"bronze:MaxOutput","floor":13},{"not_picked":["bronze:Deprecate","bronze:Return","bronze:Boost"],"picked":"SKIP","floor":15},{"not_picked":["bronze:CloningBeam","bronze:Frontload","bronze:BuggyMess"],"picked":"SKIP","floor":19},{"not_picked":["bronze:Constructor","bronze:Turbo","bronze:Shield"],"picked":"SKIP","floor":20},{"not_picked":["bronze:Return","bronze:ThunderWave"],"picked":"bronze:DarkDash","floor":21},{"not_picked":["bronze:Shell+1","bronze:Safeguard+1","bronze:Overheat"],"picked":"SKIP","floor":22},{"not_picked":["bronze:BitShift","bronze:DelayedGuard"],"picked":"bronze:Allocate","floor":26},{"not_picked":["bronze:Optimize","bronze:BronzeArmor"],"picked":"bronze:Mutator","floor":28},{"not_picked":["bronze:Overheat+1","bronze:OilSpill+1","bronze:WildBeam"],"picked":"SKIP","floor":30},{"not_picked":[],"picked":"bronze:DecaBeam","floor":31}],"player_experience":53053,"relics_obtained":[{"floor":6,"key":"Vajra"},{"floor":7,"key":"Bag of Marbles"},{"floor":13,"key":"bronze:CableSpool"},{"floor":14,"key":"Whetstone"},{"floor":24,"key":"Bottled Lightning"},{"floor":28,"key":"Toy Ornithopter"}],"event_choices":[{"damage_healed":0,"gold_gain":0,"player_choice":"Got Potions","damage_taken":0,"max_hp_gain":0,"max_hp_loss":0,"event_name":"Lab","floor":3,"gold_loss":0},{"damage_healed":0,"gold_gain":0,"player_choice":"Stole Relic","damage_taken":0,"relics_obtained":["Shuriken"],"max_hp_gain":0,"max_hp_loss":0,"event_name":"Addict","floor":25,"gold_loss":0,"cards_obtained":["Pride"]}],"is_beta":false,"boss_relics":[{"not_picked":["Busted Crown","SacredBark"],"picked":"Astrolabe"}],"items_purged_floors":[21],"is_endless":false,"potions_floor_spawned":[2,4,10,16,19,26,31],"killed_by":"Cultist and Chosen","ascension_level":0}}