{"host":"dkr0dog13pegamnp","time":1614260399,"event":{"mods":["AchievementEnabler","BaseMod","Minty Spire (QoL Compilation)","Rare Cards Sparkle","StSLib","SuperFastMode","everything is the same but u backflip on backflip"],"gold_per_floor":[210,224,499,293,311,311,344,344,425,440,460,70,70,85,85,162,162,177,196,196,196,4,4,30,41,122,122,122,122,139,159,159,159,159],"floor_reached":33,"language":"KOR","playtime":1022,"items_purged":["Regret","Strike_G","Writhe"],"score":454,"play_id":"40e39ace-759e-4206-80d2-9f7ab00069b1","local_time":"20210225223959","is_ascension_mode":true,"campfire_choices":[{"data":"Flechettes","floor":6,"key":"SMITH"},{"floor":8,"key":"REST"},{"data":"Caltrops","floor":13,"key":"SMITH"},{"data":"Caltrops","floor":15,"key":"SMITH"},{"data":"Adrenaline","floor":23,"key":"SMITH"},{"data":"Adrenaline","floor":27,"key":"SMITH"},{"data":"Footwork","floor":28,"key":"SMITH"},{"floor":32,"key":"REST"}],"circlet_count":0,"master_deck":["AscendersBane","Strike_G","Strike_G","Defend_G","Defend_G","Defend_G","Defend_G","Defend_G","Survivor","Neutralize","Backflip","Flechettes+1","Backflip","Caltrops+1","Caltrops+1","Adrenaline+1","Caltrops","Adrenaline+1","Footwork+1","Blur+1","Blur"],"relics":["Ring of the Snake","Oddly Smooth Stone","Kunai","Pocketwatch","Empty Cage","Omamori","WingedGreaves","Letter Opener"],"acts_visited":["Exordium","TheCity"],"potions_floor_usage":[7,7,24,30],"damage_taken":[{"damage":1,"enemies":"Small Slimes","floor":1,"turns":4},{"damage":0,"enemies":"Cultist","floor":2,"turns":4},{"damage":0,"enemies":"2 Louse","floor":5,"turns":2},{"damage":62,"enemies":"Lagavulin","floor":7,"turns":15},{"damage":2,"enemies":"Red Slaver","floor":10,"turns":5},{"damage":8,"enemies":"Exordium Wildlife","floor":11,"turns":5},{"damage":0,"enemies":"Blue Slaver","floor":14,"turns":4},{"damage":5,"enemies":"The Guardian","floor":16,"turns":12},{"damage":8,"enemies":"Spheric Guardian","floor":18,"turns":4},{"damage":8,"enemies":"2 Thieves","floor":19,"turns":5},{"damage":19,"enemies":"Slavers","floor":24,"turns":5},{"damage":5,"enemies":"Centurion and Healer","floor":25,"turns":7},{"damage":0,"enemies":"Shelled Parasite and Fungi","floor":30,"turns":4},{"damage":0,"enemies":"Snake Plant","floor":31,"turns":4},{"damage":58,"enemies":"Champ","floor":33,"turns":19}],"seed_played":"3440347422668040995","potions_obtained":[{"floor":1,"key":"Regen Potion"},{"floor":5,"key":"Block Potion"},{"floor":18,"key":"SkillPotion"},{"floor":24,"key":"Dexterity Potion"}],"is_trial":false,"path_per_floor":["M","M","?","$","M","R","E","R","T","M","M","$","R","M","R","B",null,"M","M","?","?","$","R","E","M","T","R","R","$","M","M","R","B"],"character_chosen":"THE_SILENT","items_purchased":["Flechettes","Backflip","Pocketwatch","Footwork"],"campfire_rested":2,"item_purchase_floors":[4,4,12,22],"current_hp_per_floor":[58,58,58,58,58,58,9,28,28,26,18,18,18,18,18,13,53,45,37,37,37,37,37,18,13,13,13,13,13,13,13,32,0,0],"gold":159,"neow_bonus":"HUNDRED_GOLD","is_daily":false,"chose_seed":false,"campfire_upgraded":6,"win_rate":0.0,"timestamp":1614260399,"path_taken":["M","M","?","$","M","R","E","R","T","M","M","$","R","M","R","BOSS","M","M","?","?","$","R","E","M","T","R","R","$","M","M","R","BOSS"],"items_purchased_type":["Card","Card","Relic","Card"],"build_version":"2020-12-22","purchased_purges":3,"victory":false,"max_hp_per_floor":[66,66,66,66,66,66,66,66,66,66,66,66,66,66,66,66,66,66,66,66,66,66,66,66,66,66,66,66,66,66,66,66,66,66],"card_choices":[{"not_picked":["Well Laid Plans","Flying Knee","Dagger Throw"],"picked":"SKIP","floor":1},{"not_picked":["Dagger Throw","Slice"],"picked":"Backflip","floor":2},{"not_picked":["Predator","Prepared","Bouncing Flask"],"picked":"SKIP","floor":5},{"not_picked":["Bane","Cloak And Dagger"],"picked":"Caltrops","floor":7},{"not_picked":["Quick Slash","Setup","Underhanded Strike"],"picked":"SKIP","floor":10},{"not_picked":["Catalyst","Dagger Throw","Flying Knee"],"picked":"SKIP","floor":11},{"not_picked":["Burst","Dodge and Roll"],"picked":"Caltrops","floor":14},{"not_picked":["Corpse Explosion","Die Die Die"],"picked":"Adrenaline","floor":16},{"not_picked":["Endless Agony","Leg Sweep","Setup"],"picked":"SKIP","floor":18},{"not_picked":["Setup","Acrobatics"],"picked":"Caltrops","floor":19},{"not_picked":["Accuracy","Poisoned Stab","Prepared"],"picked":"SKIP","floor":24},{"not_picked":["Predator","Deflect","Deadly Poison"],"picked":"SKIP","floor":25},{"not_picked":["Sucker Punch","Backflip"],"picked":"Blur+1","floor":30},{"not_picked":["Corpse Explosion","Bane"],"picked":"Blur","floor":31}],"player_experience":111740,"relics_obtained":[{"floor":7,"key":"Oddly Smooth Stone"},{"floor":9,"key":"Kunai"},{"floor":24,"key":"WingedGreaves"},{"floor":26,"key":"Letter Opener"}],"event_choices":[{"damage_healed":0,"gold_gain":275,"player_choice":"Desecrate","damage_taken":0,"max_hp_gain":0,"max_hp_loss":0,"event_name":"Golden Shrine","floor":3,"gold_loss":0,"cards_obtained":["Regret"]},{"damage_healed":0,"gold_gain":0,"player_choice":"Opened","damage_taken":0,"relics_obtained":["Omamori"],"max_hp_gain":0,"max_hp_loss":0,"event_name":"The Mausoleum","floor":20,"gold_loss":0,"cards_obtained":["Writhe"]},{"damage_healed":0,"gold_gain":0,"player_choice":"Copied","damage_taken":0,"max_hp_gain":0,"max_hp_loss":0,"event_name":"Duplicator","floor":21,"gold_loss":0,"cards_obtained":["Adrenaline"]}],"is_beta":false,"boss_relics":[{"not_picked":["Philosopher\u0027s Stone","Cursed Key"],"picked":"Empty Cage"}],"items_purged_floors":[4,12,22],"is_endless":false,"potions_floor_spawned":[1,5,18,24],"killed_by":"Champ","ascension_level":14}}