{"host":"v54ek091sdz7ha6h","time":1614266659,"event":{"mods":["BaseMod","Colored Map","Colored Powertips","Custom Start","DeckTracker","Highlight Path","KOR Keyword Fix","Minty Spire (QoL Compilation)","Random Character Button","Rare Cards Sparkle","Relic Stats","StSLib","SuperFastMode","everything is the same but u backflip on backflip"],"gold_per_floor":[114,39,55,55,55,55,4,39,39,39,72,72,85,98,98,196,196,206,222,147,147,147],"floor_reached":21,"language":"KOR","playtime":860,"items_purged":["Defend_B"],"score":212,"play_id":"3c6064b2-2867-4ea0-a2ba-ae3dc60471d1","local_time":"20210226002419","is_ascension_mode":false,"campfire_choices":[{"data":"Zap","floor":6,"key":"SMITH"},{"data":"Heatsinks","floor":10,"key":"SMITH"},{"data":"Go for the Eyes","floor":15,"key":"SMITH"}],"circlet_count":0,"master_deck":["Strike_B","Strike_B","Defend_B+1","Defend_B","Defend_B","Zap+1","Dualcast","Chaos+1","Self Repair","Heatsinks+1","Leap","Storm","Go for the Eyes+1","Amplify","Buffer","CurseOfTheBell","Steam Power"],"relics":["Cracked Core","NeowsBlessing","War Paint","Turnip","Singing Bowl","Bottled Lightning","FaceOfCleric","Calling Bell","Tiny Chest","White Beast Statue","Ginger"],"acts_visited":["Exordium","TheCity"],"potions_floor_usage":[18,21],"damage_taken":[{"damage":0,"enemies":"2 Louse","floor":1,"turns":1},{"damage":0,"enemies":"Cultist","floor":3,"turns":1},{"damage":0,"enemies":"3 Sentries","floor":8,"turns":1},{"damage":6,"enemies":"Lagavulin","floor":11,"turns":10},{"damage":0,"enemies":"Small Slimes","floor":13,"turns":2},{"damage":1,"enemies":"2 Fungi Beasts","floor":14,"turns":3},{"damage":29,"enemies":"Hexaghost","floor":16,"turns":9},{"damage":5,"enemies":"Shell Parasite","floor":18,"turns":7},{"damage":1,"enemies":"Spheric Guardian","floor":19,"turns":3},{"damage":104,"enemies":"Cultist and Chosen","floor":21,"turns":8}],"seed_played":"3483328844711816696","potions_obtained":[{"floor":11,"key":"FearPotion"},{"floor":13,"key":"SpeedPotion"},{"floor":16,"key":"SpeedPotion"},{"floor":18,"key":"Strength Potion"}],"is_trial":false,"path_per_floor":["M","$","M","?","?","R","$","E","T","R","E","?","M","M","R","B",null,"M","M","?","M"],"character_chosen":"DEFECT","items_purchased":["Leap"],"campfire_rested":0,"item_purchase_floors":[7],"current_hp_per_floor":[75,75,75,75,57,57,57,57,57,57,60,60,68,75,75,61,80,81,84,84,0,0],"gold":147,"neow_bonus":"THREE_ENEMY_KILL","is_daily":false,"chose_seed":false,"campfire_upgraded":3,"win_rate":0.0,"timestamp":1614266659,"path_taken":["M","$","M","?","?","R","$","E","T","R","E","?","?","M","R","BOSS","M","M","?","M"],"items_purchased_type":["Card"],"build_version":"2020-12-22","purchased_purges":1,"victory":false,"max_hp_per_floor":[75,75,75,75,75,75,75,75,75,75,77,77,78,79,79,80,80,81,84,84,84,84],"relic_stats":{"Singing Bowl":4,"FaceOfCleric":5,"counters":[10,45],"Tiny Chest":0,"Turnip":[5],"Ginger":[6],"War Paint":["Defend_B","Chaos"],"obtain_stats":[{"Calling Bell":17,"NeowsBlessing":0,"Singing Bowl":9,"FaceOfCleric":12,"Tiny Chest":17,"Turnip":8,"Bottled Lightning":11,"Ginger":17,"War Paint":5,"Cracked Core":0,"White Beast Statue":17},{"Calling Bell":7,"NeowsBlessing":0,"Singing Bowl":3,"FaceOfCleric":4,"Tiny Chest":7,"Turnip":3,"Bottled Lightning":4,"Ginger":7,"War Paint":2,"Cracked Core":0,"White Beast Statue":7},{"Calling Bell":27,"NeowsBlessing":0,"Singing Bowl":3,"FaceOfCleric":13,"Tiny Chest":27,"Turnip":3,"Bottled Lightning":13,"Ginger":27,"War Paint":2,"Cracked Core":0,"White Beast Statue":27}]},"card_choices":[{"not_picked":["Coolheaded","Cold Snap"],"picked":"Chaos","floor":1},{"not_picked":["Go for the Eyes","Compile Driver"],"picked":"Self Repair","floor":3},{"not_picked":["Chill","Heatsinks"],"picked":"Storm","floor":8},{"not_picked":["Barrage","Stack","Go for the Eyes"],"picked":"Singing Bowl","floor":11},{"not_picked":["Melter","Cold Snap"],"picked":"Go for the Eyes","floor":13},{"not_picked":["Go for the Eyes","Barrage"],"picked":"Amplify","floor":14},{"not_picked":["Seek","Fission"],"picked":"Buffer","floor":16},{"not_picked":["Lockon","Rebound"],"picked":"Steam Power","floor":18},{"not_picked":["Reinforced Body","Beam Cell","Hologram"],"picked":"Singing Bowl","floor":19}],"player_experience":1511962,"relics_obtained":[{"floor":8,"key":"Turnip"},{"floor":9,"key":"Singing Bowl"},{"floor":11,"key":"Bottled Lightning"},{"floor":17,"key":"Tiny Chest"},{"floor":17,"key":"White Beast Statue"},{"floor":17,"key":"Ginger"}],"event_choices":[{"damage_healed":0,"gold_gain":0,"cards_transformed":["Strike_B"],"player_choice":"Change","damage_taken":0,"max_hp_gain":0,"max_hp_loss":0,"event_name":"Living Wall","floor":4,"gold_loss":0,"cards_obtained":["Heatsinks"]},{"damage_healed":0,"gold_gain":0,"player_choice":"Success","damage_taken":18,"relics_obtained":["War Paint"],"max_hp_gain":0,"max_hp_loss":0,"event_name":"Scrap Ooze","floor":5,"gold_loss":0},{"damage_healed":0,"gold_gain":0,"player_choice":"Trade","damage_taken":0,"relics_obtained":["FaceOfCleric"],"max_hp_gain":0,"max_hp_loss":0,"event_name":"FaceTrader","floor":12,"gold_loss":0},{"cards_removed":["Strike_B"],"damage_healed":0,"gold_gain":0,"player_choice":"Gave Gold","damage_taken":0,"max_hp_gain":0,"max_hp_loss":0,"event_name":"Beggar","floor":20,"gold_loss":75}],"is_beta":false,"boss_relics":[{"not_picked":["Black Star","FrozenCore"],"picked":"Calling Bell"}],"items_purged_floors":[2],"is_endless":false,"potions_floor_spawned":[11,13,16,18,19],"killed_by":"Cultist and Chosen","ascension_level":0}}