{"host":"40vzoph344nwp0en","time":1614271492,"event":{"mods":["2.2 Compatiblity","Act Like it!","BaseMod","Bestiary","Challenge The Spire","Colored Map","DeckTracker","Downfall","Friendly Minions","GifTheSpireLib","Hermit","Highlight Path","Infinite Spire","Marisa????????","Minty Spire (QoL Compilation)","Permanent Neow","Relic Sorter","Replay The Spire","Ruina","Shapeshifter Mod","Spicy Shops","StSLib","SuperFastMode","The Bug Knight","The Cursed","The Disciple","The Elementalist","The Marked","The Servant 0.9.4","??????REMEMod"],"gold_per_floor":[100116,98827,98714,98734,98734,98734,98769,98780,98780,98795,98795,98807,98823,98842,98842,98940,98940,98954,98964,98964,98980,97712,97747,97759,97759,97838,97850,97870,97889,96665,96699,96699,96803,96803,96822,96822,96822],"floor_reached":35,"language":"ENG","playtime":2825,"items_purged":["bronze:Strike","bronze:Defend","Normality","bronze:Strike","bronze:Defend"],"score":530,"play_id":"90cd5408-7aae-44f5-bf6c-b9d790733ae6","local_time":"20210225094452","is_ascension_mode":false,"campfire_choices":[{"data":"bronze:Goto","floor":6,"key":"SMITH"},{"data":"bronze:Branch","floor":11,"key":"SMITH"},{"data":"bronze:WhirlingStrike","floor":15,"key":"SMITH"},{"data":"bronze:GetLatest","floor":25,"key":"SMITH"},{"data":"bronze:SpaghettiCode","floor":32,"key":"SMITH"}],"circlet_count":0,"master_deck":["bronze:Strike","bronze:Strike","bronze:Defend","bronze:Defend","bronze:Replicate","bronze:Goto+1","Solidify","bronze:Branch+1","bronze:InfiniteBeams","Finesse","Panache","bronze:Branch","bronze:WhirlingStrike+1","bronze:DelayedSlice","bronze:GetLatest+1","bronze:Branch","bronze:InfiniteLoop","bronze:Fortify","bronze:InfiniteLoop","bronze:Frontload","bronze:DelayedGuard","bronze:ChosenStrike","bronze:Return+1","Replay:Dark Deal","Flash of Steel","Forethought","bronze:SpaghettiCode+1","bronze:SpaghettiCode","bronze:ThunderWave","bronze:Terminator+1"],"relics":["bronze:BronzeCore","REME_ComplimentaryCards","Gremlin Food","Mirror","MealTicket","Toolbox","infinitespire:Bottled Soul","bronze:ProtectiveGoggles","infinitespire:WardingShard","ReplayTheSpireMod:DimensionalGlitch","Calipers","Torii","Mango","Centennial Puzzle","OrangePellets","Pantograph","InkBottle","Orichalcum","ReplayTheSpireMod:ShopPack","Medical Kit","Replay:Rubber Ducky","Pet Ghost","Slimebound:StickyStick","Replay:Bronze Core"],"acts_visited":["Exordium","Exordium","TheBeyond"],"potions_floor_usage":[16,16,16,16,16,23,23,33,33],"damage_taken":[{"damage":2,"enemies":"Jaw Worm","floor":1,"turns":5},{"damage":4,"enemies":"Cultist","floor":4,"turns":3},{"damage":4,"enemies":"Lagavulin","floor":7,"turns":4},{"damage":0,"enemies":"2 Louse","floor":8,"turns":2},{"damage":0,"enemies":"Red Slaver","floor":10,"turns":2},{"damage":0,"enemies":"Lots of Slimes","floor":12,"turns":1},{"damage":4,"enemies":"Blue Slaver","floor":13,"turns":2},{"damage":0,"enemies":"2 Fungi Beasts","floor":14,"turns":2},{"damage":21,"enemies":"Hexaghost","floor":16,"turns":6},{"damage":0,"enemies":"ruina:2_Scarecrows","floor":18,"turns":4},{"damage":1,"enemies":"ruina:3_Bats","floor":19,"turns":3},{"damage":3,"enemies":"ruina:3_Scarecrows","floor":21,"turns":4},{"damage":11,"enemies":"ruina:RoadHome","floor":23,"turns":4},{"damage":12,"enemies":"ruina:KingOfGreed","floor":24,"turns":3},{"damage":1,"enemies":"ruina:Woodsman","floor":27,"turns":2},{"damage":0,"enemies":"ruina:QueenOfHate","floor":28,"turns":3},{"damage":0,"enemies":"ruina:Nos_and_Bat","floor":29,"turns":3},{"damage":1,"enemies":"Nightmare","floor":31,"turns":5},{"damage":0,"enemies":"ruina:JesterOfNihil","floor":33,"turns":8},{"damage":0,"enemies":"Orb Walker","floor":35,"turns":2}],"seed_played":"117240948477368483","potions_obtained":[{"floor":7,"key":"Venom Potion"},{"floor":10,"key":"FearPotion"},{"floor":12,"key":"LiquidBronze"},{"floor":18,"key":"bronze:FreeFunctionsPotion"},{"floor":24,"key":"ColorlessPotion"},{"floor":29,"key":"sneckomod:MuddlingPotion"},{"floor":33,"key":"Energy Potion"}],"is_trial":true,"path_per_floor":["M","$","?","M","?","R","E","M","T","M","R","M","M","M","R","B",null,"M","M","?","M","$","E","M","R","T","M","M","M","$","NM","R","B",null,"M"],"character_chosen":"THE_AUTOMATON","items_purchased":["Gremlin Food","Mirror","MealTicket","Toolbox","bronze:InfiniteBeams","Finesse","Panache","bronze:Branch","Calipers","Torii","Mango","Centennial Puzzle","OrangePellets","Orichalcum","ReplayTheSpireMod:ShopPack","Medical Kit","Replay:Rubber Ducky","Pet Ghost","bronze:SpaghettiCode"],"campfire_rested":0,"item_purchase_floors":[2,2,2,2,2,2,2,2,22,22,22,22,22,30,30,30,30,30,30],"current_hp_per_floor":[68,68,68,64,64,64,60,60,60,60,60,60,56,56,56,35,70,70,69,69,66,84,73,61,61,61,60,60,60,75,74,74,84,84,84,84,84],"gold":96822,"neow_bonus":"","is_daily":false,"chose_seed":false,"campfire_upgraded":5,"win_rate":0.0,"timestamp":1614271492,"path_taken":["M","$","?","?","?","R","E","M","T","M","R","M","M","M","R","BOSS","M","M","?","M","$","E","M","R","T","M","M","M","$","NM","R","BOSS","M"],"items_purchased_type":["Relic","Relic","Relic","Relic","Card","Card","Card","Card","Relic","Relic","Relic","Relic","Relic","Relic","Relic","Relic","Relic","Relic","Card"],"build_version":"2020-12-22","purchased_purges":5,"victory":false,"max_hp_per_floor":[70,70,70,70,70,70,70,70,70,70,70,70,70,70,70,70,70,70,70,70,70,84,84,84,84,84,84,84,84,84,84,84,84,84,84,84,84],"card_choices":[{"not_picked":["bronze:ItsAFeature","bronze:BugBarrage"],"picked":"bronze:Branch","floor":1},{"not_picked":["bronze:Return","bronze:FineTuning"],"picked":"bronze:WhirlingStrike","floor":4},{"not_picked":["bronze:BuggyMess","bronze:DigitalCarnage"],"picked":"bronze:DelayedSlice","floor":7},{"not_picked":["bronze:ClassDefault","bronze:BronzeArmor"],"picked":"bronze:GetLatest","floor":8},{"not_picked":["bronze:ClassDefault","bronze:Constructor","bronze:OilSpill"],"picked":"SKIP","floor":10},{"not_picked":["bronze:Iterate","bronze:Repulsor"],"picked":"bronze:Branch","floor":12},{"not_picked":["bronze:DelayedGuard","bronze:ChosenStrike"],"picked":"bronze:InfiniteLoop","floor":13},{"not_picked":["bronze:Turbo","bronze:Constructor"],"picked":"bronze:Fortify","floor":14},{"not_picked":["bronze:CleanCode","bronze:RecursiveStrike"],"picked":"bronze:InfiniteLoop","floor":16},{"not_picked":["bronze:Optimize+1","bronze:Turbo"],"picked":"bronze:Frontload","floor":18},{"not_picked":["bronze:ChosenStrike","bronze:WildBeam"],"picked":"bronze:DelayedGuard","floor":19},{"not_picked":["bronze:ClassDefault","bronze:Shield"],"picked":"bronze:ChosenStrike","floor":21},{"not_picked":["bronze:Terminator","bronze:RecursiveStrike"],"picked":"bronze:Return+1","floor":23},{"not_picked":["bronze:DelayedSlice+1","bronze:Repair+1","bronze:Deprecate+1"],"picked":"SKIP","floor":24},{"not_picked":["bronze:DelayedSlice","bronze:WhirlingStrike","bronze:Repulsor+1"],"picked":"SKIP","floor":27},{"not_picked":["bronze:BuggyMess","bronze:Overload","bronze:WildBeam"],"picked":"SKIP","floor":28},{"not_picked":["bronze:BitShift","bronze:Shield","bronze:Invalidate"],"picked":"SKIP","floor":29},{"not_picked":["Mayhem","REME_BuildACard"],"picked":"Replay:Dark Deal","floor":30},{"not_picked":["Chrysalis","Replay:BasicMightCard"],"picked":"Flash of Steel","floor":30},{"not_picked":["ReplayTheSpireMod:Trickstab","ReplayUltimateDefense"],"picked":"Forethought","floor":30},{"not_picked":["bronze:Refactor","bronze:Safeguard+1","bronze:BugBarrage"],"picked":"SKIP","floor":31},{"not_picked":["bronze:SpaghettiCode","bronze:Format"],"picked":"bronze:ThunderWave","floor":33},{"not_picked":["bronze:Shield+1","bronze:DelayedSlice+1"],"picked":"bronze:Terminator+1","floor":35}],"player_experience":656534,"relics_obtained":[{"floor":7,"key":"bronze:ProtectiveGoggles"},{"floor":9,"key":"infinitespire:WardingShard"},{"floor":23,"key":"Pantograph"},{"floor":26,"key":"InkBottle"},{"floor":31,"key":"Slimebound:StickyStick"}],"event_choices":[{"damage_healed":0,"gold_gain":0,"player_choice":"Paid Gold","damage_taken":0,"relics_obtained":["infinitespire:Bottled Soul"],"max_hp_gain":0,"max_hp_loss":0,"event_name":"WeMeetAgain","floor":3,"gold_loss":113},{"damage_healed":0,"gold_gain":0,"player_choice":"Leave","damage_taken":0,"max_hp_gain":0,"max_hp_loss":0,"event_name":"FaceTrader","floor":5,"gold_loss":0}],"is_beta":false,"boss_relics":[{"not_picked":["Ring of Chaos","ReplayTheSpireMod:SealedPack"],"picked":"ReplayTheSpireMod:DimensionalGlitch"},{"not_picked":["SacredBark","ChewingGum"],"picked":"Replay:Bronze Core"}],"items_purged_floors":[2,2,22,30,30],"is_endless":true,"potions_floor_spawned":[7,10,12,14,18,19,24,29,31,33],"killed_by":"Orb Walker","ascension_level":0}}