{"host":"w2kjv12xyhtt0cv2","time":1614270122,"event":{"mods":["10 clothes from DAL","100% Spire Juice","Act Like it!","BaseMod","Colored Map","Friendly Minions","Gensokyo","GifTheSpireLib","Highlight Path","Hubris","Library of Ruina","Minty Spire (QoL Compilation)","Quick Restart","Relic Stats","Reliquary","Replay The Spire","Ring Of Destiny","Robot Space Explorer","Shop Mod","Spicy Shops","StSLib","The Dragon Tamer","UnlockEverythingMod","Waifu the Spire","[IsaacMod]以撒尖塔","[功能]功能增强和修复MOD","【功能Mod】Neow奖励","【功能Mod】聪明的最终Boss","【遗物卡牌】REMEMod","没有小屋子和绿帽子啦"],"gold_per_floor":[119,129,49,49,68,105,105,140,190,230,230,230,230,262,262,372,372,394,394,444,469,491,553,620,660,683,721,410,460,491,507,507,613,613,628,678,114,130,228,260,275,309,359,394,533,564,585,623,623,623,623,623,56,126,156,156],"floor_reached":55,"language":"ZHS","playtime":3450,"items_purged":["RingOfDestiny:Strike_SF","RingOfDestiny:Strike_SF","RingOfDestiny:Defend_SF"],"score":1487,"play_id":"b6b21faf-818e-4ead-963b-faf13f6f0a9d","local_time":"20210226002202","is_ascension_mode":true,"campfire_choices":[{"data":"RingOfDestiny:PerfectExecution","floor":7.0,"key":"SMITH"},{"data":"Blasphemy","floor":11.0,"key":"SMITH"},{"data":"RingOfDestiny:KunaiSpray","floor":13.0,"key":"SMITH"},{"data":"BettingIsNotGood","floor":15.0,"key":"SMITH"},{"data":"RingOfDestiny:PropMudra","floor":32.0,"key":"SMITH"},{"floor":49.0,"key":"RECALL"},{"data":"RingOfDestiny:RattanBeetle","floor":52,"key":"SMITH"},{"data":"RingOfDestiny:ShadowCard","floor":52,"key":"SMITH"}],"circlet_count":0,"master_deck":["RingOfDestiny:Defend_SF","RingOfDestiny:Defend_SF","RingOfDestiny:ShadowCard+1","RingOfDestiny:PoisonedShiv+1","RingOfDestiny:FallenFlower","RingOfDestiny:RattanBeetle+1","BettingIsNotGood+1","Blasphemy+1","hubris:Greed","RingOfDestiny:KunaiSpray+1","RingOfDestiny:PerfectExecution+1","RingOfDestiny:PerfectExecution+1","RingOfDestiny:DeadlyArts+1","RingOfDestiny:ForbiddenArts+1","RingOfDestiny:HeptMudra","RingOfDestiny:PropMudra+1","RingOfDestiny:FlashOfSlash+1","RingOfDestiny:ButaMudra","RingOfDestiny:DeadlyArts+1","RingOfDestiny:StaminaBook","RingOfDestiny:WoodRelease","RingOfDestiny:NinjutsuMudra","RingOfDestiny:WoodRelease","Madness","Madness+1","REME_MawOfCthun+1","RingOfDestiny:WoodRelease+1","RingOfDestiny:HeptMudra+1","RingOfDestiny:FrozenDark+1","RingOfDestiny:WoodRelease+1","RingOfDestiny:ForbiddenArts","RingOfDestiny:PropMudra","RingOfDestiny:Premeditate+1"],"relics":["RingOfDestiny:ShadowKunai","REME_ComplimentaryCards","HushsDoor","BelialBook","hubris:64BitClover","ReplayTheSpireMod:Ring of Exchange","Ring of Panic","Ancient Tea Set","reliquary:GummyVitamins","TheBean","PageOfSpiderBud","Lee\u0027s Waffle","GuppysCollar","SsserpentHead","hubris:BottledHeart","Darkstone Periapt","Bag of Marbles","ReplayFunnel","PageOfNothingThere","Orrery","Shuriken","hubris:Towel","War Paint","PageOfSingingMachine","Black Star","ReplayTheSpireMod:TigerMarble","PageOfPinocchio","reliquary:WeakTea","Replay:Mystery Machine","Pen Nib","War Paint","White Beast Statue","REME_HandOfSuture","Replay:Arrowhead","Whetstone","Leech","hubris:CrystalStatue","BookOfRevelations","hubris:NiceRug","Kunai","Ginger"],"acts_visited":["Exordium","TheCity","TheBeyond","TheEnding"],"potions_floor_usage":[54,55],"damage_taken":[{"damage":8.0,"enemies":"Small Slimes","floor":1.0,"turns":3.0},{"damage":0.0,"enemies":"Cultist","floor":2.0,"turns":2.0},{"damage":8.0,"enemies":"2 Louse","floor":5.0,"turns":3.0},{"damage":18.0,"enemies":"Lagavulin","floor":6.0,"turns":4.0},{"damage":0.0,"enemies":"Replay:BlueRogue","floor":8.0,"turns":1.0},{"damage":15.0,"enemies":"Lagavulin","floor":10.0,"turns":3.0},{"damage":3.0,"enemies":"Replay:BlueRogue","floor":14.0,"turns":2.0},{"damage":9.0,"enemies":"The Guardian","floor":16.0,"turns":3.0},{"damage":10.0,"enemies":"Shell Parasite","floor":18.0,"turns":3.0},{"damage":0.0,"enemies":"Spheric Guardian","floor":21.0,"turns":2.0},{"damage":0.0,"enemies":"Cultist and Chosen","floor":22.0,"turns":3.0},{"damage":0.0,"enemies":"Gremlin Leader","floor":23.0,"turns":3.0},{"damage":0.0,"enemies":"3 Cultists","floor":24.0,"turns":2.0},{"damage":0.0,"enemies":"REME_1_Revenger","floor":25.0,"turns":3.0},{"damage":0.0,"enemies":"Book of Stabbing","floor":27.0,"turns":3.0},{"damage":0.0,"enemies":"Replay:Snechameleon","floor":30.0,"turns":1.0},{"damage":0.0,"enemies":"Chosen and Byrds","floor":31.0,"turns":1.0},{"damage":0.0,"enemies":"Collector","floor":33.0,"turns":1.0},{"damage":0.0,"enemies":"3 Shapes","floor":35.0,"turns":1.0},{"damage":0.0,"enemies":"3 Darklings","floor":38.0,"turns":1.0},{"damage":0.0,"enemies":"Jaw Worm Horde","floor":39.0,"turns":2.0},{"damage":0.0,"enemies":"R_Hoarder","floor":40.0,"turns":6.0},{"damage":0.0,"enemies":"4 Shapes","floor":41.0,"turns":1.0},{"damage":0.0,"enemies":"Giant Head","floor":42.0,"turns":6.0},{"damage":0.0,"enemies":"Reptomancer","floor":44.0,"turns":1.0},{"damage":0.0,"enemies":"Nemesis","floor":46.0,"turns":1.0},{"damage":0.0,"enemies":"3 Darklings","floor":47.0,"turns":4.0},{"damage":0.0,"enemies":"Giant Head","floor":48.0,"turns":3.0},{"damage":0.0,"enemies":"Donu and Deca","floor":50.0,"turns":2.0},{"damage":0,"enemies":"hubris:Merchant","floor":53,"turns":2},{"damage":0,"enemies":"Shield and Spear","floor":54,"turns":1},{"damage":4,"enemies":"LittleHush","floor":55,"turns":12}],"seed_played":"4347649817412065779","potions_obtained":[{"floor":5.0,"key":"Death Potion"},{"floor":6.0,"key":"AttackPotion"},{"floor":10.0,"key":"Block Potion"},{"floor":16.0,"key":"Toxic Potion"},{"floor":24.0,"key":"Energy Potion"},{"floor":31.0,"key":"FearPotion"},{"floor":33.0,"key":"Swift Potion"},{"floor":41.0,"key":"SneckoOil"},{"floor":42.0,"key":"Regen Potion"},{"floor":47.0,"key":"DuplicationPotion"},{"floor":48.0,"key":"Adrenaline Potion"},{"floor":53,"key":"REME_GoldPotion"},{"floor":54,"key":"REME_GoldPotion"}],"is_trial":false,"path_per_floor":["M","M","$","?","M","E","R","E","T","E","R","?","R","E","R","B",null,"M","?","?","M","M","E","M","E","T","E","$","?","E","M","R","B",null,"M","?","$","M","M","E","M","E","T","E","?","E","M","E","R","B",null,"R","$","E","B"],"character_chosen":"ShadowFlower","items_purchased":["hubris:64BitClover","GuppysCollar","Orrery","Shuriken","REME_MawOfCthun","hubris:CrystalStatue","RingOfDestiny:PropMudra","BookOfRevelations"],"campfire_rested":0,"item_purchase_floors":[3,17,28,28,37,53,53,53],"current_hp_per_floor":[80,83,83,83,82,73,73,86,86,74,74,67,67,75,75,86,80,80,80,1,1,1,1,1,1,1,1,1,1,1,1,1,1,1,1,1,1,1,1,1,1,1,1,1,1,1,1,1,1,1,1,1,1,1,0,0],"gold":156,"neow_bonus":"THREE_CARDS","is_daily":false,"chose_seed":false,"campfire_upgraded":7,"win_rate":0.0,"timestamp":1614270122,"path_taken":["M","M","$","?","?","E","R","E","T","E","R","?","R","E","R","BOSS","M","?","?","M","M","E","?","E","T","E","$","?","E","M","R","BOSS","M","?","$","M","?","E","M","E","T","E","?","E","M","E","R","BOSS","R","$","E","BOSS"],"items_purchased_type":["Relic","Relic","Relic","Relic","Card","Relic","Card","Relic"],"build_version":"2020-12-22","purchased_purges":3,"victory":false,"max_hp_per_floor":[86,86,86,86,86,86,86,86,86,86,86,86,86,86,86,86,80,80,80,1,1,1,1,1,1,1,1,1,1,1,1,1,1,1,1,1,1,1,1,1,1,1,1,1,1,1,1,1,1,1,1,1,1,1,1,1],"relic_stats":{"Darkstone Periapt":0,"SsserpentHead":300,"Lee\u0027s Waffle":7,"counters":[32,86],"Shuriken":[15],"Pen Nib":[5],"Black Star":6,"Whetstone":["RingOfDestiny:PerfectExecution","RingOfDestiny:PoisonedShiv"],"Kunai":[5],"Ginger":[0],"War Paint":["RingOfDestiny:ForbiddenArts","RingOfDestiny:DeadlyArts","Madness","REME_MawOfCthun"],"obtain_stats":[{"Darkstone Periapt":23,"ReplayFunnel":26,"ReplayTheSpireMod:Ring of Exchange":4,"hubris:CrystalStatue":53,"PageOfNothingThere":27,"PageOfSingingMachine":31,"Whetstone":48,"Ginger":54,"Replay:Mystery Machine":42,"Ancient Tea Set":6,"PageOfSpiderBud":14,"Leech":48,"SsserpentHead":19,"TheBean":10,"PageOfPinocchio":40,"Kunai":54,"Ring of Panic":4,"KeepersGift":0,"Lee\u0027s Waffle":17,"hubris:64BitClover":3,"BelialBook":0,"BookOfRevelations":53,"RingOfDestiny:ShadowKunai":0,"Pen Nib":43,"reliquary:WeakTea":42,"hubris:Towel":29,"War Paint":30,"White Beast Statue":44,"Replay:Arrowhead":46,"hubris:BottledHeart":20,"Shuriken":28,"Orrery":28,"reliquary:GummyVitamins":8,"reliquary:SculptingSteel":44,"REME_HandOfSuture":46,"Bag of Marbles":25,"Black Star":34,"ReplayTheSpireMod:TigerMarble":40,"HushsDoor":0,"GuppysCollar":17,"REME_ComplimentaryCards":0,"hubris:NiceRug":53},{"Darkstone Periapt":12,"ReplayFunnel":14,"ReplayTheSpireMod:Ring of Exchange":2,"hubris:CrystalStatue":29,"PageOfNothingThere":15,"PageOfSingingMachine":17,"Whetstone":28,"Ginger":31,"Replay:Mystery Machine":24,"Ancient Tea Set":4,"PageOfSpiderBud":7,"Leech":28,"SsserpentHead":9,"TheBean":6,"PageOfPinocchio":22,"Kunai":31,"Ring of Panic":2,"KeepersGift":0,"Lee\u0027s Waffle":8,"hubris:64BitClover":2,"BelialBook":0,"BookOfRevelations":29,"RingOfDestiny:ShadowKunai":0,"Pen Nib":24,"reliquary:WeakTea":24,"hubris:Towel":15,"War Paint":16,"White Beast Statue":25,"Replay:Arrowhead":26,"hubris:BottledHeart":9,"Shuriken":15,"Orrery":15,"reliquary:GummyVitamins":5,"reliquary:SculptingSteel":25,"REME_HandOfSuture":26,"Bag of Marbles":14,"Black Star":18,"ReplayTheSpireMod:TigerMarble":22,"HushsDoor":0,"GuppysCollar":8,"REME_ComplimentaryCards":0,"hubris:NiceRug":30},{"Darkstone Periapt":32,"ReplayFunnel":37,"ReplayTheSpireMod:Ring of Exchange":5,"hubris:CrystalStatue":71,"PageOfNothingThere":40,"PageOfSingingMachine":42,"Whetstone":69,"Ginger":74,"Replay:Mystery Machine":60,"Ancient Tea Set":12,"PageOfSpiderBud":18,"Leech":69,"SsserpentHead":24,"TheBean":16,"PageOfPinocchio":53,"Kunai":74,"Ring of Panic":5,"KeepersGift":0,"Lee\u0027s Waffle":21,"hubris:64BitClover":5,"BelialBook":0,"BookOfRevelations":71,"RingOfDestiny:ShadowKunai":0,"Pen Nib":60,"reliquary:WeakTea":60,"hubris:Towel":40,"War Paint":41,"White Beast Statue":61,"Replay:Arrowhead":62,"hubris:BottledHeart":24,"Shuriken":40,"Orrery":40,"reliquary:GummyVitamins":13,"reliquary:SculptingSteel":61,"REME_HandOfSuture":62,"Bag of Marbles":37,"Black Star":43,"ReplayTheSpireMod:TigerMarble":53,"HushsDoor":0,"GuppysCollar":21,"REME_ComplimentaryCards":0,"hubris:NiceRug":73}]},"card_choices":[{"not_picked":[],"picked":"BettingIsNotGood","floor":0.0},{"not_picked":["RingOfDestiny:DeadlyShadow","RingOfDestiny:OctMudra"],"picked":"Bomb","floor":0.0},{"not_picked":["RingOfDestiny:Ridicule","RingOfDestiny:ShurikenFlip","RingOfDestiny:Agile"],"picked":"SKIP","floor":1.0},{"not_picked":["RingOfDestiny:HeptMudra","RingOfDestiny:ShadowStab","RingOfDestiny:Conspiracy"],"picked":"SKIP","floor":2.0},{"not_picked":["RingOfDestiny:ButaMudra","RingOfDestiny:ShadowStab"],"picked":"RingOfDestiny:KunaiSpray","floor":5.0},{"not_picked":["RingOfDestiny:ShadowCorrosion","RingOfDestiny:NinjutsuScroll"],"picked":"RingOfDestiny:PerfectExecution","floor":6.0},{"not_picked":["RingOfDestiny:WristBlade","RingOfDestiny:HexaMudra","RingOfDestiny:UndecMudra"],"picked":"SKIP","floor":8.0},{"not_picked":["RingOfDestiny:HexaMudra","RingOfDestiny:BeeZone","RingOfDestiny:FlashOfSlash"],"picked":"SKIP","floor":10.0},{"not_picked":["RingOfDestiny:Ridicule","RingOfDestiny:HeptMudra","RingOfDestiny:DarkProjection"],"picked":"SKIP","floor":14.0},{"not_picked":["RingOfDestiny:InfectMark","RingOfDestiny:ForbiddenArts"],"picked":"RingOfDestiny:PerfectExecution","floor":16.0},{"not_picked":["RingOfDestiny:ShadowBlossom","RingOfDestiny:PentMudra","RingOfDestiny:Ridicule+1"],"picked":"SKIP","floor":18.0},{"not_picked":["RingOfDestiny:ShadowBlossom","RingOfDestiny:PentMudra","RingOfDestiny:Ridicule+1"],"picked":"SKIP","floor":18.0},{"not_picked":["RingOfDestiny:PoisonedShiv","RingOfDestiny:MetalRelease","RingOfDestiny:ShurikenFlip"],"picked":"SKIP","floor":21.0},{"not_picked":["RingOfDestiny:ShadowCorrosion","RingOfDestiny:HexaMudra","RingOfDestiny:DarkLight+1"],"picked":"SKIP","floor":22.0},{"not_picked":["RingOfDestiny:Onikiri","RingOfDestiny:RattanBeetle","RingOfDestiny:FrozenDark"],"picked":"SKIP","floor":23.0},{"not_picked":["RingOfDestiny:HexaMudra","RingOfDestiny:ShadowCorrosion+1"],"picked":"RingOfDestiny:DeadlyArts","floor":24.0},{"not_picked":["RingOfDestiny:Belt","RingOfDestiny:Agile"],"picked":"RingOfDestiny:ForbiddenArts","floor":25.0},{"not_picked":["RingOfDestiny:EarthRelease","RingOfDestiny:MetalRelease"],"picked":"RingOfDestiny:HeptMudra","floor":27.0},{"not_picked":["RingOfDestiny:HeptMudra","RingOfDestiny:FrozenDark"],"picked":"RingOfDestiny:PropMudra","floor":28.0},{"not_picked":["RingOfDestiny:ShadowCutter","RingOfDestiny:HexaMudra+1"],"picked":"RingOfDestiny:FlashOfSlash+1","floor":28.0},{"not_picked":["RingOfDestiny:DarkLight","RingOfDestiny:DodeMudra"],"picked":"RingOfDestiny:ButaMudra","floor":28.0},{"not_picked":["RingOfDestiny:MetalRelease","RingOfDestiny:FlashOfSlash"],"picked":"RingOfDestiny:DeadlyArts+1","floor":28.0},{"not_picked":["RingOfDestiny:HexaMudra","RingOfDestiny:EarthRelease"],"picked":"RingOfDestiny:StaminaBook","floor":28.0},{"not_picked":["RingOfDestiny:Agile","RingOfDestiny:PoisonedShiv","RingOfDestiny:DarkLight"],"picked":"SKIP","floor":30.0},{"not_picked":["RingOfDestiny:ShurikenFlip","RingOfDestiny:ShadowCorrosion"],"picked":"RingOfDestiny:WoodRelease","floor":31.0},{"not_picked":["RingOfDestiny:PerfectExecution","RingOfDestiny:DodeMudra"],"picked":"RingOfDestiny:NinjutsuMudra","floor":33.0},{"not_picked":["RingOfDestiny:HexaMudra","RingOfDestiny:Conspiracy"],"picked":"RingOfDestiny:WoodRelease","floor":35.0},{"not_picked":["RingOfDestiny:Ridicule","RingOfDestiny:DarkLight"],"picked":"RingOfDestiny:WoodRelease+1","floor":38.0},{"not_picked":["RingOfDestiny:ShurikenFlip","RingOfDestiny:BeeZone+1","RingOfDestiny:PoisonedShiv+1"],"picked":"SKIP","floor":39.0},{"not_picked":["RingOfDestiny:Ridicule+1","RingOfDestiny:Stealth+1","RingOfDestiny:Spur"],"picked":"SKIP","floor":40.0},{"not_picked":["RingOfDestiny:Spur+1","RingOfDestiny:BeeZone"],"picked":"RingOfDestiny:HeptMudra+1","floor":41.0},{"not_picked":["RingOfDestiny:ShurikenFlip+1","RingOfDestiny:HeptMudra+1"],"picked":"RingOfDestiny:FrozenDark+1","floor":42.0},{"not_picked":["RingOfDestiny:SneakAttack+1","RingOfDestiny:ShadowStab+1","RingOfDestiny:Agile"],"picked":"SKIP","floor":44.0},{"not_picked":["RingOfDestiny:ShadowShackles","RingOfDestiny:FlashOfSlash"],"picked":"RingOfDestiny:WoodRelease+1","floor":46.0},{"not_picked":["RingOfDestiny:EthMudra","RingOfDestiny:UndecMudra"],"picked":"RingOfDestiny:ForbiddenArts","floor":47.0},{"not_picked":["RingOfDestiny:FallenFlower","RingOfDestiny:ShadowStab+1","RingOfDestiny:SneakAttack"],"picked":"SKIP","floor":48.0},{"not_picked":["RingOfDestiny:KunaiSpray","RingOfDestiny:DecaMudra+1"],"picked":"RingOfDestiny:Premeditate+1","floor":54}],"player_experience":65032,"relics_obtained":[{"floor":4.0,"key":"ReplayTheSpireMod:Ring of Exchange"},{"floor":4.0,"key":"Ring of Panic"},{"floor":6.0,"key":"Ancient Tea Set"},{"floor":8.0,"key":"reliquary:GummyVitamins"},{"floor":10.0,"key":"TheBean"},{"floor":14.0,"key":"PageOfSpiderBud"},{"floor":23.0,"key":"Darkstone Periapt"},{"floor":25.0,"key":"Bag of Marbles"},{"floor":26.0,"key":"ReplayFunnel"},{"floor":27.0,"key":"PageOfNothingThere"},{"floor":30.0,"key":"War Paint"},{"floor":31.0,"key":"PageOfSingingMachine"},{"floor":40.0,"key":"ReplayTheSpireMod:TigerMarble"},{"floor":40.0,"key":"PageOfPinocchio"},{"floor":42.0,"key":"reliquary:WeakTea"},{"floor":42.0,"key":"Replay:Mystery Machine"},{"floor":43.0,"key":"Pen Nib"},{"floor":44.0,"key":"reliquary:SculptingSteel"},{"floor":44.0,"key":"White Beast Statue"},{"floor":46.0,"key":"REME_HandOfSuture"},{"floor":46.0,"key":"Replay:Arrowhead"},{"floor":48.0,"key":"Whetstone"},{"floor":48.0,"key":"Leech"},{"floor":54,"key":"Kunai"},{"floor":54,"key":"Ginger"}],"event_choices":[{"cards_removed":["RingOfDestiny:Strike_SF"],"damage_healed":0.0,"max_hp_gain":0.0,"max_hp_loss":0.0,"gold_gain":0.0,"event_name":"Golden Wing","player_choice":"Card Removal","floor":12.0,"gold_loss":0.0,"damage_taken":7.0},{"damage_healed":0.0,"max_hp_gain":0.0,"max_hp_loss":0.0,"gold_gain":0.0,"event_name":"FaceTrader","player_choice":"Trade","floor":19.0,"gold_loss":0.0,"damage_taken":0.0,"relics_obtained":["SsserpentHead"]},{"damage_healed":0.0,"max_hp_gain":0.0,"max_hp_loss":0.0,"gold_gain":0.0,"event_name":"Winding Halls","player_choice":"Embrace Madness","floor":36.0,"gold_loss":0.0,"damage_taken":0.0,"cards_obtained":["Madness","Madness"]}],"is_beta":false,"boss_relics":[{"not_picked":["Replay:Bronze Core","hubris:RunicObelisk"],"picked":"Lee\u0027s Waffle"},{"not_picked":[]},{"not_picked":["hubris:Backtick","Chaos"],"picked":"Black Star"},{"not_picked":[]}],"items_purged_floors":[28,37,37],"is_endless":false,"potions_floor_spawned":[5,6,10,14,16,24,25,31,33,38,41,42,46,47,48,53,54],"killed_by":"LittleHush","ascension_level":1}}