{"host":"8ki4rp59nppvqwda","time":1614222072,"event":{"mods":["AlwaysNeverKeys","BaseMod","Hermit","Minty Spire (QoL Compilation)","Robot Space Explorer","SacredBarkPlus","StSLib","The Cursed","The Necromancer","The Trickster"],"gold_per_floor":[114,389,69,85,98,98,113,113,166,166,197,211,211,227,227,329,329,347,347,358,368,368,368,393,393,393,413,433,433,34,59,59,162,162,178,178,178,223,223,254,254,9,9,20,0,20,20,37,37,37,37],"floor_reached":50,"language":"ENG","playtime":2638,"items_purged":["Regret","Regret"],"score":691,"play_id":"f51f41ef-e860-4482-872e-f7e334299315","local_time":"20210224220112","is_ascension_mode":true,"campfire_choices":[{"data":"theTrickster:ImpulsiveDefend","floor":6.0,"key":"SMITH"},{"data":"theTrickster:HandGrenade","floor":8.0,"key":"SMITH"},{"data":"theTrickster:SharpBlade","floor":10.0,"key":"SMITH"},{"data":"theTrickster:BlurTheLines","floor":13.0,"key":"SMITH"},{"data":"theTrickster:CreateAnOpening","floor":15.0,"key":"SMITH"},{"data":"theTrickster:UpThePace","floor":23.0,"key":"SMITH"},{"data":"theTrickster:FancyCape","floor":25.0,"key":"SMITH"},{"floor":32.0,"key":"REST"},{"data":"theTrickster:TriedTechniques","floor":41.0,"key":"SMITH"},{"floor":49,"key":"REST"}],"circlet_count":0,"master_deck":["theTrickster:Strike_Brown","theTrickster:Strike_Brown","theTrickster:Strike_Brown","theTrickster:Strike_Brown","theTrickster:Strike_Brown","theTrickster:Defend_Brown","theTrickster:Defend_Brown","theTrickster:Defend_Brown","theTrickster:Defend_Brown","theTrickster:Defend_Brown","theTrickster:DaringSlash","theTrickster:BackStep+1","theTrickster:SharpBlade+1","theTrickster:HandGrenade+1","theTrickster:BlurTheLines+1","theTrickster:CreateAnOpening+1","theTrickster:FancyCape+1","theTrickster:SuperiorTactics","Bite","theTrickster:MentalStrength","theTrickster:UpThePace+1","Writhe","theTrickster:TriedTechniques+1","theTrickster:SwiftSlash","theTrickster:Anticipation","theTrickster:Anticipation","theTrickster:RampingUpStrike+1","theTrickster:Safeguard+1","theTrickster:BlurTheLines+1","theTrickster:Practice+1","Normality","theTrickster:UpThePace+1","theTrickster:Practice+1"],"relics":["theTrickster:OpticalIllusionRelic","Gremlin Horn","Boot","PreservedInsect","Cursed Key","Singing Bowl","Juzu Bracelet","StoneCalendar","Regal Pillow","Happy Flower","Letter Opener","theTrickster:RunicTorusRelic","theTrickster:DesertRoseRelic","Bottled Lightning","DollysMirror","Oddly Smooth Stone","Red Mask"],"acts_visited":["Exordium","TheCity","TheBeyond"],"potions_floor_usage":[44,50,50,50],"damage_taken":[{"damage":1.0,"enemies":"Jaw Worm","floor":1.0,"turns":4.0},{"damage":0.0,"enemies":"Cultist","floor":4.0,"turns":3.0},{"damage":0.0,"enemies":"Small Slimes","floor":5.0,"turns":2.0},{"damage":3.0,"enemies":"Blue Slaver","floor":7.0,"turns":4.0},{"damage":26.0,"enemies":"Gremlin Nob","floor":11.0,"turns":4.0},{"damage":0.0,"enemies":"3 Louse","floor":12.0,"turns":2.0},{"damage":0.0,"enemies":"2 Fungi Beasts","floor":14.0,"turns":2.0},{"damage":20.0,"enemies":"The Guardian","floor":16.0,"turns":10.0},{"damage":3.0,"enemies":"3 Byrds","floor":18.0,"turns":4.0},{"damage":5.0,"enemies":"Shell Parasite","floor":20.0,"turns":5.0},{"damage":0.0,"enemies":"Sentry and Sphere","floor":21.0,"turns":5.0},{"damage":17.0,"enemies":"Gremlin Leader","floor":24.0,"turns":5.0},{"damage":11.0,"enemies":"Snake Plant","floor":27.0,"turns":5.0},{"damage":3.0,"enemies":"3 Cultists","floor":28.0,"turns":4.0},{"damage":25.0,"enemies":"Slavers","floor":31.0,"turns":2.0},{"damage":54.0,"enemies":"Champ","floor":33.0,"turns":9.0},{"damage":16.0,"enemies":"3 Shapes","floor":35.0,"turns":4.0},{"damage":11.0,"enemies":"2 Orb Walkers","floor":38.0,"turns":4.0},{"damage":0.0,"enemies":"3 Darklings","floor":39.0,"turns":2.0},{"damage":22.0,"enemies":"Nemesis","floor":40.0,"turns":6.0},{"damage":9,"enemies":"Writhing Mass","floor":44,"turns":7},{"damage":17,"enemies":"Sphere and 2 Shapes","floor":46,"turns":5},{"damage":12,"enemies":"3 Darklings","floor":48,"turns":4},{"damage":91,"enemies":"Time Eater","floor":50,"turns":11}],"seed_played":"-4480169958357834737","potions_obtained":[{"floor":11.0,"key":"CultistPotion"},{"floor":12.0,"key":"CultistPotion"},{"floor":14.0,"key":"SmokeBomb"},{"floor":18.0,"key":"Block Potion"},{"floor":24.0,"key":"EssenceOfSteel"},{"floor":33.0,"key":"SkillPotion"},{"floor":38.0,"key":"SpeedPotion"},{"floor":40.0,"key":"Block Potion"},{"floor":48,"key":"LiquidBronze"}],"is_trial":false,"path_per_floor":["M","?","$","M","M","R","M","R","T","R","E","M","R","M","R","B",null,"M","?","M","M","?","R","E","R","T","M","M","?","$","E","R","B",null,"M","?","?","?","M","E","R","$","T","M","?","M","?","M","R","B"],"character_chosen":"THE_TRICKSTER","items_purchased":["Gremlin Horn","Regal Pillow","Happy Flower","DollysMirror","theTrickster:Practice","ColorlessPotion"],"campfire_rested":2,"item_purchase_floors":[3,30,30,42,42,42],"current_hp_per_floor":[67,67,67,67,67,67,64,64,64,64,38,38,38,38,38,18,61,60,60,61,65,65,65,52,52,52,45,48,48,48,27,65,19,63,51,51,87,80,82,64,64,64,64,57,57,46,46,40,82,0,0],"gold":37,"neow_bonus":"UPGRADE_CARD","is_daily":false,"chose_seed":false,"campfire_upgraded":8,"win_rate":0.0,"timestamp":1614222072,"path_taken":["M","?","?","M","M","R","M","R","T","R","E","M","R","M","R","BOSS","M","?","M","?","?","R","E","R","T","M","M","?","$","E","R","BOSS","M","?","?","?","M","E","R","$","T","M","?","M","?","M","R","BOSS"],"items_purchased_type":["Relic","Relic","Relic","Relic","Card","Potion"],"build_version":"2020-12-22","purchased_purges":2,"victory":false,"max_hp_per_floor":[75,75,75,75,75,75,75,75,75,75,75,75,75,75,75,75,75,75,75,75,75,75,75,75,75,75,75,77,77,77,77,77,77,77,77,77,87,89,89,89,89,89,89,89,89,89,89,91,91,91,91],"card_choices":[{"not_picked":["theTrickster:TickingPackage","theTrickster:CautiousManeuver"],"picked":"theTrickster:SharpBlade","floor":1.0},{"not_picked":["theTrickster:SmokeOfConfusion","theTrickster:BetterSafe"],"picked":"theTrickster:LightTrick","floor":4.0},{"not_picked":["theTrickster:LightTrick","theTrickster:TickingPackage"],"picked":"theTrickster:ImpulsiveDefend","floor":5.0},{"not_picked":["theTrickster:DebilitatingShot","theTrickster:LightTrick"],"picked":"theTrickster:HandGrenade","floor":7.0},{"not_picked":["theTrickster:SharpBlade","theTrickster:Frenzy","theTrickster:ImpulsiveDefend"],"picked":"SKIP","floor":11.0},{"not_picked":["theTrickster:TickingPackage","theTrickster:DivingSlice"],"picked":"theTrickster:BlurTheLines","floor":12.0},{"not_picked":["theTrickster:ImpulsiveDefend","theTrickster:Parry"],"picked":"theTrickster:CreateAnOpening","floor":14.0},{"not_picked":["theTrickster:BlurTheLines","theTrickster:Safeguard"],"picked":"theTrickster:FancyCape","floor":16.0},{"not_picked":["theTrickster:ImpulsiveDefend","theTrickster:TrickyDefend"],"picked":"theTrickster:SuperiorTactics","floor":18.0},{"not_picked":["theTrickster:RampingUpDefend","theTrickster:TickingPackage"],"picked":"theTrickster:MentalStrength","floor":20.0},{"not_picked":["theTrickster:Audacity","theTrickster:DebilitatingShot"],"picked":"theTrickster:UpThePace","floor":21.0},{"not_picked":["theTrickster:MentalStrength","theTrickster:DebilitatingShot"],"picked":"theTrickster:TriedTechniques","floor":24.0},{"not_picked":["theTrickster:CautiousManeuver+1","theTrickster:KillThemAll"],"picked":"theTrickster:SwiftSlash","floor":27.0},{"not_picked":["theTrickster:TrickyStrike","theTrickster:LightTrick","theTrickster:KillThemAll"],"picked":"Singing Bowl","floor":28.0},{"not_picked":["theTrickster:DebilitatingShot+1","theTrickster:ImpulsiveDefend+1"],"picked":"theTrickster:Anticipation","floor":31.0},{"not_picked":["theTrickster:BlurTheLines","theTrickster:MistForm"],"picked":"theTrickster:Anticipation","floor":33.0},{"not_picked":["theTrickster:StudiedSnipe+1","theTrickster:SwiftSlash+1"],"picked":"theTrickster:RampingUpStrike+1","floor":35.0},{"not_picked":["Forethought","Swift Strike"],"picked":"Metamorphosis","floor":36.0},{"not_picked":["theTrickster:RampingUpStrike","theTrickster:SharpBlade","theTrickster:ThickVest+1"],"picked":"Singing Bowl","floor":38.0},{"not_picked":["theTrickster:SharpBlade+1","theTrickster:Efficiency"],"picked":"theTrickster:Safeguard","floor":40.0},{"not_picked":["theTrickster:Distract","theTrickster:DebilitatingShot+1"],"picked":"theTrickster:UpThePace+1","floor":44},{"not_picked":["theTrickster:RampingUpDefend+1","theTrickster:LightTrick+1"],"picked":"theTrickster:Practice+1","floor":46},{"not_picked":["theTrickster:TrickyStrike+1","theTrickster:TacticalDefend+1","theTrickster:NickAndSkid"],"picked":"Singing Bowl","floor":48}],"player_experience":1353871,"relics_obtained":[{"floor":9.0,"key":"Boot"},{"floor":11.0,"key":"PreservedInsect"},{"floor":24.0,"key":"Juzu Bracelet"},{"floor":26.0,"key":"StoneCalendar"},{"floor":31.0,"key":"Letter Opener"},{"floor":38.0,"key":"theTrickster:DesertRoseRelic"},{"floor":40.0,"key":"Bottled Lightning"},{"floor":43.0,"key":"Oddly Smooth Stone"}],"event_choices":[{"damage_healed":0.0,"max_hp_gain":0.0,"max_hp_loss":0.0,"gold_gain":275.0,"event_name":"Golden Shrine","player_choice":"Desecrate","floor":2.0,"gold_loss":0.0,"damage_taken":0.0,"cards_obtained":["Regret"]},{"cards_removed":["theTrickster:ImpulsiveDefend"],"damage_healed":0.0,"max_hp_gain":0.0,"max_hp_loss":0.0,"gold_gain":0.0,"event_name":"NoteForYourself","player_choice":"Took Card","floor":19.0,"gold_loss":0.0,"damage_taken":0.0,"cards_obtained":["Bite"]},{"damage_healed":0.0,"max_hp_gain":0.0,"max_hp_loss":0.0,"gold_gain":0.0,"event_name":"The Mausoleum","player_choice":"Opened","floor":22.0,"gold_loss":0.0,"damage_taken":0.0,"relics_obtained":["Singing Bowl"],"cards_obtained":["Writhe"]},{"damage_healed":0.0,"max_hp_gain":0.0,"max_hp_loss":0.0,"gold_gain":0.0,"event_name":"Vampires","player_choice":"Ignored","floor":29.0,"gold_loss":0.0,"damage_taken":0.0},{"damage_healed":0.0,"max_hp_gain":0.0,"max_hp_loss":0.0,"gold_gain":0.0,"event_name":"SensoryStone","player_choice":"Memory 1","floor":36.0,"gold_loss":0.0,"damage_taken":0.0},{"cards_removed":["Metamorphosis"],"damage_healed":26.0,"max_hp_gain":10.0,"max_hp_loss":0.0,"gold_gain":0.0,"event_name":"Bonfire Elementals","player_choice":"Offered Rare","floor":37.0,"gold_loss":0.0,"damage_taken":0.0},{"damage_healed":0.0,"max_hp_gain":0.0,"max_hp_loss":0.0,"gold_gain":0.0,"event_name":"Mysterious Sphere","player_choice":"Fight","floor":38.0,"gold_loss":0.0,"damage_taken":0.0},{"damage_healed":0,"gold_gain":0,"player_choice":"Paid","damage_taken":0,"relics_obtained":["Red Mask"],"max_hp_gain":0,"max_hp_loss":0,"event_name":"Tomb of Lord Red Mask","floor":45,"gold_loss":20},{"cards_removed":["theTrickster:LightTrick"],"damage_healed":0,"gold_gain":0,"player_choice":"Removed Skill","damage_taken":0,"max_hp_gain":0,"max_hp_loss":0,"event_name":"Falling","floor":47,"gold_loss":0}],"is_beta":false,"boss_relics":[{"not_picked":["Velvet Choker","Fusion Hammer"],"picked":"Cursed Key"},{"not_picked":["Runic Pyramid","Snecko Eye"],"picked":"theTrickster:RunicTorusRelic"}],"items_purged_floors":[3,30],"is_endless":false,"potions_floor_spawned":[11,12,14,18,24,33,38,40,48],"killed_by":"Time Eater","ascension_level":6}}