{"host":"1vy6j31128f61x2z","time":1614290131,"event":{"mods":["AchievementEnabler","BaseMod","Colored Powertips","Curses Come First","Minty Spire (QoL Compilation)","Permanent Neow","Random Character Button","Relic Stats","StSLib"],"gold_per_floor":[16,28,28,38,38,38,71,71,71,98,117,149,161,190,190,291,291,309,322,237,237,252,252,280,280,280,280,296,331,6,17,17,120,120,140,140,160,183,27,62,62,78,151,167,195,195,0,15,15,15],"floor_reached":51,"language":"ENG","playtime":2666,"items_purged":[],"score":1338,"play_id":"7297d01d-01dc-4374-9531-6a4b9fb99830","local_time":"20210225165531","is_ascension_mode":true,"campfire_choices":[{"data":"Sadistic Nature","floor":6.0,"key":"SMITH"},{"data":"Glass Knife","floor":8.0,"key":"SMITH"},{"floor":15.0,"key":"REST"},{"data":"A Thousand Cuts","floor":23.0,"key":"SMITH"},{"data":"Footwork","floor":25.0,"key":"SMITH"},{"data":"PiercingWail","floor":27.0,"key":"SMITH"},{"data":"Poisoned Stab","floor":32.0,"key":"SMITH"},{"floor":41,"key":"DIG"},{"floor":46,"key":"DIG"},{"floor":49,"key":"DIG"}],"circlet_count":0,"master_deck":["AscendersBane","Strike_G","Strike_G","Strike_G","Strike_G","Strike_G","Defend_G","Defend_G","Defend_G","Defend_G","Defend_G","Survivor","Neutralize+1","Sadistic Nature+1","PiercingWail+1","Quick Slash","Glass Knife+1","Dodge and Roll+1","Poisoned Stab+1","Poisoned Stab","Acrobatics+1","Footwork+1","Flying Knee","A Thousand Cuts+1","Malaise+1","PiercingWail+1","Deadly Poison+1","Prepared+1","Deadly Poison+1","Noxious Fumes+1","PiercingWail+1","Backflip+1","PiercingWail+1","Deflect+1","Bouncing Flask+1","Backflip+1","Crippling Poison+1","Prepared+1","Concentrate+1","Deflect+1"],"relics":["Ring of the Snake","FaceOfCleric","Toxic Egg 2","Kunai","Prayer Wheel","CaptainsWheel","Turnip","Runic Pyramid","Bird Faced Urn","Boot","Akabeko","Pantograph","Tough Bandages","Membership Card","Ginger","HoveringKite","Bag of Marbles","Incense Burner","Shovel","Bronze Scales","The Courier","Paper Crane","Mummified Hand","Red Mask","White Beast Statue"],"acts_visited":["Exordium","TheCity","TheBeyond"],"potions_floor_usage":[33,37,50,50],"damage_taken":[{"damage":0.0,"enemies":"Small Slimes","floor":1.0,"turns":4.0},{"damage":0.0,"enemies":"2 Louse","floor":2.0,"turns":4.0},{"damage":0.0,"enemies":"Cultist","floor":4.0,"turns":3.0},{"damage":18.0,"enemies":"Gremlin Nob","floor":7.0,"turns":4.0},{"damage":24.0,"enemies":"3 Sentries","floor":10.0,"turns":11.0},{"damage":0.0,"enemies":"2 Fungi Beasts","floor":11.0,"turns":3.0},{"damage":15.0,"enemies":"Lagavulin","floor":12.0,"turns":4.0},{"damage":5.0,"enemies":"3 Louse","floor":13.0,"turns":3.0},{"damage":1.0,"enemies":"3 Sentries","floor":14.0,"turns":8.0},{"damage":19.0,"enemies":"Slime Boss","floor":16.0,"turns":10.0},{"damage":2.0,"enemies":"Chosen","floor":18.0,"turns":5.0},{"damage":1.0,"enemies":"Spheric Guardian","floor":19.0,"turns":6.0},{"damage":0.0,"enemies":"Chosen and Byrds","floor":22.0,"turns":4.0},{"damage":5.0,"enemies":"Slavers","floor":24.0,"turns":4.0},{"damage":9.0,"enemies":"Centurion and Healer","floor":28.0,"turns":5.0},{"damage":6.0,"enemies":"Book of Stabbing","floor":29.0,"turns":6.0},{"damage":0.0,"enemies":"3 Cultists","floor":31.0,"turns":4.0},{"damage":1,"enemies":"Collector","floor":33,"turns":7},{"damage":0,"enemies":"3 Darklings","floor":35,"turns":4},{"damage":2,"enemies":"Orb Walker","floor":37,"turns":4},{"damage":11,"enemies":"Nemesis","floor":40,"turns":7},{"damage":1,"enemies":"Transient","floor":42,"turns":5},{"damage":10,"enemies":"3 Darklings","floor":44,"turns":5},{"damage":1,"enemies":"Reptomancer","floor":45,"turns":6},{"damage":2,"enemies":"Writhing Mass","floor":48,"turns":5},{"damage":0,"enemies":"Time Eater","floor":50,"turns":11}],"seed_played":"197899496133492182","potions_obtained":[{"floor":2.0,"key":"Block Potion"},{"floor":13.0,"key":"SteroidPotion"},{"floor":14.0,"key":"CunningPotion"},{"floor":16.0,"key":"LiquidMemories"},{"floor":18.0,"key":"Fire Potion"},{"floor":22.0,"key":"SteroidPotion"},{"floor":28.0,"key":"FairyPotion"},{"floor":29.0,"key":"PowerPotion"},{"floor":35,"key":"BlessingOfTheForge"},{"floor":37,"key":"Poison Potion"},{"floor":44,"key":"EssenceOfSteel"}],"is_trial":false,"path_per_floor":["M","M","?","M","?","R","E","R","T","E","M","E","M","E","R","B",null,"M","M","?","?","M","R","E","R","T","R","M","E","$","M","R","B",null,"M","?","M","T","$","E","R","M","T","M","E","R","?","M","R","B",null],"character_chosen":"THE_SILENT","items_purchased":["Membership Card","Ginger","PiercingWail+1","Incense Burner"],"campfire_rested":1,"item_purchase_floors":[30,30,30,39],"current_hp_per_floor":[63,63,63,63,63,63,46,46,46,23,24,10,6,6,28,10,60,59,59,59,59,64,64,66,66,66,66,66,69,69,78,78,85,85,86,86,85,85,85,79,79,87,87,82,88,88,88,92,92,93],"gold":15,"neow_bonus":"RANDOM_COLORLESS_2","is_daily":false,"chose_seed":false,"campfire_upgraded":6,"win_rate":0.0,"timestamp":1614290131,"path_taken":["M","M","?","M","?","R","E","R","T","E","M","E","M","E","R","BOSS","M","?","?","?","M","R","E","R","T","R","?","E","$","M","R","BOSS","M","?","M","?","$","E","R","?","T","M","E","R","?","M","R","BOSS"],"items_purchased_type":["Relic","Relic","Card","Relic"],"build_version":"2020-12-22","purchased_purges":0,"victory":true,"max_hp_per_floor":[70,70,70,70,70,70,71,71,71,72,73,74,75,76,76,77,77,78,79,79,79,80,80,81,81,81,81,82,83,83,84,84,85,85,86,86,87,87,87,88,88,89,89,90,91,91,91,92,92,93],"relic_stats":{"counters":[26,142],"HoveringKite":[19],"Ginger":[5],"Boot":[16],"Tough Bandages":[135],"Shovel":3,"FaceOfCleric":23,"Mummified Hand":[7],"Bird Faced Urn":[62],"Pantograph":6,"Bronze Scales":[141],"Prayer Wheel":12,"Turnip":[13],"Kunai":[13],"obtain_stats":[{"HoveringKite":34,"Incense Burner":39,"Ginger":30,"Boot":21,"Tough Bandages":29,"Shovel":40,"FaceOfCleric":5,"Mummified Hand":46,"Pantograph":26,"Prayer Wheel":10,"Red Mask":47,"Kunai":9,"Toxic Egg 2":7,"Ring of the Snake":0,"Runic Pyramid":17,"The Courier":43,"Paper Crane":45,"Akabeko":24,"White Beast Statue":49,"CaptainsWheel":12,"Bird Faced Urn":20,"Bronze Scales":41,"Turnip":14,"Bag of Marbles":38,"Membership Card":30},{"HoveringKite":18,"Incense Burner":20,"Ginger":16,"Boot":12,"Tough Bandages":16,"Shovel":21,"FaceOfCleric":3,"Mummified Hand":24,"Pantograph":14,"Prayer Wheel":5,"Red Mask":24,"Kunai":4,"Toxic Egg 2":4,"Ring of the Snake":0,"Runic Pyramid":10,"The Courier":22,"Paper Crane":24,"Akabeko":14,"White Beast Statue":25,"CaptainsWheel":7,"Bird Faced Urn":12,"Bronze Scales":21,"Turnip":9,"Bag of Marbles":20,"Membership Card":16},{"HoveringKite":95,"Incense Burner":103,"Ginger":84,"Boot":65,"Tough Bandages":84,"Shovel":110,"FaceOfCleric":11,"Mummified Hand":126,"Pantograph":73,"Prayer Wheel":26,"Red Mask":126,"Kunai":15,"Toxic Egg 2":15,"Ring of the Snake":0,"Runic Pyramid":54,"The Courier":115,"Paper Crane":126,"Akabeko":73,"White Beast Statue":131,"CaptainsWheel":33,"Bird Faced Urn":65,"Bronze Scales":110,"Turnip":44,"Bag of Marbles":103,"Membership Card":84}],"Ring of the Snake":[52]},"card_choices":[{"not_picked":["Mayhem","The Bomb"],"picked":"Sadistic Nature","floor":0.0},{"not_picked":["Tactician","Bane"],"picked":"PiercingWail","floor":1.0},{"not_picked":["Prepared","PiercingWail"],"picked":"Quick Slash","floor":2.0},{"not_picked":["Sucker Punch","Caltrops"],"picked":"Glass Knife","floor":4.0},{"not_picked":["Caltrops","Escape Plan+1"],"picked":"Dodge and Roll+1","floor":7.0},{"not_picked":["Eviscerate","Footwork"],"picked":"Poisoned Stab","floor":10.0},{"not_picked":["Prepared+1","Distraction+1"],"picked":"Poisoned Stab","floor":11.0},{"not_picked":["Bane","Accuracy"],"picked":"Acrobatics+1","floor":11.0},{"not_picked":["Tactician+1","A Thousand Cuts"],"picked":"Footwork","floor":12.0},{"not_picked":["Slice","Masterful Stab"],"picked":"Flying Knee","floor":13.0},{"not_picked":["Accuracy","Flying Knee","Dagger Spray"],"picked":"SKIP","floor":13.0},{"not_picked":["Calculated Gamble+1","Flechettes"],"picked":"A Thousand Cuts","floor":14.0},{"not_picked":["Unload","Doppelganger+1"],"picked":"Malaise+1","floor":16.0},{"not_picked":["Cloak And Dagger+1","Flying Knee"],"picked":"PiercingWail+1","floor":18.0},{"not_picked":["Flying Knee","Dagger Throw","Sucker Punch"],"picked":"SKIP","floor":18.0},{"not_picked":["Dodge and Roll+1","Deadly Poison+1"],"picked":"PiercingWail+1","floor":19.0},{"not_picked":["Cloak And Dagger+1","Distraction+1"],"picked":"Deadly Poison+1","floor":19.0},{"not_picked":["Reflex+1","Dash+1"],"picked":"Prepared+1","floor":22.0},{"not_picked":["Slice","Blade Dance+1"],"picked":"Deadly Poison+1","floor":22.0},{"not_picked":["Burst+1","Unload"],"picked":"Noxious Fumes+1","floor":24.0},{"not_picked":["Acrobatics+1","Prepared+1"],"picked":"PiercingWail+1","floor":28.0},{"not_picked":["Setup+1","Masterful Stab","Bane"],"picked":"SKIP","floor":28.0},{"not_picked":["PiercingWail+1","Concentrate+1"],"picked":"Backflip+1","floor":29.0},{"not_picked":["Footwork","Unload"],"picked":"Deflect+1","floor":31.0},{"not_picked":["Acrobatics+1","Quick Slash","Setup+1"],"picked":"SKIP","floor":31.0},{"not_picked":["Riddle With Holes","Dash+1"],"picked":"Bouncing Flask+1","floor":35},{"not_picked":["Heel Hook","Acrobatics+1","Dagger Throw"],"picked":"SKIP","floor":35},{"not_picked":["Slice+1","Dagger Spray+1"],"picked":"Backflip+1","floor":37},{"not_picked":["Setup+1","Endless Agony+1","Calculated Gamble+1"],"picked":"SKIP","floor":37},{"not_picked":["Grand Finale","Cloak And Dagger+1","Acrobatics+1"],"picked":"SKIP","floor":40},{"not_picked":["Deflect+1","Flying Knee"],"picked":"Crippling Poison+1","floor":42},{"not_picked":["Flying Knee","Dagger Spray","Die Die Die"],"picked":"SKIP","floor":42},{"not_picked":["Skewer","Choke"],"picked":"Prepared+1","floor":44},{"not_picked":["Flechettes","Accuracy"],"picked":"Concentrate+1","floor":44},{"not_picked":["Bane","Crippling Poison+1","Finisher"],"picked":"SKIP","floor":45},{"not_picked":["Tactician+1","Sucker Punch"],"picked":"Deflect+1","floor":48},{"not_picked":["Well Laid Plans","Riddle With Holes+1","Dash+1"],"picked":"SKIP","floor":48}],"player_experience":148877,"relics_obtained":[{"floor":7.0,"key":"Toxic Egg 2"},{"floor":9.0,"key":"Kunai"},{"floor":10.0,"key":"Prayer Wheel"},{"floor":12.0,"key":"CaptainsWheel"},{"floor":14.0,"key":"Turnip"},{"floor":24.0,"key":"Akabeko"},{"floor":26.0,"key":"Pantograph"},{"floor":29.0,"key":"Tough Bandages"},{"floor":38,"key":"Bag of Marbles"},{"floor":40,"key":"Shovel"},{"floor":41,"key":"Bronze Scales"},{"floor":43,"key":"The Courier"},{"floor":45,"key":"Paper Crane"},{"floor":46,"key":"Mummified Hand"},{"floor":49,"key":"White Beast Statue"}],"event_choices":[{"damage_healed":0.0,"max_hp_gain":0.0,"max_hp_loss":0.0,"gold_gain":0.0,"event_name":"Living Wall","player_choice":"Grow","floor":3.0,"gold_loss":0.0,"damage_taken":0.0,"cards_upgraded":["Neutralize"]},{"damage_healed":0.0,"max_hp_gain":0.0,"max_hp_loss":0.0,"gold_gain":0.0,"event_name":"FaceTrader","player_choice":"Trade","floor":5.0,"gold_loss":0.0,"damage_taken":0.0,"relics_obtained":["FaceOfCleric"]},{"damage_healed":0.0,"max_hp_gain":0.0,"max_hp_loss":0.0,"gold_gain":0.0,"event_name":"Addict","player_choice":"Obtained Relic","floor":20.0,"gold_loss":85.0,"damage_taken":0.0,"relics_obtained":["Bird Faced Urn"]},{"damage_healed":0.0,"max_hp_gain":0.0,"max_hp_loss":0.0,"gold_gain":0.0,"event_name":"WeMeetAgain","player_choice":"Gave Potion","floor":21.0,"gold_loss":0.0,"damage_taken":0.0,"relics_obtained":["Boot"]},{"cards_removed":["PiercingWail"],"damage_healed":0,"gold_gain":0,"player_choice":"Removed Skill","damage_taken":0,"max_hp_gain":0,"max_hp_loss":0,"event_name":"Falling","floor":36,"gold_loss":0},{"damage_healed":0,"gold_gain":0,"player_choice":"Paid","damage_taken":0,"relics_obtained":["Red Mask"],"max_hp_gain":0,"max_hp_loss":0,"event_name":"Tomb of Lord Red Mask","floor":47,"gold_loss":195}],"is_beta":false,"boss_relics":[{"not_picked":["SacredBark","Ectoplasm"],"picked":"Runic Pyramid"},{"not_picked":["Empty Cage","Ring of the Serpent"],"picked":"HoveringKite"}],"items_purged_floors":[],"is_endless":false,"potions_floor_spawned":[2,13,14,16,18,22,28,29,35,37,42,44],"ascension_level":10}}