{"host":"nz11ypxva4e39b7q","time":1614261701,"event":{"mods":["BaseMod","Better Third Choice","Better Vampires","Colored Map","Minty Spire (QoL Compilation)","Quick Restart","Shapeshifter Mod","StSLib"],"gold_per_floor":[23,23,23,57,90,90,90],"floor_reached":6,"language":"ENG","playtime":218,"items_purged":[],"score":67,"play_id":"97f74e12-13ed-4739-aab7-f483594a98e4","local_time":"20210225150141","is_ascension_mode":true,"campfire_choices":[],"circlet_count":0,"master_deck":["AscendersBane","StSShapeShifter:ShapeShifter_Strike","StSShapeShifter:ShapeShifter_Strike","StSShapeShifter:ShapeShifter_Strike","StSShapeShifter:ShapeShifter_Strike","StSShapeShifter:ShapeShifter_Strike","StSShapeShifter:ShapeShifter_Defend","StSShapeShifter:ShapeShifter_Defend","StSShapeShifter:ShapeShifter_Defend","StSShapeShifter:ShapeShifter_Defend","StSShapeShifter:ShapeShifter_Defend","StSShapeShifter:WolfsBane","StSShapeShifter:FoxForm","StSShapeShifter:TopazSkin","StSShapeShifter:VineHandcuffs"],"relics":["StSShapeShifter:AnimalHeart","StSShapeShifter:TheShapeShiftersMagnolia"],"acts_visited":[],"potions_floor_usage":[],"damage_taken":[{"damage":7.0,"enemies":"Cultist","floor":1.0,"turns":4.0},{"damage":4.0,"enemies":"Jaw Worm","floor":4.0,"turns":5.0},{"damage":8.0,"enemies":"Small Slimes","floor":5.0,"turns":7.0},{"damage":0,"enemies":"Lagavulin","floor":6,"turns":1}],"seed_played":"456174069669930597","potions_obtained":[{"floor":1.0,"key":"SmokeBomb"}],"is_trial":false,"path_per_floor":["M","$","?","M","M","E"],"character_chosen":"SHAPESHIFTER","items_purchased":[],"campfire_rested":0,"item_purchase_floors":[],"current_hp_per_floor":[59,59,64,60,52,52,52],"gold":90,"neow_bonus":"TRANSFORM_TWO_CARDS","is_daily":false,"chose_seed":false,"campfire_upgraded":0,"win_rate":0.0,"timestamp":1614261701,"path_taken":["M","?","?","M","M","E"],"items_purchased_type":[],"build_version":"2020-12-22","purchased_purges":0,"victory":false,"max_hp_per_floor":[73,73,78,78,78,78,78],"card_choices":[{"not_picked":["StSShapeShifter:CosmicShifter","StSShapeShifter:FoxForm"],"picked":"StSShapeShifter:TopazSkin","floor":1.0},{"not_picked":["StSShapeShifter:OpportuneSwoop","StSShapeShifter:Ensconce","StSShapeShifter:DeerForm"],"picked":"SKIP","floor":4.0},{"not_picked":["StSShapeShifter:SunflowerShuriken","StSShapeShifter:BladeOfGrass"],"picked":"StSShapeShifter:VineHandcuffs","floor":5.0}],"player_experience":1116194,"relics_obtained":[],"event_choices":[{"damage_healed":0.0,"max_hp_gain":5.0,"max_hp_loss":0.0,"gold_gain":0.0,"event_name":"Big Fish","player_choice":"Donut","floor":3.0,"gold_loss":0.0,"damage_taken":0.0}],"is_beta":false,"boss_relics":[],"items_purged_floors":[],"is_endless":false,"potions_floor_spawned":[1],"killed_by":"Lagavulin","ascension_level":17}}