{"host":"p4yrwepmrl4g8pul","time":1614258156,"event":{"mods":["Act Like it!","BaseMod","BetterRewards","Colored Map","Custom Start","Downfall","Gensokyo","Marisa£®ÏF”Í°°ƒß¿Ì…≥£©","Minty Spire (QoL Compilation)","Rare Cards Sparkle","Reimu£®≤©¿ˆ¡È√Œ£©","Remilia£®¿Ÿ√◊¿Ú—«£©","Remove Card Discount Mod","Shop Mod","StSLib","Thieving Mod"],"gold_per_floor":[349,366,26,26,37,67,67,67,80,91,124,141,141,120,134,213,213,213,226,276,288,288,323,376,376,386,420,420,420,440,12,26,102,102,2,18,275,300,300,300,300,300,315,60,87,87,87,105,120,120],"floor_reached":51,"language":"ZHS","playtime":2153,"items_purged":["Strike_RM","Defend_RM","Strike_RM","Strike_RM","Strike_RM","Defend_RM","Defend_RM","Pain","Defend_RM","RedMoon","Lust_TH","Gensokyo:AllTheWorldsEvil","NightLord+1","SuperhumanBloodyKnife+1","ScarletCoffin+1","HunterOfTheNight+1","BloodyCatastrophe+1","downfall:Haunted","ScarletCoffin+1"],"score":1525,"play_id":"c46ba5c7-7ad3-4eb1-a6b3-c6624da78584","local_time":"20210225210236","is_ascension_mode":true,"campfire_choices":[{"data":"ScarletShoot","floor":1.0,"key":"SMITH"},{"data":"UnstableMagic","floor":8.0,"key":"SMITH"},{"data":"BloodyCatastrophe","floor":13.0,"key":"SMITH"},{"data":"ScarletCoffin","floor":18.0,"key":"SMITH"},{"floor":25.0,"key":"REST"},{"floor":29.0,"key":"RECALL"},{"data":"RedNightlessCastle","floor":35.0,"key":"SMITH"},{"data":"MilkyWay","floor":40.0,"key":"SMITH"},{"data":"ForecastOfChange","floor":42.0,"key":"SMITH"},{"floor":47,"key":"REST"}],"circlet_count":0,"master_deck":["AscendersBane","ScarletShoot+1","UnstableMagic+1","UnstableMagic+1","RedNightlessCastle+1","MilkyWay+1","ForecastOfChange+1"],"relics":["ScarletHat","RedBat","WarpedTongs","CrazyTorch:ReiMu","Matryoshka","Blue Candle","Cursed Key","Frozen Egg 2","Orichalcum","Bronze Scales","Bag of Preparation","Juzu Bracelet","Pen Nib","Mummified Hand","PrismaticShard","Blood Vial","Philosopher\u0027s Stone","downfall:HeartBlessingRed","Shuriken","Unceasing Top","Singing Bowl","Toxic Egg 2","Art of War","Question Card"],"acts_visited":["Exordium","TheCity","TheBeyond"],"potions_floor_usage":[50,50],"damage_taken":[{"damage":0.0,"enemies":"Small Slimes","floor":2.0,"turns":4.0},{"damage":0.0,"enemies":"downfall:FleeingMerchant","floor":3.0,"turns":4.0},{"damage":8.0,"enemies":"Cultist","floor":5.0,"turns":3.0},{"damage":20.0,"enemies":"3 Sentries","floor":6.0,"turns":11.0},{"damage":2.0,"enemies":"Jaw Worm","floor":9.0,"turns":3.0},{"damage":7.0,"enemies":"Red Slaver","floor":10.0,"turns":5.0},{"damage":16.0,"enemies":"Lagavulin","floor":11.0,"turns":4.0},{"damage":5.0,"enemies":"3 Louse","floor":12.0,"turns":2.0},{"damage":11.0,"enemies":"downfall:FleeingMerchant","floor":14.0,"turns":4.0},{"damage":4.0,"enemies":"2 Fungi Beasts","floor":15.0,"turns":2.0},{"damage":5.0,"enemies":"SI_SHIV_ARCHETYPE","floor":16.0,"turns":4.0},{"damage":4.0,"enemies":"Spheric Guardian","floor":19.0,"turns":4.0},{"damage":4.0,"enemies":"3 Byrds","floor":21.0,"turns":3.0},{"damage":41.0,"enemies":"Book of Stabbing","floor":23.0,"turns":5.0},{"damage":15.0,"enemies":"Snake Plant","floor":26.0,"turns":4.0},{"damage":6.0,"enemies":"Slavers","floor":27.0,"turns":3.0},{"damage":13.0,"enemies":"Centurion and Healer","floor":30.0,"turns":5.0},{"damage":4.0,"enemies":"downfall:FleeingMerchant","floor":31.0,"turns":4.0},{"damage":0.0,"enemies":"Snecko","floor":32.0,"turns":3.0},{"damage":10.0,"enemies":"WA_ARCHETYPE_CALM","floor":33.0,"turns":7.0},{"damage":21.0,"enemies":"3 Darklings","floor":36.0,"turns":3.0},{"damage":4.0,"enemies":"downfall:FleeingMerchant","floor":37.0,"turns":2.0},{"damage":0.0,"enemies":"downfall:FleeingMerchant","floor":38.0,"turns":3.0},{"damage":0.0,"enemies":"Orb Walker","floor":43.0,"turns":2.0},{"damage":35.0,"enemies":"Reptomancer","floor":45.0,"turns":5.0},{"damage":0,"enemies":"Spire Growth","floor":48,"turns":3},{"damage":0,"enemies":"Jaw Worm Horde","floor":49,"turns":2},{"damage":29,"enemies":"DF_ARCHETYPE_ORBS","floor":50,"turns":4}],"seed_played":"-2809556204257596002","potions_obtained":[{"floor":6.0,"key":"Explosive Potion"},{"floor":11.0,"key":"Weak Potion"},{"floor":16.0,"key":"ZuzhouPotion:ReiMu"},{"floor":26.0,"key":"GrandPatriotsElixir:ReiMu"},{"floor":30.0,"key":"LiquidBronze"},{"floor":32.0,"key":"ColorlessPotion"},{"floor":33.0,"key":"Block Potion"},{"floor":43.0,"key":"MagicPotion:ReiMu"}],"is_trial":false,"path_per_floor":["R","M","$","?","M","E","T","R","M","M","E","M","R","$","M","B",null,"R","M","?","M","?","E","T","R","M","E","?","R","M","$","M","B",null,"R","M","$","?","?","R","T","R","M","$","E","T","R","M","M","B",null],"character_chosen":"REMILIA","items_purchased":["RedBat","SuperhumanBloodyKnife","RedNightlessCastle","PrismaticShard","Blood Vial","ForecastOfChange","Art of War","GrandPatriotsElixir:ReiMu"],"campfire_rested":2,"item_purchase_floors":[3,3,31,31,31,37,44,44],"current_hp_per_floor":[63,63,63,63,61,41,41,41,43,42,41,36,36,31,30,38,57,57,53,53,49,49,33,33,51,42,37,37,37,37,51,62,61,63,63,46,47,63,63,63,63,63,65,65,41,41,61,69,71,71],"gold":120,"neow_bonus":"TWO_FIFTY_GOLD","is_daily":false,"chose_seed":false,"campfire_upgraded":7,"win_rate":0.0,"timestamp":1614258156,"path_taken":["R","M","$","?","?","E","T","R","?","M","E","M","R","$","M","BOSS","R","M","?","?","?","E","T","R","M","E","?","R","M","$","M","BOSS","R","M","$","?","?","R","T","R","M","$","E","?","R","M","M","BOSS"],"items_purchased_type":["Relic","Card","Card","Relic","Relic","Card","Relic","Potion"],"build_version":"2020-12-22","purchased_purges":19,"victory":true,"max_hp_per_floor":[63,63,63,63,63,63,63,63,63,63,63,63,63,63,63,63,63,63,63,63,63,63,63,63,63,63,63,63,63,63,63,63,63,63,63,63,63,63,63,63,63,63,65,65,67,67,67,69,71,71],"card_choices":[{"not_picked":["NightDance","DiffusionOfMisfortune"],"picked":"HunterOfTheNight","floor":2.0},{"not_picked":["BloodHunter","NightDance"],"picked":"UnstableMagic","floor":3.0},{"not_picked":["ScarletDevil","EndlessAdversity","UnderTheZenith"],"picked":"SKIP","floor":5.0},{"not_picked":["ScarletImprint","DiffusionOfMisfortune"],"picked":"UnstableMagic","floor":6.0},{"not_picked":["Septette","BloodyHallows","MastersStateliness"],"picked":"SKIP","floor":9.0},{"not_picked":["MiserableFate","EndlessAdversity","SuperhumanBloodyKnife"],"picked":"SKIP","floor":10.0},{"not_picked":["CharismaGuard","NightDance"],"picked":"BloodyCatastrophe","floor":11.0},{"not_picked":["Septette","ScarletDevil","DiffusionOfMisfortune"],"picked":"SKIP","floor":12.0},{"not_picked":["VampireFantasy","DevilSight","NightDance"],"picked":"SKIP","floor":14.0},{"not_picked":["BloodyTrap","ScarletDream"],"picked":"NightLord","floor":15.0},{"not_picked":["BatForm","CurseOfVladTepes"],"picked":"ScarletCoffin","floor":16.0},{"not_picked":["ScarletDevil+1","ScarletNetherworld","ScarletSymphony"],"picked":"SKIP","floor":19.0},{"not_picked":["ForbiddenFruit","BloodHunter","DiffusionOfMisfortune"],"picked":"SKIP","floor":21.0},{"not_picked":["Stigmanizer","HellCatastrophe","BombardNight"],"picked":"SKIP","floor":23.0},{"not_picked":["EndlessAdversity","ScarletDevil","DiffusionOfMisfortune"],"picked":"SKIP","floor":26.0},{"not_picked":["DemonKingCradle+1","RedRainbow","ScarletSymphony"],"picked":"SKIP","floor":27.0},{"not_picked":["RedRainbow","BadLadyScramble","EndlessAdversity"],"picked":"SKIP","floor":30.0},{"not_picked":["MiserableFate","BloodHunter","TransientEternity+1"],"picked":"SKIP","floor":31.0},{"not_picked":["Intuition:ReiMu","Twin Strike","Rebound"],"picked":"SKIP","floor":32.0},{"not_picked":["Outmaneuver+1","Stigmanizer","sneckomod:UnknownBlock"],"picked":"SKIP","floor":36.0},{"not_picked":["SafetyPray:ReiMu","ScarletSymphony"],"picked":"MilkyWay","floor":37.0},{"not_picked":["Skim+1","FlurryOfBlows","Dagger Spray"],"picked":"Singing Bowl","floor":43.0},{"not_picked":["SealNeedle:ReiMu","Feed","Scrape+1"],"picked":"Singing Bowl","floor":45.0},{"not_picked":["HunterOfTheNight","bronze:Branch","Pommel Strike+1","Guardian:PolyBeam+1"],"picked":"Singing Bowl","floor":48},{"not_picked":["Worship+1","Gensokyo:BrilliantDragonBullet","SafetyPray:ReiMu+1","Endless Agony"],"picked":"Singing Bowl","floor":49}],"player_experience":839884,"relics_obtained":[{"floor":6.0,"key":"CrazyTorch:ReiMu"},{"floor":7.0,"key":"Matryoshka"},{"floor":11.0,"key":"Blue Candle"},{"floor":23.0,"key":"Frozen Egg 2"},{"floor":24.0,"key":"Orichalcum"},{"floor":24.0,"key":"Bronze Scales"},{"floor":27.0,"key":"Bag of Preparation"},{"floor":27.0,"key":"Juzu Bracelet"},{"floor":27.0,"key":"Pen Nib"},{"floor":30.0,"key":"Mummified Hand"},{"floor":37.0,"key":"Shuriken"},{"floor":38.0,"key":"Unceasing Top"},{"floor":41.0,"key":"Singing Bowl"},{"floor":41.0,"key":"Toxic Egg 2"},{"floor":45.0,"key":"Question Card"}],"event_choices":[{"damage_healed":0.0,"max_hp_gain":0.0,"max_hp_loss":0.0,"gold_gain":0.0,"event_name":"Accursed Blacksmith","player_choice":"Rummage","floor":4.0,"gold_loss":0.0,"damage_taken":0.0,"relics_obtained":["WarpedTongs"],"cards_obtained":["Pain"]}],"is_beta":false,"boss_relics":[{"not_picked":["APieceOfRedMist","Runic Pyramid"],"picked":"Cursed Key"},{"not_picked":["Snecko Eye","Tiny House"],"picked":"Philosopher\u0027s Stone"}],"items_purged_floors":[3,3,3,3,3,3,3,14,14,14,31,31,31,31,31,37,37,44,44],"is_endless":false,"potions_floor_spawned":[6,11,12,15,16,23,26,27,30,43,45,48],"ascension_level":20}}