{"host":"wvcyfzs99um8is6a","time":1614223245,"event":{"mods":["AchievementEnabler","BaseMod","Colored Map","Colored Powertips","Highlight Path","Minty Spire (QoL Compilation)","Random Character Button","Relic Filter","StSLib","SuperFastMode"],"gold_per_floor":[117,128,7,107,118,145,30,30,30,30,54,66,91,91,91,190,190,208,38,38,49,62,62,62,62,111,123,142,142,171,9,9,109,109,123,137,154,154,154,154],"floor_reached":39,"language":"ENG","playtime":3739,"items_purged":["Strike_P","Defend_P"],"score":499,"play_id":"890fcc6d-27ef-4f0c-a02c-5b53bfb89621","local_time":"20210224222045","is_ascension_mode":true,"campfire_choices":[{"data":"Vigilance","floor":8.0,"key":"SMITH"},{"floor":10.0,"key":"REST"},{"floor":15.0,"key":"REST"},{"data":"Worship","floor":23.0,"key":"SMITH"},{"data":"BattleHymn","floor":25.0,"key":"SMITH"},{"data":"ConjureBlade","floor":29.0,"key":"SMITH"},{"floor":32.0,"key":"REST"}],"circlet_count":0,"master_deck":["Defend_P","Defend_P+1","Defend_P","Vigilance+1","Devotion","EmptyMind","Wireheading+1","BattleHymn+1","LikeWater","Prostrate","ConjureBlade+1","DeusExMachina+1","Brilliance+1","DeusExMachina+1","Worship+1","Brilliance","Prostrate","LessonLearned","Establishment+1","Worship+1","ReachHeaven"],"relics":["PureWater","Oddly Smooth Stone","Juzu Bracelet","Odd Mushroom","Torii","Astrolabe","Ancient Tea Set","Damaru","VioletLotus"],"acts_visited":["TheCity","TheBeyond"],"potions_floor_usage":[39],"damage_taken":[{"damage":7.0,"enemies":"Jaw Worm","floor":1.0,"turns":4.0},{"damage":0.0,"enemies":"Cultist","floor":2.0,"turns":2.0},{"damage":1.0,"enemies":"Small Slimes","floor":5.0,"turns":5.0},{"damage":36.0,"enemies":"3 Sentries","floor":6.0,"turns":10.0},{"damage":11.0,"enemies":"The Mushroom Lair","floor":11.0,"turns":5.0},{"damage":13.0,"enemies":"3 Louse","floor":12.0,"turns":6.0},{"damage":16.0,"enemies":"Gremlin Nob","floor":13.0,"turns":5.0},{"damage":18.0,"enemies":"Slime Boss","floor":16.0,"turns":6.0},{"damage":15.0,"enemies":"Spheric Guardian","floor":18.0,"turns":4.0},{"damage":23.0,"enemies":"2 Thieves","floor":21.0,"turns":4.0},{"damage":11.0,"enemies":"3 Cultists","floor":22.0,"turns":6.0},{"damage":8.0,"enemies":"Centurion and Healer","floor":27.0,"turns":5.0},{"damage":1.0,"enemies":"Sentry and Sphere","floor":28.0,"turns":4.0},{"damage":11.0,"enemies":"Slavers","floor":30.0,"turns":4.0},{"damage":43.0,"enemies":"Collector","floor":33.0,"turns":7.0},{"damage":36.0,"enemies":"Orb Walker","floor":35.0,"turns":5.0},{"damage":28.0,"enemies":"3 Darklings","floor":36.0,"turns":4.0},{"damage":10.0,"enemies":"Writhing Mass","floor":37.0,"turns":2.0}],"seed_played":"-2882096621975511109","potions_obtained":[{"floor":6.0,"key":"Ancient Potion"},{"floor":11.0,"key":"Block Potion"},{"floor":13.0,"key":"GamblersBrew"},{"floor":16.0,"key":"Fire Potion"},{"floor":18.0,"key":"Regen Potion"},{"floor":22.0,"key":"Swift Potion"},{"floor":28.0,"key":"Dexterity Potion"},{"floor":35.0,"key":"Weak Potion"},{"floor":36.0,"key":"Strength Potion"},{"floor":37.0,"key":"FearPotion"}],"is_trial":false,"path_per_floor":["M","M","$","?","M","E","$","R","T","R","?","M","E","?","R","B",null,"M","$","?","M","M","R","?","R","T","M","M","R","E","$","R","B",null,"M","M","M","?","M"],"character_chosen":"WATCHER","items_purchased":["EmptyMind","Wireheading","LikeWater","Worship","LessonLearned"],"campfire_rested":3,"item_purchase_floors":[3,3,7,19,31],"current_hp_per_floor":[72,72,72,72,71,35,35,35,35,58,47,34,18,11,34,16,79,64,64,64,53,42,42,42,42,42,34,33,33,22,22,45,2,79,43,15,5,5,0,0],"gold":154,"neow_bonus":"TEN_PERCENT_HP_BONUS","is_daily":false,"chose_seed":false,"campfire_upgraded":4,"win_rate":0.0,"timestamp":1614223245,"path_taken":["M","M","$","?","?","E","$","R","T","R","?","M","E","?","R","BOSS","M","$","?","M","M","R","?","R","T","M","M","R","E","$","R","BOSS","M","M","M","?","M"],"items_purchased_type":["Card","Card","Card","Card","Card"],"build_version":"2020-12-22","purchased_purges":2,"victory":false,"max_hp_per_floor":[79,79,79,79,79,79,79,79,79,79,79,79,79,79,79,79,79,79,79,79,79,79,79,79,79,79,79,79,79,79,79,79,79,79,79,79,79,79,79,79],"card_choices":[{"not_picked":["SashWhip","FlyingSleeves","Meditate"],"picked":"SKIP","floor":1.0},{"not_picked":["Consecrate","FlyingSleeves"],"picked":"Devotion","floor":2.0},{"not_picked":["FlyingSleeves","EmptyBody","Evaluate"],"picked":"SKIP","floor":5.0},{"not_picked":["CarveReality","Protect"],"picked":"BattleHymn","floor":6.0},{"not_picked":["WheelKick","Collect"],"picked":"Prostrate","floor":11.0},{"not_picked":["Consecrate","Halt","Protect"],"picked":"SKIP","floor":12.0},{"not_picked":["Fasting2","Scrawl","CrushJoints"],"picked":"SKIP","floor":13.0},{"not_picked":["Omniscience","Scrawl"],"picked":"ConjureBlade","floor":16.0},{"not_picked":["Halt","FollowUp","Consecrate"],"picked":"SKIP","floor":18.0},{"not_picked":["InnerPeace","SandsOfTime"],"picked":"Brilliance","floor":21.0},{"not_picked":["FollowUp","Halt"],"picked":"Prostrate","floor":22.0},{"not_picked":["Vengeance+1","ReachHeaven+1","FlyingSleeves"],"picked":"SKIP","floor":27.0},{"not_picked":["Vengeance+1","ReachHeaven+1","FlyingSleeves"],"picked":"SKIP","floor":27.0},{"not_picked":["Collect","PathToVictory","Conclude+1"],"picked":"SKIP","floor":28.0},{"not_picked":["Consecrate","CarveReality+1","PathToVictory+1"],"picked":"SKIP","floor":30.0},{"not_picked":["DevaForm","DeusExMachina"],"picked":"Establishment","floor":33.0},{"not_picked":["CutThroughFate","PathToVictory+1"],"picked":"Worship+1","floor":35.0},{"not_picked":["BowlingBash","FlurryOfBlows+1","InnerPeace+1"],"picked":"SKIP","floor":36.0},{"not_picked":["SashWhip+1","CrushJoints+1"],"picked":"ReachHeaven","floor":37.0}],"player_experience":1067327,"relics_obtained":[{"floor":6.0,"key":"Oddly Smooth Stone"},{"floor":9.0,"key":"Juzu Bracelet"},{"floor":11.0,"key":"Odd Mushroom"},{"floor":13.0,"key":"Torii"},{"floor":26.0,"key":"Ancient Tea Set"},{"floor":30.0,"key":"Damaru"}],"event_choices":[{"damage_healed":0.0,"max_hp_gain":0.0,"max_hp_loss":0.0,"gold_gain":100.0,"event_name":"Golden Shrine","player_choice":"Pray","floor":4.0,"gold_loss":0.0,"damage_taken":0.0},{"damage_healed":0.0,"max_hp_gain":0.0,"max_hp_loss":0.0,"gold_gain":0.0,"event_name":"Mushrooms","player_choice":"Fought Mushrooms","floor":11.0,"gold_loss":0.0,"damage_taken":0.0},{"cards_removed":["Strike_P"],"damage_healed":0.0,"max_hp_gain":0.0,"max_hp_loss":0.0,"gold_gain":0.0,"event_name":"Golden Wing","player_choice":"Card Removal","floor":14.0,"gold_loss":0.0,"damage_taken":7.0},{"damage_healed":0.0,"max_hp_gain":0.0,"max_hp_loss":0.0,"gold_gain":0.0,"event_name":"Cursed Tome","player_choice":"Ignored","floor":20.0,"gold_loss":0.0,"damage_taken":0.0},{"damage_healed":0.0,"max_hp_gain":0.0,"max_hp_loss":0.0,"gold_gain":0.0,"event_name":"Vampires","player_choice":"Ignored","floor":24.0,"gold_loss":0.0,"damage_taken":0.0},{"damage_healed":0.0,"max_hp_gain":0.0,"max_hp_loss":0.0,"gold_gain":0.0,"event_name":"Mysterious Sphere","player_choice":"Ignored","floor":38.0,"gold_loss":0.0,"damage_taken":0.0}],"is_beta":false,"boss_relics":[{"not_picked":["SlaversCollar","Sozu"],"picked":"Astrolabe"},{"not_picked":["HolyWater","Philosopher\u0027s Stone"],"picked":"VioletLotus"}],"items_purged_floors":[7,19],"is_endless":false,"potions_floor_spawned":[6,11,13,16,18,22,28,35,36,37],"killed_by":"Sphere and 2 Shapes","ascension_level":3}}