{"host":"5qkhoeeerm2epmkk","time":1614212074,"event":{"mods":["Aspiration","BaseMod","Block Reminder","Colored Map","Colored Powertips","Conspire","Custom Start","Energized Spire","GifTheSpireLib","Halation","Jedi Mod","Minty Spire (QoL Compilation)","Quick Restart","Replay The Spire","Shop Mod","StSLib","Stuff the Spire","SuperFastMode","The Animator","Trackpad"],"gold_per_floor":[117,133,160,160,160,160,192,28,51,51,51],"floor_reached":10,"language":"ENG","playtime":493,"items_purged":[],"score":128,"play_id":"ea1482d3-38d5-45d1-a532-7ff1f5c180af","local_time":"20210224191434","is_ascension_mode":true,"campfire_choices":[{"data":"StuffTheSpire:Harmony","floor":6.0,"key":"SMITH"}],"circlet_count":0,"master_deck":["AscendersBane","animator:Strike_Fate","animator:Defend_Fate","animator:Strike","animator:Strike","animator:Strike","animator:Defend","animator:Defend","animator:Defend","animator:Alexander","animator:Rider","animator:Nanami","animator:Nanami","Writhe","StuffTheSpire:Harmony+1","ReplayTheSpireMod:Stacked"],"relics":["animator:LivingPicture","animator:TheMissingPiece","aspiration:Nostalgia","PureWater","PrismaticShard","Molten Egg 2","Dream Catcher","Bag of Marbles"],"acts_visited":["Exordium"],"potions_floor_usage":[7,7],"damage_taken":[{"damage":4.0,"enemies":"Cultist","floor":1.0,"turns":5.0},{"damage":5.0,"enemies":"Jaw Worm","floor":2.0,"turns":4.0},{"damage":16,"enemies":"Lagavulin","floor":7,"turns":6},{"damage":40,"enemies":"3 Sentries","floor":10,"turns":7}],"seed_played":"1584658124336296989","potions_obtained":[{"floor":1.0,"key":"jedi:StrikingPotion"},{"floor":2.0,"key":"Adrenaline Potion"}],"is_trial":false,"path_per_floor":["M","M","T","?","?","R","E","$","T","E"],"character_chosen":"THE_ANIMATOR","items_purchased":["Dream Catcher"],"campfire_rested":0,"item_purchase_floors":[8],"current_hp_per_floor":[50,45,45,45,45,45,32,32,32,0,0],"gold":51,"neow_bonus":"NOSTALGIA","is_daily":false,"chose_seed":false,"campfire_upgraded":1,"win_rate":0.0,"timestamp":1614212074,"path_taken":["M","M","?","?","?","R","E","$","T","E"],"items_purchased_type":["Relic"],"build_version":"2020-12-22","purchased_purges":0,"victory":false,"max_hp_per_floor":[60,60,60,60,60,60,60,60,60,60,60],"card_choices":[{"not_picked":["animator:Mikaela","animator:NarberalGamma"],"picked":"animator:Nanami","floor":1.0},{"not_picked":["animator:Yoichi","animator:TukaLunaMarceau"],"picked":"animator:Nanami","floor":2.0},{"not_picked":["StuffTheSpire:Ambrosia","StuffTheSpire:Brawn"],"picked":"StuffTheSpire:Harmony","floor":5.0},{"not_picked":["animator:Togame","Thunder Strike+1"],"picked":"ReplayTheSpireMod:Stacked","floor":7}],"player_experience":1886453,"relics_obtained":[{"floor":3.0,"key":"Regal Pillow"},{"floor":7,"key":"Molten Egg 2"},{"floor":9,"key":"Bag of Marbles"}],"event_choices":[],"is_beta":false,"boss_relics":[],"items_purged_floors":[],"is_endless":false,"potions_floor_spawned":[1,2],"killed_by":"3 Sentries","ascension_level":20}}