{"host":"2l5k2wp87eek7qja","time":1614269183,"event":{"mods":["BaseMod","Colored Map","Minty Spire (QoL Compilation)","Relic Stats"],"gold_per_floor":[112,112,262,278,97,133,45,386,386,46,46,84,97,97,97,188,188,188,188,68,68,68,68,68,68,68,68,68,68,68,68,68,68,68,68,68,68,68,68,68,68,68,68,68,68,68,68,0,0,0,0,0],"floor_reached":51,"language":"ENG","playtime":3223,"items_purged":["Doubt"],"score":1528,"play_id":"229be5fd-b7a5-42d2-8f9c-5f3af621d57c","local_time":"20210225180623","is_ascension_mode":true,"campfire_choices":[{"floor":15,"key":"REST"},{"data":"Malaise","floor":23,"key":"SMITH"},{"data":"Crippling Poison","floor":25,"key":"SMITH"},{"data":"Deadly Poison","floor":32,"key":"SMITH"},{"data":"Wraith Form v2","floor":41,"key":"SMITH"},{"data":"Caltrops","floor":45,"key":"SMITH"},{"floor":47,"key":"RECALL"},{"floor":49,"key":"REST"}],"circlet_count":0,"master_deck":["AscendersBane","Strike_G","Defend_G","Defend_G","Defend_G","Defend_G","Defend_G","Survivor","Neutralize","Quick Slash","Deadly Poison+1","Noxious Fumes+1","Acrobatics","Crippling Poison","Crippling Poison+1","Caltrops+1","PiercingWail","Malaise+1","Adrenaline","Blade Dance+1","Wraith Form v2+1","Die Die Die+1","Infinite Blades+1","Noxious Fumes+1","Calculated Gamble+1","Phantasmal Killer+1","PiercingWail+1"],"relics":["Ring of the Snake","NeowsBlessing","Golden Idol","InkBottle","Old Coin","Meat on the Bone","Bag of Preparation","Oddly Smooth Stone","Gremlin Horn","Singing Bowl","Ectoplasm","Enchiridion","Shuriken","Omamori","Toxic Egg 2","Astrolabe","Paper Crane","Orichalcum","Du-Vu Doll","StrikeDummy","Red Mask"],"acts_visited":["Exordium","TheCity","TheBeyond"],"potions_floor_usage":[16,20,29,29,40,50,51],"damage_taken":[{"damage":0.0,"enemies":"2 Louse","floor":1.0,"turns":1.0},{"damage":0.0,"enemies":"Small Slimes","floor":4.0,"turns":1.0},{"damage":0.0,"enemies":"3 Sentries","floor":6.0,"turns":1.0},{"damage":32.0,"enemies":"Gremlin Nob","floor":8.0,"turns":4.0},{"damage":22,"enemies":"3 Sentries","floor":12,"turns":6},{"damage":0,"enemies":"Jaw Worm","floor":13,"turns":5},{"damage":19,"enemies":"The Guardian","floor":16,"turns":10},{"damage":12,"enemies":"Chosen","floor":18,"turns":6},{"damage":12,"enemies":"2 Thieves","floor":20,"turns":5},{"damage":14,"enemies":"Snake Plant","floor":21,"turns":6},{"damage":1,"enemies":"Centurion and Healer","floor":24,"turns":8},{"damage":3,"enemies":"Book of Stabbing","floor":27,"turns":7},{"damage":9,"enemies":"Gremlin Leader","floor":29,"turns":4},{"damage":2,"enemies":"Cultist and Chosen","floor":30,"turns":5},{"damage":0,"enemies":"3 Cultists","floor":31,"turns":3},{"damage":28,"enemies":"Automaton","floor":33,"turns":8},{"damage":1,"enemies":"Orb Walker","floor":35,"turns":5},{"damage":0,"enemies":"3 Shapes","floor":38,"turns":5},{"damage":19,"enemies":"Giant Head","floor":40,"turns":8},{"damage":0,"enemies":"Jaw Worm Horde","floor":42,"turns":2},{"damage":15,"enemies":"Nemesis","floor":44,"turns":7},{"damage":36,"enemies":"Giant Head","floor":46,"turns":8},{"damage":24,"enemies":"Awakened One","floor":50,"turns":14},{"damage":32,"enemies":"Time Eater","floor":51,"turns":14}],"seed_played":"-8354884287748290595","potions_obtained":[{"floor":12,"key":"PowerPotion"},{"floor":13,"key":"SkillPotion"},{"floor":16,"key":"Energy Potion"},{"floor":20,"key":"DuplicationPotion"},{"floor":29,"key":"AttackPotion"},{"floor":31,"key":"SteroidPotion"},{"floor":38,"key":"Fire Potion"},{"floor":46,"key":"SpeedPotion"}],"is_trial":false,"path_per_floor":["M","?","?","M","$","E","$","E","T","$","?","E","M","?","R","B",null,"M","?","M","M","?","R","M","R","T","E","T","E","M","M","R","B",null,"M","?","?","M","?","E","R","M","T","E","R","E","R","?","R","B","B"],"character_chosen":"THE_SILENT","items_purchased":["Noxious Fumes","Acrobatics","Crippling Poison","Bag of Preparation","Oddly Smooth Stone"],"campfire_rested":2,"item_purchase_floors":[5,5,7,10,10],"current_hp_per_floor":[59,59,59,59,59,59,59,27,27,27,27,17,29,3,21,14,49,39,39,41,39,18,18,31,31,31,42,42,45,45,47,47,31,62,61,61,57,59,59,40,40,42,42,39,39,17,17,17,40,28,0,0],"gold":0,"neow_bonus":"THREE_ENEMY_KILL","is_daily":false,"chose_seed":false,"campfire_upgraded":5,"win_rate":0.0,"timestamp":1614269183,"path_taken":["M","?","?","M","$","E","$","E","T","$","?","E","?","?","R","BOSS","M","?","M","M","?","R","M","R","T","E","?","E","?","M","R","BOSS","M","?","?","?","?","E","R","M","T","E","R","E","R","?","R","BOSS","BOSS"],"items_purchased_type":["Card","Card","Card","Relic","Relic"],"build_version":"2020-12-22","purchased_purges":1,"victory":false,"max_hp_per_floor":[66,60,60,60,60,60,60,60,60,60,60,60,60,60,60,60,60,62,62,64,64,64,64,66,66,66,68,68,68,70,72,72,72,72,72,72,72,74,74,74,74,76,76,76,76,78,78,78,78,78,78,78],"relic_stats":{"Gremlin Horn":[17,17],"Singing Bowl":18,"counters":[24,143],"Golden Idol":157,"Astrolabe":["Die Die Die","Infinite Blades","Noxious Fumes"],"Bag of Preparation":[40],"Orichalcum":[144],"Shuriken":[34],"Ectoplasm":592,"obtain_stats":[{"NeowsBlessing":0,"Gremlin Horn":12,"Singing Bowl":14,"Golden Idol":2,"Astrolabe":34,"Oddly Smooth Stone":10,"Enchiridion":22,"Bag of Preparation":10,"Omamori":28,"Paper Crane":40,"Orichalcum":43,"Old Coin":8,"Du-Vu Doll":44,"Shuriken":27,"Ectoplasm":17,"Red Mask":48,"Toxic Egg 2":29,"StrikeDummy":46,"InkBottle":6,"Ring of the Snake":0,"Meat on the Bone":9},{"NeowsBlessing":0,"Gremlin Horn":5,"Singing Bowl":6,"Golden Idol":1,"Astrolabe":16,"Oddly Smooth Stone":4,"Enchiridion":10,"Bag of Preparation":4,"Omamori":12,"Paper Crane":19,"Orichalcum":20,"Old Coin":4,"Du-Vu Doll":21,"Shuriken":12,"Ectoplasm":7,"Red Mask":22,"Toxic Egg 2":13,"StrikeDummy":22,"InkBottle":3,"Ring of the Snake":0,"Meat on the Bone":4},{"NeowsBlessing":0,"Gremlin Horn":13,"Singing Bowl":18,"Golden Idol":1,"Astrolabe":80,"Oddly Smooth Stone":7,"Enchiridion":45,"Bag of Preparation":7,"Omamori":60,"Paper Crane":98,"Orichalcum":100,"Old Coin":7,"Du-Vu Doll":107,"Shuriken":60,"Ectoplasm":28,"Red Mask":115,"Toxic Egg 2":64,"StrikeDummy":115,"InkBottle":3,"Ring of the Snake":0,"Meat on the Bone":7}],"InkBottle":[65],"Ring of the Snake":[48],"Meat on the Bone":144},"card_choices":[{"not_picked":["Underhanded Strike","Poisoned Stab"],"picked":"Quick Slash","floor":1.0},{"not_picked":["PiercingWail","Deflect"],"picked":"Deadly Poison","floor":4.0},{"not_picked":["Flying Knee","Finisher"],"picked":"Crippling Poison","floor":6.0},{"not_picked":["Dagger Throw","Backflip"],"picked":"Caltrops","floor":8.0},{"not_picked":["Eviscerate","Grand Finale"],"picked":"PiercingWail","floor":12},{"not_picked":["Underhanded Strike","Concentrate","Terror"],"picked":"SKIP","floor":13},{"not_picked":["Die Die Die","Bullet Time"],"picked":"Malaise","floor":16},{"not_picked":["Bouncing Flask","Cloak And Dagger","Slice+1"],"picked":"Singing Bowl","floor":18},{"not_picked":["Backflip","Poisoned Stab+1","Underhanded Strike"],"picked":"Singing Bowl","floor":20},{"not_picked":["Endless Agony","Caltrops+1"],"picked":"Adrenaline","floor":21},{"not_picked":["Underhanded Strike","Outmaneuver","Sucker Punch"],"picked":"Singing Bowl","floor":24},{"not_picked":["Outmaneuver","Sucker Punch","Skewer"],"picked":"Singing Bowl","floor":27},{"not_picked":["Underhanded Strike","Slice"],"picked":"Blade Dance+1","floor":29},{"not_picked":["Bane+1","Reflex+1","Infinite Blades"],"picked":"Singing Bowl","floor":30},{"not_picked":["Finisher","Dagger Throw+1","Accuracy"],"picked":"Singing Bowl","floor":31},{"not_picked":["Phantasmal Killer+1","Bullet Time+1"],"picked":"Wraith Form v2","floor":33},{"not_picked":["Backflip+1","Tactician+1"],"picked":"Calculated Gamble+1","floor":35},{"not_picked":["Quick Slash","Dodge and Roll+1","Deadly Poison+1"],"picked":"Singing Bowl","floor":38},{"not_picked":["Concentrate+1","Bane+1"],"picked":"Phantasmal Killer+1","floor":40},{"not_picked":["Bane","Deflect+1","Dagger Spray"],"picked":"Singing Bowl","floor":42},{"not_picked":["Dagger Throw","Slice"],"picked":"PiercingWail+1","floor":44},{"not_picked":["Flying Knee+1","Quick Slash","Dagger Spray"],"picked":"Singing Bowl","floor":46}],"player_experience":896184,"relics_obtained":[{"floor":6.0,"key":"InkBottle"},{"floor":8.0,"key":"Old Coin"},{"floor":9.0,"key":"Meat on the Bone"},{"floor":12,"key":"Gremlin Horn"},{"floor":22,"key":"Enchiridion"},{"floor":27,"key":"Shuriken"},{"floor":28,"key":"Omamori"},{"floor":29,"key":"Toxic Egg 2"},{"floor":40,"key":"Paper Crane"},{"floor":43,"key":"Orichalcum"},{"floor":44,"key":"Du-Vu Doll"},{"floor":46,"key":"StrikeDummy"}],"event_choices":[{"damage_healed":0.0,"max_hp_gain":0.0,"max_hp_loss":6.0,"gold_gain":0.0,"event_name":"Golden Idol","player_choice":"Lose Max HP","floor":2.0,"gold_loss":0.0,"damage_taken":0.0,"relics_obtained":["Golden Idol"]},{"damage_healed":0.0,"max_hp_gain":0.0,"max_hp_loss":0.0,"gold_gain":150.0,"event_name":"Liars Game","player_choice":"AGREE","floor":3.0,"gold_loss":0.0,"damage_taken":0.0,"cards_obtained":["Doubt"]},{"damage_healed":0.0,"max_hp_gain":0.0,"max_hp_loss":0.0,"gold_gain":0.0,"event_name":"Living Wall","player_choice":"Grow","floor":11.0,"gold_loss":0.0,"damage_taken":0.0,"cards_upgraded":["Noxious Fumes"]},{"damage_healed":0,"gold_gain":0,"player_choice":"Success","damage_taken":26,"relics_obtained":["Singing Bowl"],"max_hp_gain":0,"max_hp_loss":0,"event_name":"Scrap Ooze","floor":14,"gold_loss":0},{"damage_healed":0,"gold_gain":0,"player_choice":"Ignored","damage_taken":0,"max_hp_gain":0,"max_hp_loss":0,"event_name":"The Mausoleum","floor":19,"gold_loss":0},{"damage_healed":0,"gold_gain":0,"player_choice":"Obtained Book","damage_taken":21,"max_hp_gain":0,"max_hp_loss":0,"event_name":"Cursed Tome","floor":22,"gold_loss":0},{"damage_healed":0,"gold_gain":0,"player_choice":"Ignored","damage_taken":0,"max_hp_gain":0,"max_hp_loss":0,"event_name":"The Moai Head","floor":36,"gold_loss":0},{"damage_healed":0,"gold_gain":0,"player_choice":"Bought 0 Potions","damage_taken":0,"max_hp_gain":0,"max_hp_loss":0,"event_name":"The Woman in Blue","floor":37,"gold_loss":0},{"cards_removed":["Strike_G"],"damage_healed":0,"gold_gain":0,"player_choice":"Removed Attack","damage_taken":0,"max_hp_gain":0,"max_hp_loss":0,"event_name":"Falling","floor":39,"gold_loss":0},{"damage_healed":0,"gold_gain":0,"player_choice":"Paid","damage_taken":0,"relics_obtained":["Red Mask"],"max_hp_gain":0,"max_hp_loss":0,"event_name":"Tomb of Lord Red Mask","floor":48,"gold_loss":68}],"is_beta":false,"boss_relics":[{"not_picked":["Busted Crown","WristBlade"],"picked":"Ectoplasm"},{"not_picked":["Philosopher\u0027s Stone","Tiny House"],"picked":"Astrolabe"}],"items_purged_floors":[5],"is_endless":false,"potions_floor_spawned":[12,13,16,20,27,29,31,33,38,46],"killed_by":"Time Eater","ascension_level":20}}