{"host":"bixuo0n4q745us7v","time":1614282033,"event":{"mods":["2.2 Compatiblity","Act Like it!","Aspiration","BaseMod","Beaked The Cultist","Block Reminder","Custom Start","Downfall","Hubris","Minty Spire (QoL Compilation)","Relic Sorter","Robot Space Explorer","StSLib","The Cursed"],"gold_per_floor":[99,116,136,146,246,273,297,297,307,27,27,37,47,64,77,180,180,180,192,292,77,87,87,87,87,87,97,114,99,199,213,230,230,230,230],"floor_reached":33,"language":"DEU","playtime":3853,"items_purged":["Clumsy"],"score":253,"play_id":"94d30ec4-f24d-4d8f-9bfc-9e9f97ad72d1","local_time":"20210225204033","is_ascension_mode":false,"campfire_choices":[{"data":"Good Instincts","floor":1,"key":"SMITH"},{"floor":8,"key":"REST"},{"floor":11,"key":"REST"},{"data":"bronze:DarkDash","floor":18,"key":"SMITH"}],"circlet_count":0,"master_deck":["bronze:Strike","bronze:Strike","bronze:Strike+1","bronze:Strike","bronze:Defend","bronze:Defend","bronze:Defend","bronze:Defend","bronze:Replicate+1","bronze:Goto","Good Instincts+1","bronze:Boost","bronze:DelayedSlice","bronze:Goto","bronze:BuggyMess","bronze:Return","bronze:HyperBeam","Madness","bronze:HyperBeam","bronze:BronzeOrb","bronze:Branch","expansioncontent:DashGenerateEvil","bronze:ItsAFeature","bronze:DarkDash+1","bronze:Backtrace","bronze:Overload","bronze:Repair","bronze:Overheat","bronze:WhirlingStrike","bronze:Fortify","bronze:FineTuning+1","bronze:Assembly","bronze:DelayedGuard+1","bronze:Repulsor+1"],"relics":["bronze:BronzeCore","downfall:GremlinSack","Whetstone","Blood Vial","Cursed Key","Omamori","hubris:SlimyHat","Nilry\u0027s Codex"],"acts_visited":["Exordium","TheCity"],"potions_floor_usage":[5,6,6,16,16,21,21,32,33],"damage_taken":[{"damage":1,"enemies":"Jaw Worm","floor":2,"turns":4},{"damage":0,"enemies":"Cultist","floor":3,"turns":4},{"damage":0,"enemies":"Small Slimes","floor":4,"turns":3},{"damage":58,"enemies":"Small Slimes","floor":5,"turns":6},{"damage":8,"enemies":"Lagavulin","floor":6,"turns":6},{"damage":12,"enemies":"3 Louse","floor":9,"turns":3},{"damage":1,"enemies":"downfall:FleeingMerchant","floor":10,"turns":4},{"damage":2,"enemies":"Exordium Wildlife","floor":12,"turns":3},{"damage":0,"enemies":"Gremlin Gang","floor":13,"turns":3},{"damage":4,"enemies":"Red Slaver","floor":14,"turns":4},{"damage":0,"enemies":"Blue Slaver","floor":15,"turns":2},{"damage":1,"enemies":"WA_ARCHETYPE_RETAIN","floor":16,"turns":4},{"damage":0,"enemies":"Chosen","floor":19,"turns":3},{"damage":0,"enemies":"downfall:FleeingMerchant","floor":21,"turns":4},{"damage":0,"enemies":"Spheric Guardian","floor":22,"turns":4},{"damage":12,"enemies":"Snake Plant","floor":27,"turns":4},{"damage":0,"enemies":"Snecko","floor":28,"turns":2},{"damage":8,"enemies":"downfall:FleeingMerchant","floor":29,"turns":4},{"damage":6,"enemies":"Centurion and Healer","floor":31,"turns":4},{"damage":7,"enemies":"Cultist and Chosen","floor":32,"turns":6},{"damage":71,"enemies":"SI_MIRROR_ARCHETYPE","floor":33,"turns":8}],"seed_played":"2590835768740703803","potions_obtained":[{"floor":3,"key":"FearPotion"},{"floor":4,"key":"sneckomod:MuddlingPotion"},{"floor":5,"key":"LiquidBronze"},{"floor":12,"key":"FearPotion"},{"floor":14,"key":"DistilledChaos"},{"floor":15,"key":"SteroidPotion"},{"floor":19,"key":"sneckomod:MuddlingPotion"},{"floor":31,"key":"sneckomod:MuddlingPotion"},{"floor":32,"key":"Energy Potion"}],"is_trial":false,"path_per_floor":["R","M","M","M","?","E","T","R","M","$","R","M","M","M","M","B",null,"R","M","?","$","M","?","T","?","?","M","M","$","?","M","M","B"],"character_chosen":"THE_AUTOMATON","items_purchased":["expansioncontent:DashGenerateEvil","Omamori","bronze:Overheat"],"campfire_rested":2,"item_purchase_floors":[10,21,21],"current_hp_per_floor":[70,69,69,69,11,3,3,24,14,15,36,36,38,36,38,39,70,70,70,70,70,70,70,70,54,54,51,53,55,55,51,54,0,0,0],"gold":230,"neow_bonus":"RANDOM_COLORLESS","is_daily":false,"chose_seed":false,"campfire_upgraded":2,"win_rate":0.0,"timestamp":1614282033,"path_taken":["R","M","M","M","?","E","T","R","M","$","R","M","M","M","M","BOSS","R","M","?","$","M","?","T","?","?","M","?","$","?","?","M","BOSS"],"items_purchased_type":["Card","Relic","Card"],"build_version":"2020-12-22","purchased_purges":1,"victory":false,"max_hp_per_floor":[70,70,70,70,70,70,70,70,70,70,70,70,70,70,70,70,70,70,70,70,70,70,70,70,70,70,70,70,70,70,70,70,70,70,70],"card_choices":[{"not_picked":["Finesse","Bandage Up"],"picked":"Good Instincts","floor":0},{"not_picked":["bronze:BuggyMess","bronze:DelayedSlice"],"picked":"bronze:Boost","floor":2},{"not_picked":["bronze:Turbo","bronze:NullPointer"],"picked":"bronze:DelayedSlice","floor":3},{"not_picked":["bronze:ForceShield","bronze:BitShift","bronze:DelayedSlice"],"picked":"SKIP","floor":4},{"not_picked":["bronze:DelayedGuard","bronze:ForceShield"],"picked":"bronze:HyperBeam","floor":6},{"not_picked":["bronze:CutThrough","bronze:FineTuning"],"picked":"bronze:BronzeOrb","floor":9},{"not_picked":["bronze:FollowUp","bronze:Overheat"],"picked":"bronze:Branch","floor":10},{"not_picked":["bronze:Invalidate","bronze:Turbo","bronze:BronzeArmor"],"picked":"SKIP","floor":12},{"not_picked":["bronze:Turbo","bronze:Iterate"],"picked":"bronze:ItsAFeature","floor":13},{"not_picked":["bronze:GetLatest","bronze:Turbo"],"picked":"bronze:DarkDash","floor":14},{"not_picked":["bronze:FineTuning","bronze:ForLoop"],"picked":"bronze:Backtrace","floor":15},{"not_picked":["bronze:OilSpill","bronze:Shield"],"picked":"bronze:Overload","floor":19},{"not_picked":["bronze:Invalidate","bronze:BitShift"],"picked":"bronze:Repair","floor":21},{"not_picked":["bronze:Iterate","bronze:ForceShield"],"picked":"bronze:WhirlingStrike","floor":22},{"not_picked":["bronze:CutThrough","bronze:WhirlingStrike"],"picked":"bronze:Fortify","floor":27},{"not_picked":["bronze:WildBeam","bronze:Safeguard"],"picked":"bronze:FineTuning+1","floor":28},{"not_picked":["bronze:Shield","bronze:BitShift+1"],"picked":"bronze:Assembly","floor":29},{"not_picked":["bronze:GetLatest","bronze:FineTuning"],"picked":"bronze:DelayedGuard+1","floor":31},{"not_picked":["bronze:Deprecate+1","bronze:BuggyMess"],"picked":"bronze:Repulsor+1","floor":32}],"player_experience":614698,"relics_obtained":[{"floor":5,"key":"downfall:GremlinSack"},{"floor":6,"key":"Whetstone"},{"floor":7,"key":"Blood Vial"},{"floor":24,"key":"hubris:SlimyHat"},{"floor":25,"key":"Nilry\u0027s Codex"}],"event_choices":[],"is_beta":false,"boss_relics":[{"not_picked":["Snecko Eye","Coffee Dripper"],"picked":"Cursed Key"}],"items_purged_floors":[10],"is_endless":false,"potions_floor_spawned":[3,4,5,12,14,15,19,31,32],"killed_by":"SI_MIRROR_ARCHETYPE","ascension_level":0}}