{"host":"zk6vb2npgw3pu6j2","time":1614213955,"event":{"mods":["Act Like it!","Aspiration","Bard","BaseMod","Beaked The Cultist","Bestiary","Better Note","Better Sensory Stone","CapriCore","Conspire","Downfall","Friendly Minions","Gensokyo","GifTheSpireLib","Hermit","Hubris","Koishi","Marisa????????","Marked Mod","Minty Spire (QoL Compilation)","Quarter Circle Forward PUNCH!","Reimu??????","Reliquary","Replay The Spire","Retaliation","Ruina","StSLib","The Administrix","The Blue Laboratory","The Bug Knight","The Construct","The Exalted","The Hierophant","The Immortal","The Marked","The Runesmith","The Senshi","The Servant 0.9.4","The Wild Card","TheVacant","Wandering Minibosses","yUi"],"gold_per_floor":[118,118,118,118,133,167,167,201,280,297,311,311,330,363,363,461,461,480,496,456,475,91,102,132,132,211,211,230,230,230,86,86,184,184,194,194,16,27,27,27,46,46,46,74,74,74,74,103,103,103,103],"floor_reached":50,"language":"ENG","playtime":3277,"items_purged":["Defend_S","Strike_S","Strike_S"],"score":536,"play_id":"aae6b8ef-e097-46b3-8a0f-ef39612df265","local_time":"20210224194555","is_ascension_mode":false,"campfire_choices":[{"data":"Thinking Ahead","floor":7,"key":"SMITH"},{"floor":12,"key":"REST"},{"data":"Luminosity","floor":15,"key":"SMITH"},{"floor":25,"key":"REST"},{"floor":27,"key":"REST"},{"floor":30,"key":"REST"},{"data":"Spin","floor":32,"key":"SMITH"},{"floor":40,"key":"RECALL"},{"floor":42,"key":"REST"},{"floor":46,"key":"REST"},{"floor":49,"key":"REST"}],"circlet_count":0,"master_deck":["Strike_S","Strike_S","Defend_S","Defend_S","Defend_S","KidneyShot","Exchange","Starlight","Injury","Thinking Ahead+1","GearUp","Luminosity+1","InstantArmor","ShiftingGears","Barrier","Ricochet","Manipulate+1","FlawlessForm","Contraction","Ricochet+1","BottledTime","Spin+1","Advance","Madness","Rearm","Revamp+1","SpecialFormula+1","TheWorld","Luminosity+1","SilverBlades","Unruled+1","StarChef","Ricochet","Advance"],"relics":["Uniform","aspiration:Nostalgia","bard:PitchPipe","Replay:Mystery Machine","reliquary:SharkskinSheath","Oddly Smooth Stone","Bottled Tornado","MysterySword","MealTicket","Bromod:ArcaneAvenger","Replay:Baseball","aspiration:PoetsPen_weak","reliquary:JackalopeAntler","reliquary:Aerogel","hubris:Icosahedron","reliquary:GummyVitamins","ReplayTheSpireMod:Ninjato"],"acts_visited":["Gensokyo:Gensokyo","Gensokyo:Gensokyoer","Gensokyo:Gensokyoest"],"potions_floor_usage":[16,21,21,23,24,48],"damage_taken":[{"damage":4,"enemies":"Gensokyo:2_Kodama","floor":1,"turns":5},{"damage":0,"enemies":"Gensokyo:3_Fairies","floor":5,"turns":2},{"damage":10,"enemies":"Gensokyo:Aya","floor":6,"turns":9},{"damage":5,"enemies":"Gensokyo:Mamizou","floor":8,"turns":11},{"damage":0,"enemies":"Gensokyo:Gryphon","floor":10,"turns":2},{"damage":0,"enemies":"Gensokyo:LivingMonolith","floor":11,"turns":2},{"damage":0,"enemies":"Gensokyo:2_Rabbits","floor":13,"turns":3},{"damage":7,"enemies":"Gensokyo:Aya","floor":14,"turns":6},{"damage":55,"enemies":"Gensokyo:Kokoro","floor":16,"turns":16},{"damage":7,"enemies":"Gensokyo:2_Gloops","floor":18,"turns":7},{"damage":0,"enemies":"Gensokyo:Chomper","floor":19,"turns":5},{"damage":10,"enemies":"Gensokyo:Slime_Group","floor":21,"turns":7},{"damage":20,"enemies":"Gensokyo:Mirror_and_Dog","floor":23,"turns":4},{"damage":24,"enemies":"Gensokyo:Tenshi","floor":24,"turns":7},{"damage":8,"enemies":"Gensokyo:3_Gloops","floor":28,"turns":3},{"damage":29,"enemies":"Gensokyo:Kaguya","floor":33,"turns":10},{"damage":9,"enemies":"Gensokyo:3_Bats","floor":35,"turns":2},{"damage":4,"enemies":"Gensokyo:3_Boulders","floor":38,"turns":3},{"damage":28,"enemies":"Gensokyo:Sharpion","floor":41,"turns":6},{"damage":34,"enemies":"Gensokyo:Kasen","floor":44,"turns":7},{"damage":36,"enemies":"Gensokyo:Marisa","floor":48,"turns":6},{"damage":65,"enemies":"Gensokyo:Scarlet_Devils","floor":50,"turns":7}],"seed_played":"7510027937316217689","potions_obtained":[{"floor":8,"key":"blueLaboratory:PyrophylliteBrew"},{"floor":11,"key":"blueLaboratory:EmptyBottle"},{"floor":14,"key":"Block Potion"},{"floor":16,"key":"Adrenaline Potion"},{"floor":19,"key":"blueLaboratory:SavagePotion"},{"floor":23,"key":"blueLaboratory:BubblePotion"},{"floor":41,"key":"bronze:BurnAndBuffPotion"},{"floor":44,"key":"blueLaboratory:Moonshine"}],"is_trial":false,"path_per_floor":["M","?","?","?","M","E","R","E","T","M","M","R","M","E","R","B",null,"M","M","?","M","$","M","E","R","T","R","M","?","R","$","R","B",null,"M","?","$","M","$","R","M","R","T","E","?","R","T","E","R","B"],"character_chosen":"THE_SERVANT","items_purchased":["MealTicket","Spin","Advance","Madness","Replay:Baseball","SilverBlades"],"campfire_rested":7,"item_purchase_floors":[22,22,22,22,31,37],"current_hp_per_floor":[61,61,61,61,61,51,51,46,46,46,46,65,65,58,58,3,65,58,58,58,48,48,28,4,23,23,42,34,34,53,65,65,44,65,56,63,65,61,56,56,36,55,55,21,21,40,40,12,31,0,0],"gold":103,"neow_bonus":"NOSTALGIA","is_daily":false,"chose_seed":false,"campfire_upgraded":3,"win_rate":0.0,"timestamp":1614213955,"path_taken":["M","?","?","?","M","E","R","E","T","M","M","R","?","E","R","BOSS","M","?","?","M","$","M","E","R","T","R","M","?","R","?","R","BOSS","M","?","$","M","?","R","M","R","T","E","?","R","?","E","R","BOSS"],"items_purchased_type":["Relic","Card","Card","Card","Relic","Card"],"build_version":"2020-12-22","purchased_purges":3,"victory":false,"max_hp_per_floor":[65,65,65,65,65,65,65,65,65,65,65,65,65,65,65,65,65,65,65,65,65,65,65,65,65,65,65,65,65,65,65,65,65,65,65,65,65,65,65,65,65,65,65,65,65,65,65,65,65,65,65],"card_choices":[{"not_picked":["FastForward","Unruled"],"picked":"Starlight","floor":1},{"not_picked":["Sadistic Nature","Enlightenment"],"picked":"Thinking Ahead","floor":4},{"not_picked":["ShatteredReality","Hightail"],"picked":"GearUp","floor":5},{"not_picked":["Alleviate","Starlight"],"picked":"Luminosity","floor":6},{"not_picked":["Moondial","FastForward"],"picked":"InstantArmor","floor":8},{"not_picked":["Starlight","Shuttle"],"picked":"ShiftingGears","floor":10},{"not_picked":["Starlight","Read"],"picked":"Barrier","floor":11},{"not_picked":["BottledTime","Luminosity"],"picked":"Ricochet","floor":13},{"not_picked":["Deny","Rewind"],"picked":"Manipulate","floor":14},{"not_picked":["Sunlight","Deny"],"picked":"FlawlessForm","floor":16},{"not_picked":["Starlight","ShatteredReality"],"picked":"Contraction","floor":18},{"not_picked":["Contraction","Defy"],"picked":"Ricochet+1","floor":19},{"not_picked":["Defy","ShatteredReality"],"picked":"BottledTime","floor":21},{"not_picked":["Rewind","DoubleEdge"],"picked":"Rearm","floor":23},{"not_picked":["Shuttle","BottledTime"],"picked":"Revamp+1","floor":24},{"not_picked":["Manipulate","ShatteredReality"],"picked":"SpecialFormula+1","floor":28},{"not_picked":["SoulSculpture","Dilation"],"picked":"TheWorld","floor":33},{"not_picked":["TimeWarp","Alleviate"],"picked":"Luminosity+1","floor":35},{"not_picked":["Collapse","Alleviate"],"picked":"Unruled+1","floor":38},{"not_picked":["Foresight+1","Replace+1"],"picked":"StarChef","floor":41},{"not_picked":["Potential","StarChef"],"picked":"Ricochet","floor":44},{"not_picked":["Rearm","SoulSculpture"],"picked":"Advance","floor":48}],"player_experience":314725,"relics_obtained":[{"floor":6,"key":"reliquary:SharkskinSheath"},{"floor":8,"key":"Oddly Smooth Stone"},{"floor":9,"key":"Bottled Tornado"},{"floor":24,"key":"Bromod:ArcaneAvenger"},{"floor":43,"key":"reliquary:JackalopeAntler"},{"floor":44,"key":"reliquary:Aerogel"},{"floor":47,"key":"reliquary:GummyVitamins"},{"floor":48,"key":"ReplayTheSpireMod:Ninjato"}],"event_choices":[{"damage_healed":0,"gold_gain":1,"player_choice":"1","damage_taken":0,"max_hp_gain":0,"max_hp_loss":0,"event_name":"betterStone:BetterStone","floor":4,"gold_loss":0},{"damage_healed":0,"gold_gain":0,"player_choice":"Leave","damage_taken":0,"max_hp_gain":0,"max_hp_loss":0,"event_name":"conspire:Investor","floor":29,"gold_loss":0}],"is_beta":false,"boss_relics":[{"not_picked":["ChewingGum","Ring of Chaos"],"picked":"MysterySword"},{"not_picked":["Calling Bell","Fusion Hammer"],"picked":"aspiration:PoetsPen_weak"}],"items_purged_floors":[22,37,39],"is_endless":false,"potions_floor_spawned":[8,11,14,16,19,23,41,44],"killed_by":"Gensokyo:Scarlet_Devils","ascension_level":0}}