{"host":"seujf6kmfn3ctpoe","time":1614285885,"event":{"mods":["BaseMod","Colored Map","Minty Spire (QoL Compilation)","Permanent Neow","Relic Sorter","Relic Stats","StSLib"],"gold_per_floor":[11,30,40,57,68,100,100,112,112,112,127,127,143,143,143,239,239,255,180,199,199,124,142,167,167,236,253,265,275,309,323,323,428,428,447,467,478,478,478,510,510,523,523,523,523],"floor_reached":44,"language":"ENG","playtime":2491,"items_purged":["Defend_P"],"score":518,"play_id":"4136553c-266e-4873-aa9d-498fbb29b4e1","local_time":"20210225214445","is_ascension_mode":false,"campfire_choices":[{"data":"EmptyFist","floor":10,"key":"SMITH"},{"data":"Evaluate","floor":12,"key":"SMITH"},{"data":"Wallop","floor":15,"key":"SMITH"},{"data":"RitualDagger","floor":25,"key":"SMITH"},{"floor":32,"key":"REST"},{"floor":41,"key":"DIG"}],"circlet_count":0,"master_deck":["Strike_P+1","Strike_P","Strike_P","Defend_P+1","Defend_P","Defend_P+1","Eruption+1","Vigilance","EmptyFist+1","Consecrate+1","Evaluate+1","ClearTheMind+1","InnerPeace+1","Wallop+1","LessonLearned+1","WheelKick+1","Halt","RitualDagger+1","Vengeance","Injury","Clumsy","Crescendo+1","Crescendo+1","Halt","Writhe"],"relics":["PureWater","Gambling Chip","Oddly Smooth Stone","Mercury Hourglass","Ornamental Fan","Cursed Key","Anchor","Bottled Flame","Lantern","SlaversCollar","Blood Vial","Shovel","Meat on the Bone","The Courier"],"acts_visited":["Exordium","TheCity","TheBeyond"],"potions_floor_usage":[18,27,33,44,44,44],"damage_taken":[{"damage":4,"enemies":"Cultist","floor":1,"turns":4},{"damage":2,"enemies":"Small Slimes","floor":2,"turns":4},{"damage":0,"enemies":"Jaw Worm","floor":3,"turns":2},{"damage":0,"enemies":"3 Louse","floor":4,"turns":3},{"damage":2,"enemies":"Looter","floor":5,"turns":3},{"damage":6,"enemies":"Gremlin Nob","floor":6,"turns":3},{"damage":0,"enemies":"Blue Slaver","floor":8,"turns":5},{"damage":3,"enemies":"Exordium Thugs","floor":11,"turns":3},{"damage":1,"enemies":"Exordium Wildlife","floor":13,"turns":2},{"damage":36,"enemies":"The Guardian","floor":16,"turns":11},{"damage":1,"enemies":"3 Byrds","floor":18,"turns":4},{"damage":9,"enemies":"2 Thieves","floor":20,"turns":4},{"damage":13,"enemies":"Snake Plant","floor":23,"turns":5},{"damage":1,"enemies":"Cultist and Chosen","floor":27,"turns":5},{"damage":0,"enemies":"Chosen and Byrds","floor":28,"turns":4},{"damage":0,"enemies":"Shelled Parasite and Fungi","floor":29,"turns":3},{"damage":3,"enemies":"Gremlin Leader","floor":30,"turns":4},{"damage":0,"enemies":"Centurion and Healer","floor":31,"turns":2},{"damage":54,"enemies":"Collector","floor":33,"turns":6},{"damage":0,"enemies":"3 Darklings","floor":35,"turns":3},{"damage":0,"enemies":"3 Shapes","floor":36,"turns":4},{"damage":0,"enemies":"Sphere and 2 Shapes","floor":37,"turns":2},{"damage":0,"enemies":"Giant Head","floor":40,"turns":6},{"damage":39,"enemies":"Maw","floor":42,"turns":6},{"damage":53,"enemies":"Transient","floor":44,"turns":3}],"seed_played":"4994078590162617612","potions_obtained":[{"floor":4,"key":"Regen Potion"},{"floor":5,"key":"Strength Potion"},{"floor":6,"key":"Swift Potion"},{"floor":18,"key":"LiquidBronze"},{"floor":28,"key":"Weak Potion"},{"floor":36,"key":"BottledMiracle"}],"is_trial":false,"path_per_floor":["M","M","M","M","M","E","?","M","T","R","M","R","M","T","R","B",null,"M","$","M","?","?","M","T","R","T","M","M","M","E","M","R","B",null,"M","M","M","?","?","E","R","M","T","M"],"character_chosen":"WATCHER","items_purchased":[],"campfire_rested":1,"item_purchase_floors":[],"current_hp_per_floor":[68,66,66,66,64,58,58,58,58,58,55,55,54,54,54,18,72,71,71,62,56,56,43,43,43,43,42,42,42,39,39,60,6,72,72,72,72,68,68,68,68,41,41,0,0],"gold":523,"neow_bonus":"ONE_RARE_RELIC","is_daily":false,"chose_seed":false,"campfire_upgraded":4,"win_rate":0.0,"timestamp":1614285885,"path_taken":["M","M","M","?","M","E","?","M","T","R","M","R","M","?","R","BOSS","M","$","M","?","?","M","?","R","T","M","?","M","E","M","R","BOSS","M","M","M","?","?","E","R","M","T","M"],"items_purchased_type":[],"build_version":"2020-12-22","purchased_purges":1,"victory":false,"max_hp_per_floor":[72,72,72,72,72,72,72,72,72,72,72,72,72,72,72,72,72,72,72,72,72,72,72,72,72,72,72,72,72,72,72,72,72,72,72,72,72,68,68,68,68,68,68,68,68],"relic_stats":{"Blood Vial":2,"Shovel":1,"counters":[25,100],"Ornamental Fan":[120],"Gambling Chip":[65],"Cursed Key":3,"obtain_stats":[{"Lantern":30,"Oddly Smooth Stone":6,"The Courier":43,"Cursed Key":17,"Mercury Hourglass":9,"Blood Vial":39,"SlaversCollar":34,"Anchor":24,"Bottled Flame":26,"Shovel":40,"Ornamental Fan":14,"Gambling Chip":0,"PureWater":0,"Meat on the Bone":41},{"Lantern":17,"Oddly Smooth Stone":6,"The Courier":24,"Cursed Key":10,"Mercury Hourglass":7,"Blood Vial":22,"SlaversCollar":19,"Anchor":13,"Bottled Flame":13,"Shovel":23,"Ornamental Fan":9,"Gambling Chip":0,"PureWater":0,"Meat on the Bone":23},{"Lantern":68,"Oddly Smooth Stone":19,"The Courier":97,"Cursed Key":39,"Mercury Hourglass":24,"Blood Vial":85,"SlaversCollar":76,"Anchor":52,"Bottled Flame":52,"Shovel":91,"Ornamental Fan":29,"Gambling Chip":0,"PureWater":0,"Meat on the Bone":91}],"Mercury Hourglass":[308],"Meat on the Bone":12},"card_choices":[{"not_picked":["CrushJoints","ThirdEye"],"picked":"EmptyFist","floor":1},{"not_picked":["FlyingSleeves","ReachHeaven"],"picked":"Consecrate","floor":2},{"not_picked":["MentalFortress","SignatureMove"],"picked":"Evaluate","floor":3},{"not_picked":["EmptyBody","EmptyFist","CrushJoints"],"picked":"SKIP","floor":4},{"not_picked":["Omniscience","Evaluate","FlyingSleeves"],"picked":"SKIP","floor":5},{"not_picked":["EmptyMind","Worship"],"picked":"ClearTheMind","floor":6},{"not_picked":["JustLucky","Pray"],"picked":"InnerPeace","floor":8},{"not_picked":["FlyingSleeves","Omniscience","Pray"],"picked":"SKIP","floor":11},{"not_picked":["FollowUp","CutThroughFate"],"picked":"Wallop","floor":13},{"not_picked":["MasterReality","ConjureBlade"],"picked":"LessonLearned","floor":16},{"not_picked":["Prostrate+1","FlyingSleeves"],"picked":"WheelKick","floor":18},{"not_picked":["SashWhip","MentalFortress"],"picked":"Halt","floor":20},{"not_picked":["LikeWater","PathToVictory"],"picked":"Vengeance","floor":23},{"not_picked":["Fasting2","Weave"],"picked":"Crescendo+1","floor":27},{"not_picked":["BowlingBash","JustLucky","CutThroughFate"],"picked":"SKIP","floor":28},{"not_picked":["Brilliance","FlyingSleeves","Collect"],"picked":"SKIP","floor":29},{"not_picked":["SashWhip","EmptyFist+1","LikeWater"],"picked":"SKIP","floor":30},{"not_picked":["EmptyMind+1","PathToVictory","Collect"],"picked":"SKIP","floor":31},{"not_picked":["CutThroughFate","Halt","EmptyFist"],"picked":"SKIP","floor":35},{"not_picked":["BowlingBash","EmptyFist+1","Protect+1"],"picked":"SKIP","floor":36},{"not_picked":["FollowUp+1","CutThroughFate","Ragnarok"],"picked":"SKIP","floor":37},{"not_picked":["Consecrate+1","Protect+1"],"picked":"Crescendo+1","floor":40},{"not_picked":["SignatureMove","Crescendo"],"picked":"Halt","floor":42}],"player_experience":470303,"relics_obtained":[{"floor":6,"key":"Oddly Smooth Stone"},{"floor":9,"key":"Mercury Hourglass"},{"floor":14,"key":"Ornamental Fan"},{"floor":24,"key":"Anchor"},{"floor":26,"key":"Bottled Flame"},{"floor":30,"key":"Lantern"},{"floor":39,"key":"Blood Vial"},{"floor":40,"key":"Shovel"},{"floor":41,"key":"Meat on the Bone"},{"floor":43,"key":"The Courier"}],"event_choices":[{"damage_healed":0,"gold_gain":0,"player_choice":"Grow","damage_taken":0,"max_hp_gain":0,"max_hp_loss":0,"event_name":"Living Wall","floor":7,"gold_loss":0,"cards_upgraded":["Eruption"]},{"damage_healed":0,"gold_gain":0,"player_choice":"Joined the Cult","damage_taken":6,"max_hp_gain":0,"max_hp_loss":0,"event_name":"Nest","floor":21,"gold_loss":0,"cards_obtained":["RitualDagger"]},{"cards_removed":["Strike_P"],"damage_healed":0,"gold_gain":0,"player_choice":"Gave Gold","damage_taken":0,"max_hp_gain":0,"max_hp_loss":0,"event_name":"Beggar","floor":22,"gold_loss":75},{"damage_healed":0,"gold_gain":0,"player_choice":"Max HP","damage_taken":0,"max_hp_gain":0,"max_hp_loss":4,"event_name":"Winding Halls","floor":38,"gold_loss":0},{"damage_healed":0,"gold_gain":0,"player_choice":"Relic","damage_taken":0,"max_hp_gain":0,"max_hp_loss":0,"event_name":"Wheel of Change","floor":39,"gold_loss":0}],"is_beta":false,"boss_relics":[{"not_picked":["Busted Crown","Fusion Hammer"],"picked":"Cursed Key"},{"not_picked":["Black Star","Sozu"],"picked":"SlaversCollar"}],"items_purged_floors":[19],"is_endless":false,"potions_floor_spawned":[4,5,6,13,18,28,29,31,36,40],"killed_by":"Transient","ascension_level":0}}