{"host":"dh4nu8nelr2izibb","time":1614219484,"event":{"mods":["BaseMod","Better Skull","Better Third Choice","Card Filter","Card Forge","Curses Come First","Displayed Cursed Tome","Extra Virgin Snecko Oil","HololiveMod","Marisa????????","Minty Spire (QoL Compilation)","Poor People Problems","Quick Restart","Relic Filter","Reliquary","StSLib","The Servant 0.9.4","WarShipGirlsR/????R mod","Yakumo Yukari mod"],"gold_per_floor":[111,127,144,162,162,162,135,135,135,135,153,178,178,145,145,246,246,259,259,269,51,64,64,64,84,84,116,127,70,70,70,70],"floor_reached":31,"language":"ENG","playtime":1147,"items_purged":[],"score":408,"play_id":"f0709058-d20a-430e-a6e6-297996d7bf54","local_time":"20210224211804","is_ascension_mode":true,"campfire_choices":[{"data":"KidneyShot","floor":6.0,"key":"SMITH"},{"data":"MurderousAura","floor":8.0,"key":"SMITH"},{"data":"1","floor":10.0,"key":"LIFT"},{"data":"2","floor":15,"key":"LIFT"},{"data":"TimeTheft","floor":23,"key":"SMITH"}],"circlet_count":0,"master_deck":["AscendersBane","Strike_S","Strike_S","Strike_S","Strike_S","Defend_S","Defend_S","Defend_S","Defend_S","KidneyShot+1","Exchange","Starlight","GearUp+1","Ricochet+1","MurderousAura+1","TimeTheft+1","FlawlessForm+1","Dilation+1","Comet","RealityMarble","Good Instincts","Defy","Sabotage+1","TimeTheft"],"relics":["Uniform","Hammer of Thor","Seething Fire","Anvil of the Gods","Dream Catcher","Membership Card","Girya","reliquary:Aerogel","Busted Crown","Molten Egg 2","Smiling Mask","reliquary:ExpiredCoupon","reliquary:FerryPass","reliquary:Firecrackers"],"acts_visited":["Exordium","TheCity"],"potions_floor_usage":[12,12,27],"damage_taken":[{"damage":0.0,"enemies":"2 Louse","floor":1.0,"turns":3.0},{"damage":0.0,"enemies":"Small Slimes","floor":2.0,"turns":3.0},{"damage":2.0,"enemies":"Jaw Worm","floor":3.0,"turns":3.0},{"damage":13.0,"enemies":"3 Louse","floor":4.0,"turns":5.0},{"damage":7.0,"enemies":"Blue Slaver","floor":11.0,"turns":4.0},{"damage":21,"enemies":"3 Sentries","floor":12,"turns":5},{"damage":21,"enemies":"The Guardian","floor":16,"turns":10},{"damage":7,"enemies":"3 Byrds","floor":18,"turns":5},{"damage":6,"enemies":"Shell Parasite","floor":20,"turns":5},{"damage":3,"enemies":"Chosen and Byrds","floor":22,"turns":5},{"damage":12,"enemies":"Snake Plant","floor":25,"turns":4},{"damage":10,"enemies":"Gremlin Leader","floor":27,"turns":4},{"damage":12,"enemies":"Cultist and Chosen","floor":28,"turns":5},{"damage":0,"enemies":"Centurion and Healer","floor":31,"turns":1}],"seed_played":"-1509811839347959256","potions_obtained":[{"floor":1.0,"key":"SneckoOil"},{"floor":3.0,"key":"DistilledChaos"},{"floor":11.0,"key":"Regen Potion"},{"floor":25,"key":"LiquidMemories"},{"floor":27,"key":"Fire Potion"}],"is_trial":false,"path_per_floor":["M","M","M","M","?","R","$","R","T","R","M","E","?","?","R","B",null,"M","?","M","$","M","R","?","M","T","E","M","$","?","M"],"character_chosen":"THE_SERVANT","items_purchased":["Membership Card","MurderousAura","Molten Egg 2","RealityMarble","Good Instincts","Sabotage+1","TimeTheft"],"campfire_rested":0,"item_purchase_floors":[7,7,21,21,21,29,29],"current_hp_per_floor":[59,59,57,44,44,44,44,44,44,44,37,30,30,30,30,9,51,44,44,38,38,35,35,35,23,23,13,1,1,1,1,1],"gold":70,"neow_bonus":"RANDOM_COMMON_RELIC","is_daily":false,"chose_seed":false,"campfire_upgraded":3,"win_rate":0.0,"timestamp":1614219484,"path_taken":["M","M","M","M","?","R","$","R","T","R","M","E","?","?","R","BOSS","M","?","M","$","M","R","?","M","T","E","M","$","?","M"],"items_purchased_type":["Relic","Card","Relic","Card","Card","Card","Card"],"build_version":"2020-12-22","purchased_purges":0,"victory":false,"max_hp_per_floor":[65,65,65,65,65,65,65,65,65,65,65,65,65,65,65,65,65,65,65,65,65,65,65,65,65,65,65,65,65,65,65,65],"card_choices":[{"not_picked":["ShatteredReality","Revamp"],"picked":"Starlight","floor":1.0},{"not_picked":["Starlight","StarChef","Potential"],"picked":"SKIP","floor":2.0},{"not_picked":["Gouge","ShatteredReality"],"picked":"GearUp","floor":3.0},{"not_picked":["WasteNot","Alleviate"],"picked":"Ricochet","floor":4.0},{"not_picked":["Spin","Collapse"],"picked":"TimeTheft","floor":11.0},{"not_picked":["Manipulate","Replace"],"picked":"FlawlessForm","floor":12},{"not_picked":["PendulumOfEternity","KillingDoll"],"picked":"Dilation","floor":16},{"not_picked":["FanOfKnives+1"],"picked":"SKIP","floor":18},{"not_picked":[],"picked":"Comet","floor":20},{"not_picked":["ShatteredReality+1"],"picked":"SKIP","floor":22},{"not_picked":["Shuttle"],"picked":"SKIP","floor":25},{"not_picked":[],"picked":"Defy","floor":27},{"not_picked":["ShatteredReality+1"],"picked":"SKIP","floor":28}],"player_experience":1213670,"relics_obtained":[{"floor":9.0,"key":"Girya"},{"floor":12,"key":"reliquary:Aerogel"},{"floor":26,"key":"reliquary:ExpiredCoupon"},{"floor":27,"key":"reliquary:FerryPass"}],"event_choices":[{"damage_healed":0.0,"max_hp_gain":0.0,"max_hp_loss":0.0,"gold_gain":0.0,"event_name":"Living Wall","player_choice":"Grow","floor":5.0,"gold_loss":0.0,"damage_taken":0.0,"cards_upgraded":["Ricochet"]},{"damage_healed":0,"gold_gain":0,"player_choice":"LEAVE","damage_taken":0,"max_hp_gain":0,"max_hp_loss":0,"event_name":"betterThird:BetterScrap","floor":13,"gold_loss":0,"cards_obtained":["Berserk"]},{"damage_healed":0,"gold_gain":0,"player_choice":"Left","damage_taken":0,"max_hp_gain":0,"max_hp_loss":0,"event_name":"betterThird:BetterGoop","floor":14,"gold_loss":33},{"damage_healed":0,"gold_gain":0,"player_choice":"Ignored","damage_taken":0,"max_hp_gain":0,"max_hp_loss":0,"event_name":"Ghosts","floor":19,"gold_loss":0},{"damage_healed":0,"gold_gain":0,"player_choice":"Opened","damage_taken":0,"relics_obtained":["Smiling Mask"],"max_hp_gain":0,"max_hp_loss":0,"event_name":"The Mausoleum","floor":24,"gold_loss":0,"cards_obtained":["Writhe"]},{"damage_healed":0,"gold_gain":0,"player_choice":"Stole Relic","damage_taken":0,"relics_obtained":["reliquary:Firecrackers"],"max_hp_gain":0,"max_hp_loss":0,"event_name":"Addict","floor":30,"gold_loss":0,"cards_obtained":["Shame"]}],"is_beta":false,"boss_relics":[{"not_picked":["Black Star","reliquary:RedCape"],"picked":"Busted Crown"}],"items_purged_floors":[],"is_endless":false,"potions_floor_spawned":[1,3,11,25,27],"killed_by":"Centurion and Healer","ascension_level":12}}