{"host":"tv94t6gxbgkn39zb","time":1614220036,"event":{"mods":["Abigail Mod","Bartender","BaseMod","CCEM2","Dio Mod","Downfall","Fox Events","Gremlin Mod","HololiveMod","Jorbs\u0027s Wanderer Trilogy","Koishi","Minty Spire (QoL Compilation)","Practice Mode","Prisma Mod","READ ME - Guardian Mod","READ ME - Snecko Mod","Rare Cards Sparkle","Reimu??????","Replay The Spire","SCP261 Mod","SIMod","Shade Mod","Shapeshifter Mod","StSLib","The Construct","The Cursed","The Death Knight","The Forsaken","The Hierophant","The Juggle","The Necromancer","The Servant 0.9.4","The Witch","TheVacant","Treasure Hunter","Waifu the Spire"],"gold_per_floor":[119,38,38,58,58,92,92,267,291,291,306,266,285,318,318,318,318],"floor_reached":16,"language":"FRA","playtime":1290,"items_purged":[],"score":133,"play_id":"4d2027ab-7366-41e7-9edf-fd9ef9bc83f7","local_time":"20210225032716","is_ascension_mode":false,"campfire_choices":[{"data":"StSShapeShifter:ReplenishingNectar","floor":7,"key":"SMITH"},{"data":"TH:CopperCoins","floor":10,"key":"SMITH"},{"data":"Doubt","floor":15,"key":"PURGE"}],"circlet_count":0,"master_deck":["StSShapeShifter:ShapeShifter_Strike","StSShapeShifter:ShapeShifter_Strike","StSShapeShifter:ShapeShifter_Strike","StSShapeShifter:ShapeShifter_Strike","StSShapeShifter:ShapeShifter_Strike","StSShapeShifter:ShapeShifter_Defend","StSShapeShifter:ShapeShifter_Defend","StSShapeShifter:ShapeShifter_Defend","StSShapeShifter:ShapeShifter_Defend","StSShapeShifter:ShapeShifter_Defend","StSShapeShifter:Tortoise_Form","StSShapeShifter:Lynx_Form","StSShapeShifter:Rabid","StSShapeShifter:ReplenishingNectar+1","StSShapeShifter:MonkeyForm","TH:CopperCoins+1","StSShapeShifter:SquirrelForm","TH:DeckOfManyThings","StSShapeShifter:ShiftingStrike","StSShapeShifter:FallingLeaves","TH:BikiniMail","StSShapeShifter:FallingLeaves"],"relics":["StSShapeShifter:AnimalHeart","StSShapeShifter:TheShapeShiftersMagnolia","NeowsBlessing","Gremlin Horn","StSShapeShifter:EmeraldPantherFigurine","PaintedHorse:ReiMu","Prayer Wheel"],"acts_visited":["Exordium"],"potions_floor_usage":[14,14],"damage_taken":[{"damage":0,"enemies":"Jaw Worm","floor":1,"turns":1},{"damage":0,"enemies":"2 Louse","floor":4,"turns":2},{"damage":0,"enemies":"3 Sentries","floor":6,"turns":1},{"damage":0,"enemies":"Small Slimes","floor":11,"turns":4},{"damage":4,"enemies":"Exordium Wildlife","floor":13,"turns":3},{"damage":32,"enemies":"Gremlin Nob","floor":14,"turns":5},{"damage":66,"enemies":"Fading Forest","floor":16,"turns":7}],"seed_played":"-1633823481671589573","potions_obtained":[{"floor":1,"key":"SpeedPotion"},{"floor":11,"key":"BlessingOfTheForge"}],"is_trial":false,"path_per_floor":["M","$","?","M","$","E","R","?","T","R","M","?","M","E","R","B"],"character_chosen":"SHAPESHIFTER","items_purchased":["StSShapeShifter:ReplenishingNectar"],"campfire_rested":0,"item_purchase_floors":[2],"current_hp_per_floor":[78,78,83,83,83,83,83,83,83,83,83,83,83,55,55,0,0],"gold":318,"neow_bonus":"THREE_ENEMY_KILL","is_daily":false,"chose_seed":false,"campfire_upgraded":2,"win_rate":0.0,"timestamp":1614220036,"path_taken":["M","$","?","M","$","E","R","?","T","R","M","?","M","E","R","BOSS"],"items_purchased_type":["Card"],"build_version":"2020-12-22","purchased_purges":0,"victory":false,"max_hp_per_floor":[78,78,83,83,83,83,83,83,83,83,83,83,83,83,83,83,83],"card_choices":[{"not_picked":["StSShapeShifter:OwlForm","StSShapeShifter:BearForm"],"picked":"StSShapeShifter:Rabid","floor":1},{"not_picked":["StSShapeShifter:FruitBasket","StSShapeShifter:FallingLeaves"],"picked":"StSShapeShifter:MonkeyForm","floor":4},{"not_picked":["TH:Mimic"],"picked":"TH:CopperCoins","floor":6},{"not_picked":["StSShapeShifter:BloomingSlash","StSShapeShifter:ThornedSkin"],"picked":"StSShapeShifter:SquirrelForm","floor":6},{"not_picked":["TH:TreasureMap"],"picked":"TH:DeckOfManyThings","floor":9},{"not_picked":["StSShapeShifter:WiltingWrath","StSShapeShifter:SunflowerShuriken"],"picked":"StSShapeShifter:ShiftingStrike","floor":11},{"not_picked":["StSShapeShifter:Sapling","StSShapeShifter:ThornedSkin"],"picked":"StSShapeShifter:FallingLeaves","floor":13},{"not_picked":["TH:CopperCoins"],"picked":"TH:BikiniMail","floor":14},{"not_picked":["StSShapeShifter:VineHandcuffs","StSShapeShifter:ThornToss"],"picked":"StSShapeShifter:FallingLeaves","floor":14}],"player_experience":358943,"relics_obtained":[{"floor":6,"key":"Gremlin Horn"},{"floor":9,"key":"StSShapeShifter:EmeraldPantherFigurine"},{"floor":14,"key":"Prayer Wheel"}],"event_choices":[{"damage_healed":0,"gold_gain":0,"player_choice":"Donut","damage_taken":0,"max_hp_gain":5,"max_hp_loss":0,"event_name":"Big Fish","floor":3,"gold_loss":0},{"damage_healed":0,"gold_gain":175,"player_choice":"AGREE","damage_taken":0,"max_hp_gain":0,"max_hp_loss":0,"event_name":"Liars Game","floor":8,"gold_loss":0,"cards_obtained":["Doubt"]},{"damage_healed":0,"gold_gain":0,"player_choice":"Donate","damage_taken":0,"relics_obtained":["PaintedHorse:ReiMu"],"max_hp_gain":0,"max_hp_loss":0,"event_name":"yidonshenshe","floor":12,"gold_loss":40}],"is_beta":false,"boss_relics":[],"items_purged_floors":[],"is_endless":false,"potions_floor_spawned":[1,11],"killed_by":"Fading Forest","ascension_level":0}}