{"host":"rolltorest","time":1614222438,"event":{"mods":["BaseMod","Minty Spire (QoL Compilation)","Relic Stats","Slay the Relics Exporter","StSLib"],"gold_per_floor":[118,193,204,204,222,252,263,263,263],"floor_reached":8,"language":"ENG","playtime":179,"items_purged":[],"score":116,"play_id":"db9e2ebe-eef6-47c5-b71a-87a3488ef0cd","local_time":"20210224190718","is_ascension_mode":true,"campfire_choices":[],"circlet_count":0,"master_deck":["AscendersBane","Strike_P","Strike_P","Strike_P","Defend_P","Defend_P","Defend_P","Defend_P","Eruption","Vigilance","SandsOfTime","ThirdEye","DeceiveReality","ForeignInfluence","CutThroughFate"],"relics":["SlaversCollar","Sundial"],"acts_visited":["Exordium"],"potions_floor_usage":[6],"damage_taken":[{"damage":2,"enemies":"2 Louse","floor":1,"turns":4},{"damage":7,"enemies":"Small Slimes","floor":3,"turns":3},{"damage":10,"enemies":"Cultist","floor":5,"turns":4},{"damage":16,"enemies":"Gremlin Nob","floor":6,"turns":3},{"damage":7,"enemies":"2 Fungi Beasts","floor":7,"turns":4},{"damage":0,"enemies":"3 Sentries","floor":8,"turns":1}],"seed_played":"5407495780995844383","potions_obtained":[{"floor":1,"key":"SteroidPotion"},{"floor":6,"key":"Explosive Potion"}],"is_trial":false,"path_per_floor":["M","?","M","?","M","E","M","E"],"character_chosen":"WATCHER","items_purchased":[],"campfire_rested":0,"item_purchase_floors":[],"current_hp_per_floor":[59,48,41,41,31,15,8,8,8],"gold":263,"neow_bonus":"BOSS_RELIC","is_daily":false,"chose_seed":false,"campfire_upgraded":0,"win_rate":0.0,"timestamp":1614222438,"path_taken":["M","?","M","?","?","E","M","E"],"items_purchased_type":[],"build_version":"2020-12-18","purchased_purges":0,"victory":false,"max_hp_per_floor":[68,68,68,68,68,68,68,68,68],"relic_stats":{"counters":[6,19],"Sundial":[0],"obtain_stats":[{"SlaversCollar":0,"Sundial":6,"PureWater":0},{"SlaversCollar":0,"Sundial":4,"PureWater":0},{"SlaversCollar":0,"Sundial":14,"PureWater":0}]},"card_choices":[{"not_picked":["Wireheading","BowlingBash"],"picked":"SandsOfTime","floor":1},{"not_picked":["Prostrate","CrushJoints"],"picked":"ThirdEye","floor":3},{"not_picked":["Collect","BattleHymn"],"picked":"DeceiveReality","floor":5},{"not_picked":["MasterReality","WindmillStrike"],"picked":"ForeignInfluence","floor":6},{"not_picked":["FlurryOfBlows","FlyingSleeves"],"picked":"CutThroughFate","floor":7}],"player_experience":2032549,"relics_obtained":[{"floor":6,"key":"Sundial"}],"event_choices":[{"damage_healed":0,"gold_gain":75,"player_choice":"Gather Gold","damage_taken":11,"max_hp_gain":0,"max_hp_loss":0,"event_name":"World of Goop","floor":2,"gold_loss":0},{"cards_removed":["Strike_P"],"damage_healed":0,"gold_gain":0,"player_choice":"Offered Basic","damage_taken":0,"max_hp_gain":0,"max_hp_loss":0,"event_name":"Bonfire Elementals","floor":4,"gold_loss":0}],"is_beta":true,"boss_relics":[],"items_purged_floors":[],"is_endless":false,"potions_floor_spawned":[1,6],"killed_by":"3 Sentries","ascension_level":20}}