{"host":"snd6571rw3150vxe","time":1614270297,"event":{"mods":["AchievementEnabler","BaseMod","Bestiary","Block Reminder","Colored Powertips","Dark Map","Highlight Path","Minty Spire (QoL Compilation)","Quick Restart","Random Character Button","Relic Stats","StSLib","Weighted Paths","slay the spire mod where everything is the same but ironclad has a cowboy hat"],"gold_per_floor":[217,217,235,235,252,237,272,347,347,27,59,59,77,88,88,88,88],"floor_reached":16,"language":"ENG","playtime":642,"items_purged":["Defend_R"],"score":112,"play_id":"ab451d0f-73dc-4270-b565-7a951ad0f5be","local_time":"20210225182457","is_ascension_mode":false,"campfire_choices":[{"data":"1","floor":12,"key":"LIFT"},{"data":"2","floor":15,"key":"LIFT"}],"circlet_count":0,"master_deck":["Strike_R","Strike_R","Strike_R","Strike_R","Defend_R","Defend_R","Defend_R","Bash"],"relics":["Burning Blood","Lantern","Girya","Frozen Egg 2","Meat on the Bone","Question Card"],"acts_visited":["Exordium"],"potions_floor_usage":[7,11,11],"damage_taken":[{"damage":3.0,"enemies":"Small Slimes","floor":1.0,"turns":3.0},{"damage":1.0,"enemies":"Jaw Worm","floor":3.0,"turns":3.0},{"damage":0.0,"enemies":"2 Louse","floor":5.0,"turns":2.0},{"damage":10.0,"enemies":"Exordium Thugs","floor":6.0,"turns":4.0},{"damage":17,"enemies":"3 Sentries","floor":7,"turns":8},{"damage":15,"enemies":"Lagavulin","floor":11,"turns":4},{"damage":1,"enemies":"3 Louse","floor":13,"turns":5},{"damage":32,"enemies":"Exordium Wildlife","floor":14,"turns":5},{"damage":46,"enemies":"Slime Boss","floor":16,"turns":8}],"seed_played":"-5679045550303745373","potions_obtained":[{"floor":1.0,"key":"DistilledChaos"},{"floor":3.0,"key":"Strength Potion"},{"floor":6.0,"key":"PowerPotion"},{"floor":14,"key":"Ancient Potion"}],"is_trial":false,"path_per_floor":["M","?","M","?","M","M","E","?","T","$","E","R","M","M","R","B"],"character_chosen":"IRONCLAD","items_purchased":["Meat on the Bone"],"campfire_rested":0,"item_purchase_floors":[10],"current_hp_per_floor":[80,73,78,66,72,68,57,46,46,46,49,49,54,40,40,0,0],"gold":88,"neow_bonus":"HUNDRED_GOLD","is_daily":false,"chose_seed":false,"campfire_upgraded":0,"win_rate":0.0,"timestamp":1614270297,"path_taken":["M","?","M","?","M","M","E","?","T","$","E","R","M","M","R","BOSS"],"items_purchased_type":["Relic"],"build_version":"2020-12-22","purchased_purges":1,"victory":false,"max_hp_per_floor":[80,80,80,80,80,80,80,80,80,80,80,80,80,80,80,80,80],"relic_stats":{"counters":[9,42],"Question Card":2,"obtain_stats":[{"Girya":7,"Lantern":4,"Frozen Egg 2":9,"Question Card":11,"Burning Blood":0,"Meat on the Bone":10},{"Girya":5,"Lantern":2,"Frozen Egg 2":5,"Question Card":6,"Burning Blood":0,"Meat on the Bone":5},{"Girya":20,"Lantern":6,"Frozen Egg 2":20,"Question Card":24,"Burning Blood":0,"Meat on the Bone":20}],"Burning Blood":45,"Meat on the Bone":24},"card_choices":[{"not_picked":["Dual Wield","Havoc","Combust"],"picked":"SKIP","floor":1.0},{"not_picked":["True Grit","Ghostly Armor","Clothesline"],"picked":"SKIP","floor":3.0},{"not_picked":["Metallicize","Iron Wave","Heavy Blade"],"picked":"SKIP","floor":5.0},{"not_picked":["Armaments","Sword Boomerang","Havoc"],"picked":"SKIP","floor":6.0},{"not_picked":["Wild Strike","Flex","Dark Embrace"],"picked":"SKIP","floor":7},{"not_picked":["Armaments","Searing Blow","Flex"],"picked":"SKIP","floor":11},{"not_picked":["Twin Strike","Juggernaut+1","Heavy Blade","Flex"],"picked":"SKIP","floor":13},{"not_picked":["Battle Trance","Dark Embrace+1","Armaments","Uppercut"],"picked":"SKIP","floor":14}],"player_experience":424694,"relics_obtained":[{"floor":7,"key":"Girya"},{"floor":9,"key":"Frozen Egg 2"},{"floor":11,"key":"Question Card"}],"event_choices":[{"cards_removed":["Strike_R"],"damage_healed":0.0,"max_hp_gain":0.0,"max_hp_loss":0.0,"gold_gain":0.0,"event_name":"Golden Wing","player_choice":"Card Removal","floor":2.0,"gold_loss":0.0,"damage_taken":7.0},{"damage_healed":0.0,"max_hp_gain":0.0,"max_hp_loss":0.0,"gold_gain":0.0,"event_name":"Scrap Ooze","player_choice":"Success","floor":4.0,"gold_loss":0.0,"damage_taken":12.0,"relics_obtained":["Lantern"]},{"damage_healed":0,"gold_gain":75,"player_choice":"Gather Gold","damage_taken":11,"max_hp_gain":0,"max_hp_loss":0,"event_name":"World of Goop","floor":8,"gold_loss":0}],"is_beta":false,"boss_relics":[],"items_purged_floors":[10],"is_endless":false,"potions_floor_spawned":[1,3,6,14],"killed_by":"Slime Boss","ascension_level":0}}