{"host":"spd19cimorv47raq","time":1614269267,"event":{"mods":["AchievementEnabler","BaseMod","Colored Map","DeckTracker","Keyboard Shortcuts","Minty Spire (QoL Compilation)","Quick Restart","StSLib","SuperFastMode"],"gold_per_floor":[115,129,139,139,155,155,165,340,340,340,32,32,58,71,71,169,169,188,188,113,140,23,23,353,353,353,386,386,85,101,26,26,122,122,138,138,149,149,161,161,173,192,192,192,219,219,233,233,233,233],"floor_reached":51,"language":"KOR","playtime":1561,"items_purged":["Doubt","Strike_R","Strike_R"],"score":763,"play_id":"3f2aec1e-1788-43b9-b15f-2ea0f0f8aa76","local_time":"20210226010747","is_ascension_mode":false,"campfire_choices":[{"data":"Reckless Charge","floor":6.0,"key":"SMITH"},{"data":"Blood for Blood","floor":12,"key":"SMITH"},{"data":"Whirlwind","floor":15,"key":"SMITH"},{"data":"Heavy Blade","floor":23,"key":"SMITH"},{"floor":25,"key":"REST"},{"data":"Bash","floor":28,"key":"SMITH"},{"data":"Clothesline","floor":32,"key":"SMITH"},{"floor":40,"key":"REST"},{"data":"Feel No Pain","floor":44,"key":"SMITH"},{"data":"Corruption","floor":46,"key":"SMITH"},{"floor":49,"key":"REST"}],"circlet_count":0,"master_deck":["Strike_R","Strike_R+1","Defend_R","Defend_R","Defend_R","Defend_R","Bash+1","Wild Strike+1","Pummel","Clothesline+1","Reckless Charge+1","Blood for Blood+1","Apotheosis+1","Shrug It Off+1","Battle Trance+1","Whirlwind+1","Double Tap+1","Spot Weakness+1","Heavy Blade+1","Blind+1","Disarm+1","Flex+1","Fiend Fire","Enlightenment+1","Entrench+1","Rage+1","Power Through+1","Havoc+1","Corruption+1","CurseOfTheBell","Feel No Pain+1","Madness+1","Madness+1","Pommel Strike+1","Sentinel+1","Shockwave+1","Impatience+1","Trip+1","Purity+1"],"relics":["Burning Blood","Bird Faced Urn","Toxic Egg 2","Red Skull","Velvet Choker","Red Mask","Old Coin","Mango","Smiling Mask","Calling Bell","Dead Branch","Self Forming Clay","Oddly Smooth Stone","Blood Vial","Question Card"],"acts_visited":["Exordium","TheCity","TheBeyond"],"potions_floor_usage":[18,21,24,27,33,42,45,50,50],"damage_taken":[{"damage":3.0,"enemies":"Jaw Worm","floor":1.0,"turns":4.0},{"damage":0.0,"enemies":"Small Slimes","floor":2.0,"turns":3.0},{"damage":0.0,"enemies":"2 Louse","floor":3.0,"turns":2.0},{"damage":3.0,"enemies":"2 Fungi Beasts","floor":5.0,"turns":3.0},{"damage":5.0,"enemies":"Blue Slaver","floor":7.0,"turns":3.0},{"damage":14,"enemies":"Gremlin Nob","floor":13,"turns":3},{"damage":4,"enemies":"Gremlin Gang","floor":14,"turns":6},{"damage":48,"enemies":"The Guardian","floor":16,"turns":9},{"damage":8,"enemies":"Shell Parasite","floor":18,"turns":5},{"damage":19,"enemies":"Masked Bandits","floor":21,"turns":4},{"damage":33,"enemies":"Slavers","floor":24,"turns":5},{"damage":11,"enemies":"Book of Stabbing","floor":27,"turns":6},{"damage":0,"enemies":"3 Byrds","floor":30,"turns":4},{"damage":32,"enemies":"Collector","floor":33,"turns":8},{"damage":21,"enemies":"3 Shapes","floor":35,"turns":4},{"damage":27,"enemies":"3 Darklings","floor":37,"turns":7},{"damage":0,"enemies":"Jaw Worm Horde","floor":39,"turns":1},{"damage":3,"enemies":"Spire Growth","floor":41,"turns":5},{"damage":27,"enemies":"3 Darklings","floor":42,"turns":5},{"damage":25,"enemies":"Giant Head","floor":45,"turns":7},{"damage":0,"enemies":"Sphere and 2 Shapes","floor":47,"turns":3},{"damage":23,"enemies":"Time Eater","floor":50,"turns":6}],"seed_played":"2258037243491430897","potions_obtained":[{"floor":2.0,"key":"SpeedPotion"},{"floor":5.0,"key":"Ancient Potion"},{"floor":14,"key":"EssenceOfSteel"},{"floor":24,"key":"EssenceOfSteel"},{"floor":27,"key":"Explosive Potion"},{"floor":38,"key":"BloodPotion"},{"floor":38,"key":"GamblersBrew"},{"floor":39,"key":"Block Potion"},{"floor":47,"key":"EssenceOfSteel"}],"is_trial":false,"path_per_floor":["M","M","M","?","M","R","M","?","T","?","$","R","E","M","R","B",null,"M","?","?","?","$","R","E","R","T","E","R","$","M","$","R","B",null,"M","?","M","?","M","R","M","M","T","R","E","R","M","?","R","B",null],"character_chosen":"IRONCLAD","items_purchased":["Apotheosis+1","Shrug It Off+1","Blind+1","Disarm+1","Enlightenment+1","Entrench+1","Rage+1","SkillPotion","Havoc+1"],"campfire_rested":3,"item_purchase_floors":[11,11,22,22,29,29,29,29,31],"current_hp_per_floor":[72,72,72,58,61,61,62,62,62,67,67,67,59,61,61,19,77,75,75,75,62,62,62,35,58,72,67,67,67,73,73,73,47,91,78,67,48,48,54,81,86,82,82,82,69,69,79,69,91,76],"gold":233,"neow_bonus":"ONE_RARE_RELIC","is_daily":false,"chose_seed":false,"campfire_upgraded":8,"win_rate":0.0,"timestamp":1614269267,"path_taken":["M","M","M","?","M","R","M","?","T","?","$","R","E","M","R","BOSS","M","?","?","?","$","R","E","R","T","E","R","$","M","?","R","BOSS","M","?","M","?","?","R","M","?","T","R","E","R","M","?","R","BOSS"],"items_purchased_type":["Card","Card","Card","Card","Card","Card","Card","Potion","Card"],"build_version":"2020-12-22","purchased_purges":3,"victory":true,"max_hp_per_floor":[72,72,72,72,72,72,72,72,72,77,77,77,77,77,77,77,77,77,77,77,77,77,77,77,77,91,91,91,91,91,91,91,91,91,91,91,91,91,91,91,91,91,91,91,91,91,91,91,91,91],"card_choices":[{"not_picked":["Iron Wave","Shrug It Off"],"picked":"Wild Strike","floor":1.0},{"not_picked":["Twin Strike","Headbutt"],"picked":"Pummel","floor":2.0},{"not_picked":["Combust","Shrug It Off"],"picked":"Clothesline","floor":3.0},{"not_picked":["Pommel Strike","Ghostly Armor"],"picked":"Reckless Charge","floor":5.0},{"not_picked":["Twin Strike","Dropkick"],"picked":"Blood for Blood","floor":7.0},{"not_picked":["Brutality","Cleave"],"picked":"Battle Trance+1","floor":13},{"not_picked":["Shrug It Off+1","Perfected Strike"],"picked":"Whirlwind","floor":14},{"not_picked":["Limit Break+1","Impervious+1"],"picked":"Double Tap+1","floor":16},{"not_picked":["Pommel Strike","Rage+1"],"picked":"Spot Weakness+1","floor":18},{"not_picked":["Headbutt","Twin Strike"],"picked":"Heavy Blade","floor":21},{"not_picked":["Headbutt+1","Sword Boomerang+1"],"picked":"Flex+1","floor":24},{"not_picked":["Hemokinesis","Headbutt"],"picked":"Fiend Fire","floor":27},{"not_picked":["Shrug It Off+1","Thunderclap+1"],"picked":"Power Through+1","floor":30},{"not_picked":["Berserk","Juggernaut"],"picked":"Corruption","floor":33},{"not_picked":["Carnage","Clash"],"picked":"Feel No Pain","floor":35},{"not_picked":["Rupture+1","Headbutt","Shrug It Off+1"],"picked":"SKIP","floor":37},{"not_picked":["Sever Soul+1","Hemokinesis"],"picked":"Pommel Strike+1","floor":39},{"not_picked":["Whirlwind","Armaments+1"],"picked":"Sentinel+1","floor":41},{"not_picked":["Warcry+1","Intimidate+1"],"picked":"Shockwave+1","floor":42},{"not_picked":["Wild Strike","Demon Form","Searing Blow+1"],"picked":"SKIP","floor":45},{"not_picked":["Rampage+1","Perfected Strike+1","Wild Strike+1","Headbutt+1"],"picked":"SKIP","floor":47},{"not_picked":["Swift Strike","Finesse+1","Panache"],"picked":"Impatience+1","floor":48},{"not_picked":["Transmutation+1","Master of Strategy+1","Panacea+1"],"picked":"Trip+1","floor":48},{"not_picked":["Panache","PanicButton+1","Mind Blast"],"picked":"Purity+1","floor":48}],"player_experience":913643,"relics_obtained":[{"floor":9.0,"key":"Toxic Egg 2"},{"floor":13,"key":"Red Skull"},{"floor":21,"key":"Red Mask"},{"floor":24,"key":"Old Coin"},{"floor":26,"key":"Mango"},{"floor":27,"key":"Smiling Mask"},{"floor":34,"key":"Dead Branch"},{"floor":34,"key":"Self Forming Clay"},{"floor":34,"key":"Oddly Smooth Stone"},{"floor":43,"key":"Blood Vial"},{"floor":45,"key":"Question Card"}],"event_choices":[{"damage_healed":0.0,"max_hp_gain":0.0,"max_hp_loss":0.0,"gold_gain":0.0,"event_name":"Shining Light","player_choice":"Entered Light","floor":4.0,"gold_loss":0.0,"damage_taken":14.0,"cards_upgraded":["Strike_R","Wild Strike"]},{"damage_healed":0.0,"max_hp_gain":0.0,"max_hp_loss":0.0,"gold_gain":175.0,"event_name":"Liars Game","player_choice":"AGREE","floor":8.0,"gold_loss":0.0,"damage_taken":0.0,"cards_obtained":["Doubt"]},{"damage_healed":0.0,"max_hp_gain":5.0,"max_hp_loss":0.0,"gold_gain":0.0,"event_name":"Big Fish","player_choice":"Donut","floor":10.0,"gold_loss":0.0,"damage_taken":0.0},{"damage_healed":0,"gold_gain":0,"player_choice":"Ignored","damage_taken":0,"max_hp_gain":0,"max_hp_loss":0,"event_name":"Vampires","floor":19,"gold_loss":0},{"cards_removed":["Strike_R"],"damage_healed":0,"gold_gain":0,"player_choice":"Gave Gold","damage_taken":0,"max_hp_gain":0,"max_hp_loss":0,"event_name":"Beggar","floor":20,"gold_loss":75},{"damage_healed":0,"gold_gain":0,"player_choice":"Fought Bandits","damage_taken":0,"max_hp_gain":0,"max_hp_loss":0,"event_name":"Masked Bandits","floor":21,"gold_loss":0},{"damage_healed":0,"gold_gain":0,"player_choice":"Embrace Madness","damage_taken":11,"max_hp_gain":0,"max_hp_loss":0,"event_name":"Winding Halls","floor":36,"gold_loss":0,"cards_obtained":["Madness","Madness"]},{"damage_healed":0,"gold_gain":0,"player_choice":"Got Potions","damage_taken":0,"max_hp_gain":0,"max_hp_loss":0,"event_name":"Lab","floor":38,"gold_loss":0},{"damage_healed":0,"gold_gain":0,"player_choice":"Memory 3","damage_taken":10,"max_hp_gain":0,"max_hp_loss":0,"event_name":"SensoryStone","floor":48,"gold_loss":0}],"is_beta":false,"boss_relics":[{"not_picked":["Black Blood","Tiny House"],"picked":"Velvet Choker"},{"not_picked":["Coffee Dripper","Philosopher\u0027s Stone"],"picked":"Calling Bell"}],"items_purged_floors":[11,29,31],"is_endless":false,"potions_floor_spawned":[2,5,14,24,27,39,47],"ascension_level":0}}