{"host":"e4udrxcgdvpx3wcj","time":1614212177,"event":{"mods":["Act Like it!","Aspiration","Astrologer","BaseMod","Gensokyo","Highlight Path","Infinite Spire","Koishi","Marisa????????","Minty Spire (QoL Compilation)","Replay The Spire","StSLib","SuperFastMode","The Bug Knight","The Construct","The Jungle","The Runesmith","The Servant 0.9.4","TheBandit"],"gold_per_floor":[111,111,111,124,2,37,37,64,64,92,112,112,112,141,141,217,217,228,228,80,100,120,120,320,320],"floor_reached":24,"language":"ENG","playtime":892,"items_purged":[],"score":504,"play_id":"7329a880-ee3f-414a-b16c-81f9610b49bb","local_time":"20210224191617","is_ascension_mode":true,"campfire_choices":[{"data":"Noxious Fumes","floor":7,"key":"SMITH"},{"floor":13,"key":"REST"},{"floor":15,"key":"REST"},{"data":"Corpse Explosion","floor":23,"key":"SMITH"},{"data":"Adrenaline","floor":23,"key":"SMITH"}],"circlet_count":0,"master_deck":["AscendersBane","Strike_G","Strike_G","Strike_G","Defend_G","Defend_G","Defend_G","Defend_G","Survivor","Neutralize+1","Distraction","Terror+1","Noxious Fumes+1","Deflect","Poisoned Stab","PiercingWail","Adrenaline+1","Atom Bomb","Corpse Explosion+1","Leg Sweep","Gensokyo:BlemishedSteel","Gensokyo:ReactiveArmor","Poisoned Stab","Bane"],"relics":["Ring of the Snake","NeowsBlessing","Gensokyo:Justice","infinitespire:Eraser","Garlic","construct:RocketBooster","ReplayFunnel","Strawberry","Replay:Arrowhead","WristBlade"],"acts_visited":["Gensokyo:Gensokyo","Gensokyo:Gensokyoer"],"potions_floor_usage":[10,16,24],"damage_taken":[{"damage":0,"enemies":"Gensokyo:3_Fairies","floor":1,"turns":1},{"damage":0,"enemies":"Gensokyo:2_Kodama","floor":4,"turns":1},{"damage":0,"enemies":"Gensokyo:Aya","floor":6,"turns":1},{"damage":11,"enemies":"Gensokyo:Mamizou","floor":8,"turns":8},{"damage":12,"enemies":"Gensokyo:Aya","floor":10,"turns":5},{"damage":4,"enemies":"Gensokyo:Python","floor":11,"turns":3},{"damage":23,"enemies":"Gensokyo:Cirno","floor":14,"turns":6},{"damage":51,"enemies":"Gensokyo:Kokoro","floor":16,"turns":14},{"damage":0,"enemies":"Gensokyo:AngelMirror","floor":18,"turns":1},{"damage":0,"enemies":"Gensokyo:2_Gloops","floor":21,"turns":3},{"damage":26,"enemies":"Gensokyo:Monolith_and_Dog","floor":22,"turns":5},{"damage":45,"enemies":"Gensokyo:Slime_Group","floor":24,"turns":6}],"seed_played":"-7286989690335436917","potions_obtained":[{"floor":4,"key":"AttackPotion"},{"floor":8,"key":"FairyPotion"},{"floor":10,"key":"Ancient Potion"},{"floor":18,"key":"Languid Potion"},{"floor":22,"key":"construct:ShiftPotion"}],"is_trial":false,"path_per_floor":["M","?","?","M","$","E","R","E","T","E","M","?","R","E","R","B",null,"M","?","COS","M","M","R","M"],"character_chosen":"THE_SILENT","items_purchased":["Terror","Noxious Fumes"],"campfire_rested":2,"item_purchase_floors":[5,5],"current_hp_per_floor":[59,59,43,43,43,43,43,32,32,20,16,9,30,7,28,21,60,60,60,60,60,34,34,0,0],"gold":320,"neow_bonus":"THREE_ENEMY_KILL","is_daily":false,"chose_seed":false,"campfire_upgraded":3,"win_rate":0.0,"timestamp":1614212177,"path_taken":["M","?","?","M","?","E","R","E","T","E","?","?","R","E","R","BOSS","M","?","COS","M","M","R","M"],"items_purchased_type":["Card","Card"],"build_version":"2020-12-22","purchased_purges":0,"victory":false,"max_hp_per_floor":[66,66,66,66,66,66,66,66,66,66,66,73,73,73,73,73,73,73,73,73,73,73,73,73,73],"card_choices":[{"not_picked":["Noxious Fumes","Flying Knee"],"picked":"Toxin Wave","floor":1},{"not_picked":["Finisher","Underhanded Strike"],"picked":"Distraction","floor":4},{"not_picked":["Eviscerate","Dagger Spray"],"picked":"Deflect","floor":6},{"not_picked":["Sucker Punch","Concentrate"],"picked":"Poisoned Stab","floor":8},{"not_picked":["Backflip","Predator"],"picked":"PiercingWail","floor":10},{"not_picked":["Setup","Deadly Poison"],"picked":"Adrenaline","floor":11},{"not_picked":["Dagger Spray","Eviscerate"],"picked":"Atom Bomb","floor":14},{"not_picked":["A Thousand Cuts","Envenom"],"picked":"Corpse Explosion","floor":16},{"not_picked":["Hidden Blade","Deadly Poison"],"picked":"Leg Sweep","floor":18},{"not_picked":["Blade Dance","Sucker Punch"],"picked":"Poisoned Stab","floor":21},{"not_picked":["Caltrops","Finisher+1"],"picked":"Bane","floor":22}],"player_experience":2465755,"relics_obtained":[{"floor":6,"key":"infinitespire:Eraser"},{"floor":8,"key":"Garlic"},{"floor":9,"key":"construct:RocketBooster"},{"floor":10,"key":"ReplayFunnel"},{"floor":14,"key":"Replay:Arrowhead"}],"event_choices":[],"is_beta":false,"boss_relics":[{"not_picked":["Replay:Drink Me","ChewingGum"],"picked":"WristBlade"}],"items_purged_floors":[],"is_endless":false,"potions_floor_spawned":[4,8,10,11,14,18,22],"killed_by":"Gensokyo:Slime_Group","ascension_level":20}}