{"host":"lku4gktzilv18rfq","time":1614276257,"event":{"mods":["BaseMod","Minty Spire (QoL Compilation)","Permanent Neow","StSLib","thorton"],"gold_per_floor":[123,123,139,155,42,86,86,128,176,190,140,140,207,7,7,121,121,107,57,99,99,9,80,131,131,131],"floor_reached":24,"language":"ENG","playtime":2849,"items_purged":["thethorton:Strike","thethorton:Strike","thethorton:Defend","thethorton:Defend"],"score":255,"play_id":"30efb31b-e175-4f99-b814-c70ec05baa93","local_time":"20210225100417","is_ascension_mode":true,"campfire_choices":[{"data":"thethorton:CreditCard","floor":7,"key":"SMITH"},{"data":"thethorton:CreditCard+1","floor":12,"key":"SMITH"},{"data":"thethorton:Heckle","floor":15,"key":"SMITH"}],"circlet_count":0,"master_deck":["thethorton:Defend","thethorton:Heckle+1","thethorton:CreditCard+2","thethorton:BattleTrash","thethorton:RunningKick","thethorton:SheetShred","thethorton:TakeAccounts","thethorton:EquivalentExchange","thethorton:LongDaysWork","thethorton:CallIn+1","thethorton:HedgeFund","thethorton:PocketChange","thethorton:TemporalBlast","thethorton:ROI","thethorton:Rebalance+1"],"relics":["thethorton:CouragePotion","Vajra","Smiling Mask","Bronze Scales","InkBottle","Sling","Snecko Eye","Frozen Egg 2"],"acts_visited":["Exordium","TheCity"],"potions_floor_usage":[10,16,16,23],"damage_taken":[{"damage":2,"enemies":"Small Slimes","floor":1,"turns":3},{"damage":0,"enemies":"2 Louse","floor":3,"turns":4},{"damage":0,"enemies":"Cultist","floor":4,"turns":5},{"damage":8,"enemies":"3 Sentries","floor":6,"turns":6},{"damage":11,"enemies":"Gremlin Nob","floor":8,"turns":4},{"damage":0,"enemies":"Lots of Slimes","floor":10,"turns":1},{"damage":15,"enemies":"Lagavulin","floor":13,"turns":7},{"damage":2,"enemies":"Hexaghost","floor":16,"turns":7},{"damage":20,"enemies":"2 Thieves","floor":18,"turns":5},{"damage":11,"enemies":"Spheric Guardian","floor":20,"turns":5},{"damage":16,"enemies":"Gremlin Leader","floor":23,"turns":4},{"damage":0,"enemies":"Snake Plant","floor":24,"turns":2}],"seed_played":"-5163762389857471204","potions_obtained":[{"floor":1,"key":"Explosive Potion"},{"floor":8,"key":"BlessingOfTheForge"},{"floor":10,"key":"PowerPotion"},{"floor":13,"key":"LiquidMemories"},{"floor":18,"key":"PowerPotion"},{"floor":23,"key":"FearPotion"}],"is_trial":false,"path_per_floor":["M","?","M","M","$","E","R","E","T","M","$","R","E","$","R","B",null,"M","$","M","?","?","E","M"],"character_chosen":"THE_THORT","items_purchased":["thethorton:LongDaysWork","Sling"],"campfire_rested":0,"item_purchase_floors":[5,14],"current_hp_per_floor":[48,41,41,41,41,33,33,22,22,22,22,22,7,7,7,5,68,48,48,37,37,37,21,21,21,21],"gold":131,"neow_bonus":"TRANSFORM_TWO_CARDS","is_daily":false,"chose_seed":false,"campfire_upgraded":3,"win_rate":0.0,"timestamp":1614276257,"path_taken":["M","?","M","M","$","E","R","E","T","M","$","R","E","$","R","BOSS","M","$","M","?","?","E","M"],"items_purchased_type":["Card","Relic"],"build_version":"2020-12-22","purchased_purges":4,"victory":false,"max_hp_per_floor":[68,68,68,68,68,68,68,68,68,68,68,68,68,68,68,68,68,68,68,68,68,68,68,68,68,68],"card_choices":[{"not_picked":["thethorton:ChartProject","thethorton:AngerMoment"],"picked":"thethorton:SheetShred","floor":1},{"not_picked":["thethorton:DownPayment","thethorton:DualBap"],"picked":"thethorton:TakeAccounts","floor":3},{"not_picked":["thethorton:BusinessCard","thethorton:HedgeFund"],"picked":"thethorton:EquivalentExchange","floor":4},{"not_picked":["thethorton:TakeAccounts","thethorton:SeeingDouble","thethorton:WhirlingBriefcase"],"picked":"SKIP","floor":6},{"not_picked":["thethorton:DesperateRun","thethorton:DualBap"],"picked":"thethorton:CallIn","floor":8},{"not_picked":["thethorton:RunningKick","thethorton:HitAhead"],"picked":"thethorton:HedgeFund","floor":10},{"not_picked":["thethorton:HitAhead","thethorton:WhirlingBriefcase"],"picked":"thethorton:PocketChange","floor":13},{"not_picked":["thethorton:Hexaghostify","thethorton:Fortune"],"picked":"thethorton:TemporalBlast","floor":16},{"not_picked":["thethorton:TakeAccounts","thethorton:ElbowSmash","thethorton:AngerMoment"],"picked":"SKIP","floor":18},{"not_picked":["thethorton:RunningKick","thethorton:TakeAccounts+1"],"picked":"thethorton:ROI","floor":20},{"not_picked":["thethorton:CashBash","thethorton:PowerUp+1"],"picked":"thethorton:Rebalance+1","floor":23}],"player_experience":926301,"relics_obtained":[{"floor":6,"key":"Vajra"},{"floor":8,"key":"Smiling Mask"},{"floor":9,"key":"Bronze Scales"},{"floor":13,"key":"InkBottle"},{"floor":23,"key":"Frozen Egg 2"}],"event_choices":[{"cards_removed":["Normality"],"damage_healed":0,"gold_gain":0,"player_choice":"Card Removal","damage_taken":7,"max_hp_gain":0,"max_hp_loss":0,"event_name":"Golden Wing","floor":2,"gold_loss":0},{"damage_healed":0,"gold_gain":0,"player_choice":"Ignored","damage_taken":0,"max_hp_gain":0,"max_hp_loss":0,"event_name":"Vampires","floor":21,"gold_loss":0},{"cards_removed":["thethorton:Defend"],"damage_healed":0,"gold_gain":0,"player_choice":"Upgrade and Remove","damage_taken":0,"max_hp_gain":0,"max_hp_loss":0,"event_name":"Designer","floor":22,"gold_loss":90,"cards_upgraded":["thethorton:CallIn"]}],"is_beta":false,"boss_relics":[{"not_picked":["Velvet Choker","Pandora\u0027s Box"],"picked":"Snecko Eye"}],"items_purged_floors":[5,11,14,19],"is_endless":false,"potions_floor_spawned":[1,8,10,13,18,23],"killed_by":"Snake Plant","ascension_level":2}}