{"host":"tubmkv2g6v9d0kjw","time":1614277915,"event":{"mods":["2.2 Compatiblity","BaseMod","Conspire","Downfall","Hubris","Minty Spire (QoL Compilation)","Relic Stats","Spire Arcade","StSLib"],"gold_per_floor":[99,99,43,63,63,92,117,142,42,67,67,82,97,132,151,249,249,249,267,267,267,74,93,116,148,148,58,73,98,98,108,123,123,123,123],"floor_reached":33,"language":"ENG","playtime":2382,"items_purged":["Regret"],"score":430,"play_id":"56e56e2a-0b67-43ca-be92-bf4d3a43bb09","local_time":"20210225123155","is_ascension_mode":true,"campfire_choices":[{"floor":1,"key":"RECALL"},{"floor":9,"key":"REST"},{"data":"hexamod:RadiantFlame","floor":11,"key":"SMITH"},{"data":"hexamod:Incineration","floor":18,"key":"SMITH"},{"floor":26,"key":"REST"},{"floor":30,"key":"REST"}],"circlet_count":0,"master_deck":["conspire:GhostlyStrike+1","conspire:GhostlyStrike+1","conspire:GhostlyStrike","conspire:GhostlyStrike+1","conspire:GhostlyDefend","conspire:GhostlyDefend+1","conspire:GhostlyDefend+1","conspire:GhostlyDefend+1","hexamod:Sear","hexamod:Float+1","hexamod:HeatMetal+1","hexamod:RadiantFlame+1","hexamod:GhostflameBarrier+1","hexamod:FlamesFromBeyond+1","hexamod:ChargedBarrage","hexamod:FirstSeal","hexamod:Incineration+1","hexamod:PhantomCloak+1","hexamod:SixthSeal","hexamod:SoulSteal+1","hexamod:FastForward+1","Sadistic Nature","hexamod:ExtraCrispy","hexamod:Rewind+1","hexamod:RetreatToShadows+1","hexamod:FirstSeal"],"relics":["hexamod:UnbrokenSoul","hubris:SlimyHat","Bag of Marbles","Pear","downfall:HeartBlessingBlue","Whetstone","Juzu Bracelet","hubris:Towel","Oddly Smooth Stone","Toxic Egg 2","The Courier"],"acts_visited":["Exordium","TheCity"],"potions_floor_usage":[6,8,14,19,31,31,31,33,33],"damage_taken":[{"damage":4,"enemies":"downfall:FleeingMerchant","floor":3,"turns":4},{"damage":2,"enemies":"Small Slimes","floor":4,"turns":3},{"damage":75,"enemies":"3 Sentries","floor":6,"turns":16},{"damage":2,"enemies":"Gremlin Nob","floor":8,"turns":3},{"damage":13,"enemies":"3 Sentries","floor":10,"turns":5},{"damage":10,"enemies":"Jaw Worm","floor":12,"turns":3},{"damage":2,"enemies":"2 Louse","floor":13,"turns":2},{"damage":15,"enemies":"Gremlin Nob","floor":14,"turns":3},{"damage":2,"enemies":"Large Slime","floor":15,"turns":4},{"damage":10,"enemies":"SI_SHIV_ARCHETYPE","floor":16,"turns":9},{"damage":42,"enemies":"3 Byrds","floor":19,"turns":4},{"damage":2,"enemies":"downfall:FleeingMerchant","floor":22,"turns":4},{"damage":11,"enemies":"conspire:FuzzyDice","floor":23,"turns":5},{"damage":59,"enemies":"Book of Stabbing","floor":25,"turns":6},{"damage":4,"enemies":"downfall:FleeingMerchant","floor":27,"turns":4},{"damage":11,"enemies":"Snake Plant","floor":28,"turns":3},{"damage":25,"enemies":"conspire:SneckoGhost","floor":29,"turns":4},{"damage":26,"enemies":"Cultist and Chosen","floor":31,"turns":6},{"damage":16,"enemies":"Shelled Parasite and Fungi","floor":32,"turns":4},{"damage":45,"enemies":"WA_ARCHETYPE_CALM","floor":33,"turns":5}],"seed_played":"1168885803916168969","potions_obtained":[{"floor":4,"key":"Regen Potion"},{"floor":6,"key":"hexamod:EctoCoolerPotion"},{"floor":10,"key":"conspire:TimeTravelPotion"},{"floor":12,"key":"Fire Potion"},{"floor":13,"key":"SkillPotion"},{"floor":25,"key":"EntropicBrew"},{"floor":29,"key":"SteroidPotion"},{"floor":31,"key":"LiquidMemories"}],"is_trial":false,"path_per_floor":["R","?","$","M","?","E","T","E","R","E","R","M","M","E","M","B",null,"R","M","?","?","$","M","T","E","R","$","M","E","R","M","M","B"],"character_chosen":"THE_SPIRIT","items_purchased":["hexamod:RadiantFlame","Sadistic Nature"],"campfire_rested":3,"item_purchase_floors":[3,22],"current_hp_per_floor":[70,70,66,64,64,3,3,11,48,35,35,32,30,22,27,24,90,90,84,84,84,89,85,85,33,60,63,52,27,54,35,26,0,0,0],"gold":123,"neow_bonus":"UPGRADE_CARD","is_daily":false,"chose_seed":false,"campfire_upgraded":2,"win_rate":0.0,"timestamp":1614277915,"path_taken":["R","?","$","M","?","E","T","E","R","E","R","M","M","E","M","BOSS","R","M","?","?","$","M","T","E","R","$","M","E","R","M","M","BOSS"],"items_purchased_type":["Card","Card"],"build_version":"2020-12-22","purchased_purges":1,"victory":false,"max_hp_per_floor":[70,70,70,70,70,70,70,80,90,90,90,90,90,90,90,90,90,90,90,90,90,90,90,90,90,90,90,90,90,90,90,90,90,90,90],"relic_stats":{"counters":[20,97],"Juzu Bracelet":0,"Whetstone":["conspire:GhostlyStrike","conspire:GhostlyStrike"],"obtain_stats":[{"Pear":8,"hexamod:UnbrokenSoul":17,"downfall:HeartBlessingBlue":9,"Oddly Smooth Stone":24,"The Courier":29,"hubris:SlimyHat":2,"Bag of Marbles":6,"Juzu Bracelet":14,"Whetstone":10,"hubris:Towel":21,"Toxic Egg 2":25,"hexamod:SpiritBrand":0},{"Pear":4,"hexamod:UnbrokenSoul":10,"downfall:HeartBlessingBlue":4,"Oddly Smooth Stone":13,"The Courier":17,"hubris:SlimyHat":0,"Bag of Marbles":3,"Juzu Bracelet":8,"Whetstone":5,"hubris:Towel":11,"Toxic Egg 2":14,"hexamod:SpiritBrand":0},{"Pear":26,"hexamod:UnbrokenSoul":52,"downfall:HeartBlessingBlue":26,"Oddly Smooth Stone":65,"The Courier":82,"hubris:SlimyHat":0,"Bag of Marbles":23,"Juzu Bracelet":39,"Whetstone":31,"hubris:Towel":56,"Toxic Egg 2":71,"hexamod:SpiritBrand":0}]},"card_choices":[{"not_picked":["hexamod:Again","hexamod:PowerFromBeyond"],"picked":"hexamod:HeatMetal","floor":3},{"not_picked":["hexamod:FourthSeal","hexamod:FastForward"],"picked":"hexamod:GhostflameBarrier","floor":4},{"not_picked":["hexamod:Hexaguard","hexamod:ShieldOfDarkness"],"picked":"hexamod:FlamesFromBeyond","floor":6},{"not_picked":["hexamod:Firestarter","hexamod:AdvancingGuard"],"picked":"hexamod:ChargedBarrage","floor":8},{"not_picked":["hexamod:GhostflameBarrier","hexamod:Firestarter"],"picked":"hexamod:FirstSeal","floor":10},{"not_picked":["hexamod:InspiringFlames","hexamod:SwordOfDarkness"],"picked":"hexamod:Incineration","floor":12},{"not_picked":["hexamod:HeatMetal","hexamod:FastForward","hexamod:DynamicBlow"],"picked":"SKIP","floor":13},{"not_picked":["hexamod:ShieldOfDarkness","hexamod:TimeOfNeed"],"picked":"hexamod:PhantomCloak","floor":14},{"not_picked":["hexamod:ThirdSeal","hexamod:NightmareGuise","hexamod:FastForward"],"picked":"SKIP","floor":15},{"not_picked":["hexamod:FifthSeal","hexamod:FlameSwitch"],"picked":"hexamod:SixthSeal","floor":16},{"not_picked":["hexamod:PhantomFireball","hexamod:BurningTouch"],"picked":"hexamod:SoulSteal+1","floor":19},{"not_picked":["hexamod:ApocalypseNow","hexamod:PowerFromBeyond"],"picked":"hexamod:FastForward+1","floor":22},{"not_picked":["hexamod:GhostShield+1","hexamod:Hexaguard"],"picked":"hexamod:ExtraCrispy","floor":23},{"not_picked":["hexamod:BacktrackSmack","hexamod:SpectralAdrenaline+1","hexamod:SpectralSpark+1"],"picked":"SKIP","floor":25},{"not_picked":["hexamod:FastForward+1","hexamod:NightmareGuise+1","hexamod:InspiringFlames+1"],"picked":"SKIP","floor":27},{"not_picked":["hexamod:HauntingEcho","hexamod:ThirdSeal"],"picked":"hexamod:Rewind+1","floor":28},{"not_picked":["hexamod:SecondSeal","hexamod:FastForward+1","hexamod:UnlimitedPower+1"],"picked":"SKIP","floor":29},{"not_picked":["hexamod:GhostLash","hexamod:ShieldOfDarkness+1"],"picked":"hexamod:RetreatToShadows+1","floor":31},{"not_picked":["hexamod:SpectralSpark+1","hexamod:ExtraCrispy+1"],"picked":"hexamod:FirstSeal","floor":32}],"player_experience":563996,"relics_obtained":[{"floor":6,"key":"Bag of Marbles"},{"floor":8,"key":"Pear"},{"floor":10,"key":"Whetstone"},{"floor":14,"key":"Juzu Bracelet"},{"floor":24,"key":"Oddly Smooth Stone"},{"floor":25,"key":"Toxic Egg 2"},{"floor":29,"key":"The Courier"}],"event_choices":[{"damage_healed":0,"gold_gain":0,"player_choice":"Box","damage_taken":0,"relics_obtained":["hubris:SlimyHat"],"max_hp_gain":0,"max_hp_loss":0,"event_name":"Big Fish","floor":2,"gold_loss":0,"cards_obtained":["Regret"]},{"damage_healed":0,"gold_gain":0,"player_choice":"Agree","damage_taken":0,"max_hp_gain":0,"max_hp_loss":0,"event_name":"conspire:LoneGhost","floor":5,"gold_loss":0}],"is_beta":false,"boss_relics":[{"not_picked":["SlaversCollar","Tiny House"],"picked":"hexamod:UnbrokenSoul"}],"items_purged_floors":[27],"is_endless":false,"potions_floor_spawned":[4,6,10,12,13,25,29,31,32],"killed_by":"WA_ARCHETYPE_CALM","ascension_level":1}}