{"host":"otf1z5955ddlv5pq","time":1614249901,"event":{"mods":["BaseMod","Better Altar","Better Match","Better Note","Better Sensory Stone","Better Skull","Better Third Choice","Colored Map","Colored Powertips","Downfall","Minty Spire (QoL Compilation)","Rare Cards Sparkle","Replay The Spire","StSLib","Synergy Search"],"gold_per_floor":[114,114,45,45,58,58,77,106,106,106,124,124,150,5,5,102,102,117,17,27,40,40,68,68,91,91,91,126,126,28,42,42,147,147,161,161,72,84,34,66,66,16,16,46,60,72,104,116,128,140],"floor_reached":51,"language":"ENG","playtime":3268,"items_purged":["Strike_G","Strike_G","Defend_G","Strike_G","Defend_G","Strike_G"],"score":894,"play_id":"b1b127f4-9377-4043-9e6c-57e7a1e3907f","local_time":"20210225024501","is_ascension_mode":true,"campfire_choices":[{"data":"Strike_G","floor":6,"key":"PURGE"},{"floor":12,"key":"REST"},{"data":"Defend_G","floor":15,"key":"PURGE"},{"floor":27,"key":"REST"},{"data":"Infinite Blades","floor":29,"key":"SMITH"},{"data":"Accuracy","floor":32,"key":"SMITH"},{"data":"After Image","floor":41,"key":"SMITH"}],"circlet_count":0,"master_deck":["Defend_G+1","Defend_G+1","Survivor","Neutralize","Blade Dance","Accuracy+1","ReplayTheSpireMod:Scrap Shanks","Blur","Backstab+1","Backstab+1","Die Die Die+1","Infinite Blades+1","Adrenaline","Prepared","Blade Dance","Prepared+1","After Image+1","Blade Dance+1","Dodge and Roll+1","Pot Of Greed","Pot Of Greed"],"relics":["Ring of the Snake","Peace Pipe","Blue Candle","ReplayTheSpireMod:Ring of Addiction","Toy Ornithopter","Chameleon Ring","Byrd Skull","Molten Egg 2","Anchor","Smiling Mask","Regal Pillow","Potion Belt","Durian","Ring of Chaos","Simple Rune","Orichalcum","Replay:Bottled Steam","Grinning Jar","MawBank"],"acts_visited":["Exordium","TheCity","TheBeyond"],"potions_floor_usage":[5,8,11,13,16,21,28,40,44,47],"damage_taken":[{"damage":2,"enemies":"Small Slimes","floor":1,"turns":5},{"damage":4,"enemies":"2 Louse","floor":5,"turns":3},{"damage":1,"enemies":"Cultist","floor":7,"turns":3},{"damage":10,"enemies":"Gremlin Nob","floor":8,"turns":2},{"damage":3,"enemies":"Lots of Slimes","floor":11,"turns":3},{"damage":9,"enemies":"3 Sentries","floor":13,"turns":6},{"damage":37,"enemies":"The Guardian","floor":16,"turns":16},{"damage":2,"enemies":"2 Thieves","floor":18,"turns":3},{"damage":6,"enemies":"Spheric Guardian","floor":20,"turns":4},{"damage":0,"enemies":"Chosen and Byrds","floor":21,"turns":3},{"damage":41,"enemies":"Book of Stabbing","floor":23,"turns":7},{"damage":8,"enemies":"Gremlin Leader","floor":28,"turns":8},{"damage":4,"enemies":"3 Cultists","floor":31,"turns":4},{"damage":42,"enemies":"Collector","floor":33,"turns":7},{"damage":0,"enemies":"Orb Walker","floor":35,"turns":2},{"damage":0,"enemies":"3 Darklings","floor":38,"turns":3},{"damage":0,"enemies":"Giant Head","floor":40,"turns":4},{"damage":1,"enemies":"Nemesis","floor":44,"turns":3},{"damage":0,"enemies":"Spire Growth","floor":45,"turns":3},{"damage":5,"enemies":"Sphere and 2 Shapes","floor":46,"turns":2},{"damage":0,"enemies":"Reptomancer","floor":47,"turns":3},{"damage":2,"enemies":"Donu and Deca","floor":50,"turns":8}],"seed_played":"6812220185178702993","potions_obtained":[{"floor":4,"key":"GamblersBrew"},{"floor":4,"key":"LiquidBronze"},{"floor":4,"key":"Death Potion"},{"floor":5,"key":"LifebloodPotion"},{"floor":8,"key":"Slimebound:ThreeZeroPotion"},{"floor":18,"key":"hexamod:SoulburnPotion"},{"floor":23,"key":"LifebloodPotion"},{"floor":33,"key":"SteroidPotion"},{"floor":38,"key":"Poison Potion"},{"floor":40,"key":"SteroidPotion"},{"floor":45,"key":"Regen Potion"},{"floor":46,"key":"BlessingOfTheForge"},{"floor":49,"key":"SpeedPotion"},{"floor":49,"key":"sneckomod:MuddlingPotion"}],"is_trial":false,"path_per_floor":["M","?","$","?","M","R","M","E","T","?","M","R","E","$","R","B",null,"M","$","M","M","?","E","?","T","T","R","E","R","$","M","R","B",null,"M","?","$","M","$","E","R","$","T","E","M","M","E","?","R","B",null],"character_chosen":"THE_SILENT","items_purchased":["Accuracy","Backstab+1","Blade Dance","Dodge and Roll+1"],"campfire_rested":2,"item_purchase_floors":[3,14,30,37],"current_hp_per_floor":[47,42,42,42,43,43,42,37,37,37,39,60,56,56,56,24,70,68,68,62,67,67,26,26,26,26,60,62,62,62,58,58,16,67,65,65,65,63,63,63,63,63,63,61,61,56,61,61,61,59],"gold":152,"neow_bonus":"ONE_RARE_RELIC","is_daily":false,"chose_seed":false,"campfire_upgraded":3,"win_rate":0.0,"timestamp":1614249901,"path_taken":["M","?","$","?","M","R","M","E","T","?","?","R","E","$","R","BOSS","M","?","?","M","?","E","?","?","T","R","E","R","$","M","R","BOSS","M","?","$","?","?","E","R","?","T","E","?","M","E","?","R","BOSS"],"items_purchased_type":["Card","Card","Card","Card"],"build_version":"2020-12-22","purchased_purges":6,"victory":true,"max_hp_per_floor":[70,70,70,70,70,70,70,70,70,70,70,70,70,70,70,70,70,70,70,68,68,68,68,68,66,66,66,69,69,69,69,67,67,67,65,65,65,63,63,63,63,63,63,61,61,61,61,61,61,61],"card_choices":[{"not_picked":["Flying Knee","Bane"],"picked":"Blade Dance","floor":1},{"not_picked":["Sucker Punch","Outmaneuver"],"picked":"ReplayTheSpireMod:Scrap Shanks","floor":5},{"not_picked":["Flying Knee","Predator"],"picked":"Blur","floor":7},{"not_picked":["Slice","Atom Bomb","Draining Mist"],"picked":"SKIP","floor":8},{"not_picked":["PiercingWail","Toxin Wave","Well Laid Plans"],"picked":"SKIP","floor":11},{"not_picked":["ReplayTheSpireMod:Speed Training","Replay:Poison Smokescreen"],"picked":"Backstab+1","floor":13},{"not_picked":["Doppelganger","Tools of the Trade"],"picked":"Die Die Die+1","floor":16},{"not_picked":["Hidden Blade","Cloak And Dagger"],"picked":"Infinite Blades","floor":18},{"not_picked":["Draining Mist+1","Quick Slash+1","Crippling Poison+1"],"picked":"SKIP","floor":20},{"not_picked":["Predator+1","Quick Slash+1","PiercingWail"],"picked":"SKIP","floor":21},{"not_picked":["Reflex","Slice+1","ReplayTheSpireMod:Necrosis"],"picked":"SKIP","floor":23},{"not_picked":["PiercingWail","Predator+1"],"picked":"Prepared","floor":28},{"not_picked":["Infinite Blades","Dagger Spray+1"],"picked":"Prepared+1","floor":31},{"not_picked":["Venomology","Wraith Form v2"],"picked":"After Image","floor":33},{"not_picked":["Quick Slash+1","Poisoned Stab+1"],"picked":"Blade Dance+1","floor":35},{"not_picked":["Slice+1","Sucker Punch+1","Choke+1"],"picked":"SKIP","floor":38},{"not_picked":["Underhanded Strike+1","Atom Bomb+1","Dagger Spray+1"],"picked":"SKIP","floor":40},{"not_picked":["Underhanded Strike+1","PiercingWail","Dagger Spray+1"],"picked":"SKIP","floor":44},{"not_picked":["Flying Knee+1","Predator+1","PiercingWail+1"],"picked":"SKIP","floor":45},{"not_picked":["Well Laid Plans+1","Prepared","Accuracy+1"],"picked":"SKIP","floor":46},{"not_picked":["Flying Knee+1","ReplayTheSpireMod:The Works+1","Bouncing Flask"],"picked":"SKIP","floor":47}],"player_experience":1246002,"relics_obtained":[{"floor":4,"key":"ReplayTheSpireMod:Ring of Addiction"},{"floor":4,"key":"Toy Ornithopter"},{"floor":4,"key":"Chameleon Ring"},{"floor":8,"key":"Byrd Skull"},{"floor":9,"key":"Molten Egg 2"},{"floor":13,"key":"Anchor"},{"floor":23,"key":"Smiling Mask"},{"floor":25,"key":"Regal Pillow"},{"floor":26,"key":"Potion Belt"},{"floor":28,"key":"Durian"},{"floor":40,"key":"Orichalcum"},{"floor":43,"key":"Replay:Bottled Steam"},{"floor":44,"key":"Grinning Jar"},{"floor":47,"key":"MawBank"}],"event_choices":[{"cards_removed":["CommonCold"],"damage_healed":0,"gold_gain":0,"player_choice":"Removed Curses","damage_taken":0,"max_hp_gain":0,"max_hp_loss":0,"event_name":"Fountain of Cleansing","floor":10,"gold_loss":0},{"cards_removed":["Backstab"],"damage_healed":0,"gold_gain":0,"player_choice":"Take \u0026 Give","damage_taken":0,"max_hp_gain":0,"max_hp_loss":0,"event_name":"betterNote:BetterNote","floor":22,"gold_loss":0,"cards_obtained":["Adrenaline"]},{"damage_healed":0,"gold_gain":0,"player_choice":"Ignored","damage_taken":0,"max_hp_gain":0,"max_hp_loss":0,"event_name":"Vampires","floor":24,"gold_loss":0},{"damage_healed":0,"gold_gain":0,"player_choice":"Gave Potion","damage_taken":0,"relics_obtained":["Simple Rune"],"max_hp_gain":0,"max_hp_loss":0,"event_name":"WeMeetAgain","floor":36,"gold_loss":0},{"damage_healed":0,"gold_gain":0,"player_choice":"Ignored","damage_taken":0,"max_hp_gain":0,"max_hp_loss":0,"event_name":"Tomb of Lord Red Mask","floor":48,"gold_loss":0}],"is_beta":false,"boss_relics":[{"not_picked":["Pandora\u0027s Box","Coffee Dripper","Ectoplasm"]},{"not_picked":["Velvet Choker","Sozu"],"picked":"Ring of Chaos"}],"items_purged_floors":[14,19,30,37,39,42],"is_endless":false,"potions_floor_spawned":[5,7,8,18,23,33,38,40,45,46],"ascension_level":1}}