{"host":"zwfzlkwql9nyrw94","time":1614218762,"event":{"mods":["AchievementEnabler","BaseMod","Colored Map","Filter the Spire","Grow up Mod","Highlight Path","Minty Spire (QoL Compilation)","Remove Card Discount Mod"],"gold_per_floor":[110,160,160,160,160,160,173,183,208,236,236,222,233,253,253,350,350,368,368,467,487,501,536,536,560,560,560,576,576,576,576,576,676,676,696,696,609,629,643,657,667,667,693,693,708,736,736,752,752,752],"floor_reached":51,"language":"ENG","playtime":1506,"items_purged":["Eruption+1","BowlingBash+1","Crescendo","Conclude","Crescendo","Halt","Perseverance","LikeWater","EmptyFist+1","PathToVictory+1"],"score":797,"play_id":"435e71c0-d1b4-45d6-b24f-0adfabdc3193","local_time":"20210224200602","is_ascension_mode":false,"campfire_choices":[{"data":"PathToVictory","floor":6,"key":"SMITH"},{"data":"PathToVictory","floor":15,"key":"SMITH"},{"data":"PathToVictory","floor":24,"key":"SMITH"},{"floor":27,"key":"REST"},{"data":"PathToVictory","floor":29,"key":"SMITH"},{"data":"EmptyFist","floor":32,"key":"SMITH"},{"data":"Vault","floor":42,"key":"SMITH"},{"data":"Purity","floor":49,"key":"SMITH"}],"circlet_count":0,"master_deck":["PathToVictory+1","PathToVictory+1","PathToVictory+1","Vault+1","Purity+1"],"relics":["Pandora\u0027s Box"],"acts_visited":["Exordium","TheCity","TheBeyond"],"potions_floor_usage":[50,50],"damage_taken":[{"damage":0,"enemies":"2 Louse","floor":1,"turns":1},{"damage":0,"enemies":"Small Slimes","floor":7,"turns":1},{"damage":1,"enemies":"Jaw Worm","floor":8,"turns":3},{"damage":18,"enemies":"3 Sentries","floor":10,"turns":4},{"damage":9,"enemies":"2 Fungi Beasts","floor":13,"turns":2},{"damage":12,"enemies":"Blue Slaver","floor":14,"turns":2},{"damage":12,"enemies":"The Guardian","floor":16,"turns":3},{"damage":30,"enemies":"2 Thieves","floor":18,"turns":3},{"damage":0,"enemies":"Spheric Guardian","floor":21,"turns":2},{"damage":10,"enemies":"Chosen and Byrds","floor":22,"turns":3},{"damage":21,"enemies":"Slavers","floor":23,"turns":4},{"damage":2,"enemies":"Cultist and Chosen","floor":28,"turns":3},{"damage":32,"enemies":"Collector","floor":33,"turns":3},{"damage":16,"enemies":"3 Shapes","floor":35,"turns":3},{"damage":8,"enemies":"3 Darklings","floor":38,"turns":4},{"damage":0,"enemies":"Spire Growth","floor":39,"turns":2},{"damage":17,"enemies":"Sphere and 2 Shapes","floor":40,"turns":3},{"damage":25,"enemies":"Maw","floor":41,"turns":3},{"damage":15,"enemies":"Writhing Mass","floor":45,"turns":3},{"damage":18,"enemies":"Reptomancer","floor":46,"turns":3},{"damage":0,"enemies":"Transient","floor":48,"turns":5},{"damage":105,"enemies":"Awakened One","floor":50,"turns":6}],"seed_played":"-1597753270976800289","potions_obtained":[{"floor":10,"key":"Block Potion"},{"floor":13,"key":"SteroidPotion"},{"floor":14,"key":"Weak Potion"},{"floor":22,"key":"SkillPotion"},{"floor":45,"key":"BottledMiracle"},{"floor":48,"key":"Swift Potion"}],"is_trial":false,"path_per_floor":["M","?","?","?","?","R","M","M","T","E","?","$","M","M","R","B",null,"M","?","?","M","M","E","R","T","T","R","M","R","?","?","R","B",null,"M","?","$","M","M","M","M","R","T","?","M","E","?","M","R","B",null],"character_chosen":"WATCHER","items_purchased":["Purity"],"campfire_rested":1,"item_purchase_floors":[37],"current_hp_per_floor":[92,102,92,107,117,127,137,146,156,148,158,168,169,167,177,175,257,237,247,257,267,267,256,266,276,286,357,365,375,385,395,405,383,427,421,431,441,443,453,446,431,441,451,461,456,448,458,468,478,383],"gold":752,"neow_bonus":"BOSS_RELIC","is_daily":false,"chose_seed":false,"campfire_upgraded":7,"win_rate":0.0,"timestamp":1614218762,"path_taken":["M","?","?","?","?","R","M","M","T","E","?","$","?","M","R","BOSS","M","?","?","M","M","E","R","?","T","R","?","R","?","?","R","BOSS","M","?","$","M","M","?","?","R","T","?","M","E","?","M","R","BOSS"],"items_purchased_type":["Card"],"build_version":"2020-12-22","purchased_purges":10,"victory":true,"max_hp_per_floor":[92,102,112,127,137,147,157,167,177,187,197,207,217,227,237,247,257,267,277,287,297,307,317,327,337,347,357,367,377,387,397,407,417,427,437,447,457,467,477,487,497,507,517,527,537,547,557,567,577,587],"card_choices":[{"not_picked":["Protect","Meditate"],"picked":"PathToVictory","floor":1},{"not_picked":["TalkToTheHand","Meditate","SignatureMove"],"picked":"SKIP","floor":7},{"not_picked":["Prostrate","Halt","ClearTheMind"],"picked":"SKIP","floor":8},{"not_picked":["Study","ThirdEye"],"picked":"PathToVictory","floor":10},{"not_picked":["ClearTheMind","ThirdEye","Protect"],"picked":"SKIP","floor":13},{"not_picked":["CarveReality","Consecrate","BowlingBash"],"picked":"SKIP","floor":14},{"not_picked":["Indignation","Perseverance+1"],"picked":"PathToVictory","floor":18},{"not_picked":["CutThroughFate","Indignation+1","Halt"],"picked":"SKIP","floor":21},{"not_picked":["ClearTheMind","DeceiveReality","Prostrate"],"picked":"SKIP","floor":22},{"not_picked":["Protect","Consecrate+1","Brilliance"],"picked":"SKIP","floor":23},{"not_picked":["Prostrate","Conclude+1"],"picked":"PathToVictory","floor":28},{"not_picked":["Scrawl","Brilliance"],"picked":"Vault","floor":33},{"not_picked":["Halt+1","Prostrate+1","SignatureMove+1"],"picked":"SKIP","floor":35},{"not_picked":["BowlingBash+1","EmptyBody+1","Crescendo+1"],"picked":"SKIP","floor":38},{"not_picked":["Weave+1","JustLucky","InnerPeace"],"picked":"SKIP","floor":39},{"not_picked":["CrushJoints+1","CutThroughFate","Wireheading+1"],"picked":"SKIP","floor":40},{"not_picked":["Fasting2","FearNoEvil+1","Swivel+1"],"picked":"SKIP","floor":41},{"not_picked":["Collect","Fasting2","Evaluate+1"],"picked":"SKIP","floor":45},{"not_picked":["TalkToTheHand","Indignation+1","ForeignInfluence"],"picked":"SKIP","floor":46},{"not_picked":["BowlingBash","JustLucky","Indignation+1"],"picked":"SKIP","floor":48}],"player_experience":244713,"relics_obtained":[],"event_choices":[{"damage_healed":0,"gold_gain":50,"player_choice":"Gained Gold","damage_taken":0,"max_hp_gain":0,"max_hp_loss":0,"event_name":"Golden Wing","floor":2,"gold_loss":0},{"damage_healed":0,"gold_gain":0,"player_choice":"Entered Light","damage_taken":20,"max_hp_gain":0,"max_hp_loss":0,"event_name":"Shining Light","floor":3,"gold_loss":0,"cards_upgraded":["Eruption","BowlingBash"]},{"damage_healed":0,"gold_gain":0,"player_choice":"Donut","damage_taken":0,"max_hp_gain":5,"max_hp_loss":0,"event_name":"Big Fish","floor":4,"gold_loss":0},{"damage_healed":0,"gold_gain":0,"cards_transformed":["ThirdEye"],"player_choice":"Change","damage_taken":0,"max_hp_gain":0,"max_hp_loss":0,"event_name":"Living Wall","floor":5,"gold_loss":0,"cards_obtained":["EmptyFist"]},{"damage_healed":0,"gold_gain":0,"player_choice":"Leave","damage_taken":0,"max_hp_gain":0,"max_hp_loss":0,"event_name":"The Cleric","floor":11,"gold_loss":0},{"damage_healed":0,"gold_gain":0,"player_choice":"Ignored","damage_taken":0,"max_hp_gain":0,"max_hp_loss":0,"event_name":"The Mausoleum","floor":19,"gold_loss":0},{"damage_healed":0,"gold_gain":99,"player_choice":"Stole From Cult","damage_taken":0,"max_hp_gain":0,"max_hp_loss":0,"event_name":"Nest","floor":20,"gold_loss":0},{"damage_healed":0,"gold_gain":0,"player_choice":"Ignored","damage_taken":0,"max_hp_gain":0,"max_hp_loss":0,"event_name":"Vampires","floor":30,"gold_loss":0},{"cards_removed":["Vigilance"],"damage_healed":0,"gold_gain":0,"player_choice":"Elegance","damage_taken":0,"max_hp_gain":0,"max_hp_loss":0,"event_name":"Back to Basics","floor":31,"gold_loss":0},{"damage_healed":0,"gold_gain":0,"cards_transformed":["InnerPeace"],"player_choice":"Transformed","damage_taken":0,"max_hp_gain":0,"max_hp_loss":0,"event_name":"Transmorgrifier","floor":36,"gold_loss":0,"cards_obtained":["LikeWater"]},{"damage_healed":0,"gold_gain":0,"player_choice":"Ignored","damage_taken":0,"max_hp_gain":0,"max_hp_loss":0,"event_name":"Mysterious Sphere","floor":44,"gold_loss":0},{"damage_healed":0,"gold_gain":0,"player_choice":"Memory 1","damage_taken":0,"max_hp_gain":0,"max_hp_loss":0,"event_name":"SensoryStone","floor":47,"gold_loss":0}],"is_beta":false,"boss_relics":[{"not_picked":["Calling Bell","SacredBark","Black Star"]},{"not_picked":["Calling Bell","SacredBark","Black Star"]}],"items_purged_floors":[12,12,12,12,12,12,12,37,37,37],"is_endless":false,"potions_floor_spawned":[10,13,14,22,28,39,41,45,48],"ascension_level":0}}