{"host":"cd25ms2o8pjhjp7m","time":1614267269,"event":{"mods":["Act Like it!","Aspiration","BaseMod","Bestiary","Better Third Choice","BetterRewards","Conspire","Curses Come First","Friendly Minions","GifTheSpireLib","Hubris","Infinite Spire","JesterMod","Minty Spire (QoL Compilation)","Rare Cards Sparkle","Relic Stats","Reliquary","Replay The Spire","Robot Space Explorer","Ruina","StSLib","The Poker Player","The Runesmith","Uncapped","[IsaacMod]????","??????REMEMod"],"gold_per_floor":[112,166,166,176,194,223,223,223,223,223,241,360,360,376,376,479,479,492,508,508,19,37,37,48,48,48,48,59,59,59,59,59,161,161,180,180,205,205,205,223,235,135,212,212,212,266,266,299,299,299],"floor_reached":51,"language":"DEU","playtime":1811,"items_purged":["Injury","Strike_G","Strike_G","Strike_G"],"score":673,"play_id":"be25bfd1-09ef-4762-b7bf-2b4a27d3a9a0","local_time":"20210225163429","is_ascension_mode":false,"campfire_choices":[{"floor":10,"key":"REST"},{"floor":13,"key":"REST"},{"floor":15,"key":"REST"},{"data":"Bullet Time","floor":23,"key":"SMITH"},{"data":"Footwork","floor":27,"key":"SMITH"},{"data":"conspire:SharedLibrary","floor":29,"key":"SMITH"},{"floor":32,"key":"REST"},{"data":"REME_ShadowForm","floor":45,"key":"SMITH"},{"data":"Blur","floor":49,"key":"SMITH"}],"circlet_count":0,"master_deck":["Strike_G","Strike_G","Defend_G","Defend_G","Defend_G","Defend_G","Defend_G","Survivor","Neutralize","Bullet Time+1","infinitespire:Neurotoxin","Blur+1","Footwork+1","Hidden Blade+1","conspire:DoublingDagger+1","REME_GreenPollution","Deadly Poison+1","REME_SpectralBlade","Noxious Fumes","REME_TwoStrings+1","hubris:EnhanceAbility","Reprogram+1","conspire:SharedLibrary+1","Burst+1","hubris:Fate+1","REME_ShadowForm+1","Backflip+1","Leap+1","Reflex+1"],"relics":["Ring of the Snake","REME_ComplimentaryCards","HushsDoor","PokeGo","MealTicket","Toxic Egg 2","infinitespire:Satchel","hubris:Icosahedron","Bottled Lightning","aspiration:DefectSkillbook","GuppysHairball","GuppysCollar","Oddly Smooth Stone","Replay:Accelerometer","reliquary:WritOfMandamus","GuppysHead","Blue Doll","conspire:GlowingRock","hubris:Metronome","reliquary:SharkskinSheath","ReplayFunnel"],"acts_visited":["Exordium","TheCity","TheBeyond"],"potions_floor_usage":[14,33,33,40],"damage_taken":[{"damage":0.0,"enemies":"conspire:RoseBush","floor":1.0,"turns":2.0},{"damage":0.0,"enemies":"2 Louse","floor":4.0,"turns":5.0},{"damage":3.0,"enemies":"Small Slimes","floor":5.0,"turns":5.0},{"damage":57.0,"enemies":"Lagavulin","floor":6.0,"turns":12.0},{"damage":4,"enemies":"Looter","floor":11,"turns":5},{"damage":3,"enemies":"Large Slime","floor":12,"turns":7},{"damage":0,"enemies":"Blue Slaver","floor":14,"turns":3},{"damage":6,"enemies":"Hexaghost","floor":16,"turns":8},{"damage":18,"enemies":"Spheric Guardian","floor":18,"turns":5},{"damage":0,"enemies":"Chosen","floor":19,"turns":3},{"damage":12,"enemies":"Snake Plant","floor":22,"turns":3},{"damage":0,"enemies":"Snecko","floor":24,"turns":3},{"damage":10,"enemies":"Chosen and Byrds","floor":28,"turns":3},{"damage":0,"enemies":"Champ","floor":33,"turns":3},{"damage":0,"enemies":"Orb Walker","floor":35,"turns":1},{"damage":0,"enemies":"conspire:MimicChest","floor":37,"turns":3},{"damage":0,"enemies":"3 Shapes","floor":40,"turns":2},{"damage":0,"enemies":"Maw","floor":41,"turns":2},{"damage":0,"enemies":"Giant Head","floor":48,"turns":5},{"damage":12,"enemies":"hubris:GrandSnecko","floor":50,"turns":5}],"seed_played":"5491303269051956660","potions_obtained":[{"floor":1.0,"key":"Block Potion"},{"floor":2.0,"key":"GamblersBrew"},{"floor":11,"key":"Dexterity Potion"},{"floor":12,"key":"Strength Potion"},{"floor":24,"key":"Languid Potion"},{"floor":28,"key":"GhostInAJar"},{"floor":33,"key":"REME_GoldPotion"},{"floor":37,"key":"Block Potion"},{"floor":40,"key":"DuplicationPotion"}],"is_trial":false,"path_per_floor":["M","?","?","M","M","E","?","T","T","R","M","M","R","M","R","B",null,"M","M","?","$","M","R","M","?","T","R","M","R","?","?","R","B",null,"M","?","?","AVR","?","M","M","$","T","?","R","T","?","E","R","B",null],"character_chosen":"THE_SILENT","items_purchased":["GuppysHairball","GuppysCollar","Oddly Smooth Stone","REME_TwoStrings+1","hubris:EnhanceAbility","GuppysHead"],"campfire_rested":4,"item_purchase_floors":[17,17,21,21,21,34],"current_hp_per_floor":[63,63,63,63,60,3,3,3,3,21,17,14,32,32,50,44,35,17,17,17,32,20,20,20,20,20,20,10,10,10,2,12,12,25,25,25,25,25,25,25,25,25,25,25,25,25,25,25,25,13],"gold":299,"neow_bonus":"THREE_RARE_CARDS","is_daily":false,"chose_seed":false,"campfire_upgraded":5,"win_rate":0.0,"timestamp":1614267269,"path_taken":["M","?","?","M","M","E","?","?","T","R","M","M","R","M","R","BOSS","M","M","?","$","?","R","M","?","T","R","M","R","?","?","R","BOSS","M","?","?","AVR","?","?","M","$","T","?","R","?","?","E","R","BOSS"],"items_purchased_type":["Relic","Relic","Relic","Card","Card","Relic"],"build_version":"2020-12-22","purchased_purges":4,"victory":true,"max_hp_per_floor":[63,63,63,63,63,63,63,63,63,63,63,63,63,63,63,63,35,35,35,35,35,35,35,35,35,35,35,35,35,35,35,35,35,25,25,25,25,25,25,25,25,25,25,25,25,25,25,25,25,25],"relic_stats":{"counters":[20,84],"MealTicket":15,"obtain_stats":[{"KeepersGift":0,"ReplayFunnel":48,"Replay:Accelerometer":26,"hubris:Metronome":43,"Oddly Smooth Stone":21,"Blue Doll":37,"conspire:GlowingRock":38,"PokeGo":0,"hubris:Icosahedron":7,"aspiration:DefectSkillbook":17,"infinitespire:Satchel":6,"MealTicket":2,"Bottled Lightning":9,"GuppysHairball":17,"GuppysHead":34,"Toxic Egg 2":3,"reliquary:WritOfMandamus":34,"HushsDoor":0,"GuppysCollar":17,"Ring of the Snake":0,"REME_ComplimentaryCards":0,"reliquary:SharkskinSheath":46},{"KeepersGift":0,"ReplayFunnel":19,"Replay:Accelerometer":12,"hubris:Metronome":18,"Oddly Smooth Stone":10,"Blue Doll":16,"conspire:GlowingRock":16,"PokeGo":0,"hubris:Icosahedron":4,"aspiration:DefectSkillbook":8,"infinitespire:Satchel":4,"MealTicket":1,"Bottled Lightning":4,"GuppysHairball":8,"GuppysHead":14,"Toxic Egg 2":1,"reliquary:WritOfMandamus":14,"HushsDoor":0,"GuppysCollar":8,"Ring of the Snake":0,"REME_ComplimentaryCards":0,"reliquary:SharkskinSheath":18},{"KeepersGift":0,"ReplayFunnel":79,"Replay:Accelerometer":61,"hubris:Metronome":74,"Oddly Smooth Stone":55,"Blue Doll":70,"conspire:GlowingRock":70,"PokeGo":0,"hubris:Icosahedron":24,"aspiration:DefectSkillbook":47,"infinitespire:Satchel":24,"MealTicket":2,"Bottled Lightning":24,"GuppysHairball":47,"GuppysHead":66,"Toxic Egg 2":2,"reliquary:WritOfMandamus":66,"HushsDoor":0,"GuppysCollar":47,"Ring of the Snake":0,"REME_ComplimentaryCards":0,"reliquary:SharkskinSheath":74}],"Ring of the Snake":[40]},"card_choices":[{"not_picked":[],"picked":"ChaosCard","floor":0.0},{"not_picked":["Storm of Steel","REME_LeechingPoison"],"picked":"infinitespire:Neurotoxin","floor":0.0},{"not_picked":["Dodge and Roll","Concentrate"],"picked":"Blur","floor":1.0},{"not_picked":["Flying Knee","Slice"],"picked":"Footwork","floor":2.0},{"not_picked":["Blade Dance+1","Backflip+1"],"picked":"Hidden Blade+1","floor":4.0},{"not_picked":["Finisher","Quick Slash"],"picked":"conspire:DoublingDagger+1","floor":5.0},{"not_picked":["Sucker Punch","Slice"],"picked":"REME_GreenPollution","floor":6.0},{"not_picked":["Dodge and Roll+1","Riddle With Holes","Night Terror+1"],"picked":"SKIP","floor":11},{"not_picked":["Sucker Punch","Backflip+1"],"picked":"Bane","floor":12},{"not_picked":["Slice","Backflip+1"],"picked":"Deadly Poison+1","floor":14},{"not_picked":["Atom Bomb","Venomology+1"],"picked":"REME_SpectralBlade","floor":16},{"not_picked":["Hidden Blade+1","Defragment","Aggregate+1","BasicCrystalCard+1"],"picked":"SKIP","floor":18},{"not_picked":["Crippling Poison+1","Setup+1","conspire:DoublingDagger+1"],"picked":"Noxious Fumes","floor":19},{"not_picked":["Crystallizer","Rebound","Stack+1"],"picked":"Reprogram+1","floor":22},{"not_picked":["Deflect+1","Acrobatics+1","Beam Cell"],"picked":"conspire:SharedLibrary","floor":24},{"not_picked":["Lockon","Panic Button+1","Poisoned Stab"],"picked":"Burst+1","floor":28},{"not_picked":["ReplayTheSpireMod:Echoes of Time","infinitespire:SealOfDarkness+"],"picked":"hubris:Fate","floor":31},{"not_picked":["ReplayTheSpireMod:Omega Cannon","Seek+1","Atom Bomb"],"picked":"REME_ShadowForm","floor":33},{"not_picked":["BasicCrystalCard+1","Deadly Poison+1","Flying Knee+1"],"picked":"Backflip+1","floor":35},{"not_picked":["Prepared+1","Well Laid Plans+1","ReplayTheSpireMod:Dual Polarity+1","Fusion+1"],"picked":"SKIP","floor":40},{"not_picked":["Hello World+1","Stack+1","Blizzard+1"],"picked":"Leap+1","floor":41},{"not_picked":["Dash+1","Choke+1","Concentrate+1"],"picked":"Reflex+1","floor":48}],"player_experience":513199,"relics_obtained":[{"floor":2.0,"key":"MealTicket"},{"floor":6.0,"key":"infinitespire:Satchel"},{"floor":9,"key":"Bottled Lightning"},{"floor":26,"key":"Replay:Accelerometer"},{"floor":37,"key":"Blue Doll"},{"floor":43,"key":"hubris:Metronome"},{"floor":46,"key":"reliquary:SharkskinSheath"},{"floor":48,"key":"ReplayFunnel"}],"event_choices":[{"damage_healed":0,"gold_gain":0,"player_choice":"Ignored","damage_taken":0,"max_hp_gain":0,"max_hp_loss":0,"event_name":"Ghosts","floor":20,"gold_loss":0},{"damage_healed":0,"gold_gain":0,"player_choice":"Ignored","damage_taken":0,"max_hp_gain":0,"max_hp_loss":0,"event_name":"Tomb of Lord Red Mask","floor":39,"gold_loss":0},{"cards_removed":["Bane"],"damage_healed":0,"gold_gain":0,"player_choice":"Removed Attack","damage_taken":0,"max_hp_gain":0,"max_hp_loss":0,"event_name":"Falling","floor":47,"gold_loss":0}],"is_beta":false,"boss_relics":[{"not_picked":["Ring of Chaos","hubris:ScarierMask"],"picked":"aspiration:DefectSkillbook"},{"not_picked":[]},{"not_picked":["Runic Pyramid","reliquary:Craggleroot"],"picked":"reliquary:WritOfMandamus"},{"not_picked":[]}],"items_purged_floors":[17,21,38,42],"is_endless":false,"potions_floor_spawned":[1,11,12,24,28,33,37,40,48],"ascension_level":0}}