{"host":"t39frk1gt0zfm79h","time":1614216423,"event":{"mods":["BaseMod","Better Altar","Better Match","Better Note","Better Sensory Stone","Better Skull","Better Third Choice","Block Reminder","Colored Map","Downfall","Hermit","Minty Spire (QoL Compilation)","Relic Stats","StSLib"],"gold_per_floor":[118,118,118,142,92,92,136,160,160,175,175,19,53,71,71,200,200,215,215,66,80,42,42,80,80,80,80,113,113,113],"floor_reached":29,"language":"ENG","playtime":869,"items_purged":["Strike_R+1"],"score":340,"play_id":"cafec54c-f068-4e8e-88c7-a58b4c5e256e","local_time":"20210224172703","is_ascension_mode":true,"campfire_choices":[{"data":"Bash","floor":6,"key":"SMITH"},{"data":"Flex","floor":11,"key":"SMITH"},{"floor":15,"key":"REST"},{"data":"True Grit","floor":23,"key":"SMITH"},{"floor":25,"key":"REST"},{"data":"Rage","floor":27,"key":"SMITH"}],"circlet_count":0,"master_deck":["Strike_R","Strike_R","Strike_R+1","Strike_R","Defend_R","Defend_R","Defend_R","Defend_R","Bash+1","Twin Strike","Shrug It Off","Flex+1","Pommel Strike","Cleave","Ghostly Armor","Rage+1","Twin Strike+1","Feed+1","True Grit+1","J.A.X.","Berserk+1","Pommel Strike+1","Combust+1","True Grit","Feel No Pain+1"],"relics":["Mark of Pain","Golden Idol","betterThird:SlimedRelic","Whetstone","Frozen Egg 2","Molten Egg 2","Runic Cube","Red Mask","Omamori","Bottled Flame"],"acts_visited":["Exordium","TheCity"],"potions_floor_usage":[13,16,16,16],"damage_taken":[{"damage":7,"enemies":"2 Louse","floor":1,"turns":4},{"damage":0,"enemies":"Small Slimes","floor":4,"turns":2},{"damage":20,"enemies":"Gremlin Nob","floor":7,"turns":4},{"damage":0,"enemies":"Jaw Worm","floor":8,"turns":1},{"damage":0,"enemies":"Blue Slaver","floor":10,"turns":2},{"damage":0,"enemies":"3 Sentries","floor":13,"turns":5},{"damage":6,"enemies":"3 Louse","floor":14,"turns":4},{"damage":0,"enemies":"Slime Boss","floor":16,"turns":3},{"damage":22,"enemies":"Spheric Guardian","floor":18,"turns":6},{"damage":3,"enemies":"Chosen","floor":21,"turns":4},{"damage":39,"enemies":"Masked Bandits","floor":24,"turns":5},{"damage":21,"enemies":"Book of Stabbing","floor":28,"turns":4},{"damage":22,"enemies":"Sentry and Sphere","floor":29,"turns":5}],"seed_played":"731000649207823041","potions_obtained":[{"floor":4,"key":"Fire Potion"},{"floor":8,"key":"hexamod:SoulburnPotion"},{"floor":10,"key":"Explosive Potion"},{"floor":13,"key":"hexamod:SoulburnPotion"},{"floor":18,"key":"CultistPotion"},{"floor":24,"key":"SkillPotion"}],"is_trial":false,"path_per_floor":["M","?","?","M","?","R","E","M","T","M","R","$","E","M","R","B",null,"M","?","$","M","$","R","?","R","T","R","E","M"],"character_chosen":"IRONCLAD","items_purchased":["Ghostly Armor","Berserk+1","Combust+1"],"campfire_rested":2,"item_purchase_floors":[12,20,22],"current_hp_per_floor":[73,78,78,78,67,67,47,47,47,47,47,47,47,41,64,64,79,57,57,57,54,54,54,19,43,43,43,22,0,0],"gold":113,"neow_bonus":"BOSS_RELIC","is_daily":false,"chose_seed":false,"campfire_upgraded":4,"win_rate":0.0,"timestamp":1614216423,"path_taken":["M","?","?","M","?","R","E","M","T","?","R","$","E","M","R","BOSS","M","?","$","M","$","R","?","R","T","R","E","M"],"items_purchased_type":["Card","Card","Card"],"build_version":"2020-12-22","purchased_purges":1,"victory":false,"max_hp_per_floor":[80,85,79,79,79,79,79,79,79,79,79,79,79,79,79,79,79,79,79,79,79,79,79,83,83,83,83,83,83,83],"relic_stats":{"counters":[13,49],"Golden Idol":80,"Whetstone":["Strike_R","Strike_R"],"obtain_stats":[{"Bottled Flame":28,"Golden Idol":3,"betterThird:SlimedRelic":5,"Molten Egg 2":13,"Mark of Pain":0,"Red Mask":24,"Omamori":26,"Whetstone":7,"Frozen Egg 2":9,"Burning Blood":0,"Runic Cube":17},{"Bottled Flame":12,"Golden Idol":1,"betterThird:SlimedRelic":2,"Molten Egg 2":6,"Mark of Pain":0,"Red Mask":11,"Omamori":11,"Whetstone":3,"Frozen Egg 2":4,"Burning Blood":0,"Runic Cube":8},{"Bottled Flame":44,"Golden Idol":4,"betterThird:SlimedRelic":6,"Molten Egg 2":18,"Mark of Pain":0,"Red Mask":40,"Omamori":40,"Whetstone":10,"Frozen Egg 2":11,"Burning Blood":0,"Runic Cube":25}],"Runic Cube":[24]},"card_choices":[{"not_picked":["Iron Wave","Warcry"],"picked":"Twin Strike","floor":1},{"not_picked":["Hemokinesis","Headbutt"],"picked":"Shrug It Off","floor":4},{"not_picked":["Iron Wave","Dark Embrace"],"picked":"Flex","floor":7},{"not_picked":["Iron Wave","Combust"],"picked":"Pommel Strike","floor":8},{"not_picked":["Sword Boomerang","Perfected Strike"],"picked":"Cleave","floor":10},{"not_picked":["Carnage+1","Headbutt+1"],"picked":"Rage","floor":13},{"not_picked":["Heavy Blade+1","Clash+1"],"picked":"Twin Strike+1","floor":14},{"not_picked":["Demon Form+1","Corruption+1"],"picked":"Feed+1","floor":16},{"not_picked":["Perfected Strike+1","Dark Embrace+1"],"picked":"True Grit","floor":18},{"not_picked":["Second Wind","Searing Blow+1"],"picked":"Pommel Strike+1","floor":21},{"not_picked":["Hemokinesis+1","Pommel Strike+1"],"picked":"True Grit","floor":24},{"not_picked":["Corruption+1","Clash+1"],"picked":"Feel No Pain+1","floor":28}],"player_experience":29109,"relics_obtained":[{"floor":7,"key":"Whetstone"},{"floor":9,"key":"Frozen Egg 2"},{"floor":13,"key":"Molten Egg 2"},{"floor":24,"key":"Red Mask"},{"floor":26,"key":"Omamori"},{"floor":28,"key":"Bottled Flame"}],"event_choices":[{"damage_healed":0,"gold_gain":0,"player_choice":"Donut","damage_taken":0,"max_hp_gain":5,"max_hp_loss":0,"event_name":"Big Fish","floor":2,"gold_loss":0},{"damage_healed":0,"gold_gain":0,"player_choice":"Lose Max HP","damage_taken":0,"relics_obtained":["Golden Idol"],"max_hp_gain":0,"max_hp_loss":6,"event_name":"Golden Idol","floor":3,"gold_loss":0},{"damage_healed":0,"gold_gain":0,"player_choice":"Slimed","damage_taken":11,"max_hp_gain":0,"max_hp_loss":0,"event_name":"betterThird:BetterGoop","floor":5,"gold_loss":50},{"damage_healed":0,"gold_gain":0,"player_choice":"Obtain J.A.X.","damage_taken":0,"max_hp_gain":0,"max_hp_loss":0,"event_name":"Drug Dealer","floor":19,"gold_loss":0,"cards_obtained":["J.A.X."]},{"damage_healed":0,"gold_gain":0,"player_choice":"Fought Bandits","damage_taken":0,"max_hp_gain":0,"max_hp_loss":0,"event_name":"Masked Bandits","floor":24,"gold_loss":0}],"is_beta":false,"boss_relics":[{"not_picked":["Snecko Eye","Cursed Key"],"picked":"Runic Cube"}],"items_purged_floors":[12],"is_endless":false,"potions_floor_spawned":[4,8,10,13,18,24],"killed_by":"Sentry and Sphere","ascension_level":1}}