{"host":"9c9syrivwe4sfpe0","time":1614216331,"event":{"mods":["AchievementEnabler","BaseMod","Colored Powertips","DeckTracker","GifTheSpireLib","Highlight Path","Minty Spire (QoL Compilation)","Quick Restart","Random Character Button","StSLib","SuperFastMode"],"gold_per_floor":[116,116,130,55,71,71,101,101,101,101,115,115,132,132,132,228,228,246,246,265,265,265,299,308,329,355,134,159,159,181,195,204,204,204],"floor_reached":33,"language":"ENG","playtime":1143,"items_purged":["Shame"],"score":360,"play_id":"6433c141-f938-4ada-ae5f-7244a5218a77","local_time":"20210225122531","is_ascension_mode":true,"campfire_choices":[{"data":"Demon Form","floor":6,"key":"SMITH"},{"data":"Shrug It Off","floor":8,"key":"SMITH"},{"data":"Bash","floor":10,"key":"SMITH"},{"data":"Armaments","floor":12,"key":"SMITH"},{"data":"Rage","floor":15,"key":"SMITH"},{"floor":24,"key":"REST"},{"data":"Infernal Blade","floor":29,"key":"SMITH"},{"floor":32,"key":"REST"}],"circlet_count":0,"master_deck":["Strike_R","Strike_R+1","Strike_R","Strike_R","Defend_R","Defend_R+1","Defend_R","Bash+1","Demon Form+1","Thunderclap","Uppercut","Headbutt","Shrug It Off+1","Rampage","Armaments+1","Rage+1","Immolate","Anger+1","Havoc","Carnage","Clash","Clash","Heavy Blade+1","Demon Form+1","Infernal Blade+1","Perfected Strike","Dual Wield","Shrug It Off","Sever Soul"],"relics":["Burning Blood","Akabeko","Eternal Feather","SacredBark","CeramicFish","Dream Catcher","Nunchaku","DollysMirror"],"acts_visited":["Exordium","TheCity"],"potions_floor_usage":[7,13,18,20,28,33],"damage_taken":[{"damage":1,"enemies":"2 Louse","floor":1,"turns":3},{"damage":8,"enemies":"Cultist","floor":3,"turns":4},{"damage":0,"enemies":"Small Slimes","floor":5,"turns":3},{"damage":30,"enemies":"Lagavulin","floor":7,"turns":5},{"damage":0,"enemies":"3 Louse","floor":11,"turns":2},{"damage":9,"enemies":"Lots of Slimes","floor":13,"turns":4},{"damage":40,"enemies":"Hexaghost","floor":16,"turns":6},{"damage":0,"enemies":"Shell Parasite","floor":18,"turns":1},{"damage":11,"enemies":"2 Thieves","floor":20,"turns":3},{"damage":53,"enemies":"Slavers","floor":23,"turns":6},{"damage":14,"enemies":"Chosen and Byrds","floor":25,"turns":4},{"damage":2,"enemies":"Cultist and Chosen","floor":28,"turns":6},{"damage":22,"enemies":"Sentry and Sphere","floor":30,"turns":4},{"damage":19,"enemies":"3 Cultists","floor":31,"turns":4},{"damage":101,"enemies":"Collector","floor":33,"turns":7}],"seed_played":"-8379218479661204957","potions_obtained":[{"floor":3,"key":"Energy Potion"},{"floor":7,"key":"SneckoOil"},{"floor":11,"key":"Swift Potion"},{"floor":16,"key":"DistilledChaos"},{"floor":18,"key":"SpeedPotion"},{"floor":23,"key":"Block Potion"},{"floor":25,"key":"FearPotion"}],"is_trial":false,"path_per_floor":["M","?","M","$","M","R","E","R","T","R","M","R","M","?","R","B",null,"M","?","M","?","?","E","R","M","T","$","M","R","M","M","R","B"],"character_chosen":"IRONCLAD","items_purchased":["DollysMirror","Infernal Blade","Perfected Strike"],"campfire_rested":2,"item_purchase_floors":[27,27,27],"current_hp_per_floor":[77,77,75,75,80,80,56,56,56,65,71,80,77,61,70,36,69,75,75,70,70,70,23,59,51,51,51,55,70,54,41,80,0,0],"gold":204,"neow_bonus":"THREE_RARE_CARDS","is_daily":false,"chose_seed":false,"campfire_upgraded":6,"win_rate":0.0,"timestamp":1614216331,"path_taken":["M","?","M","$","M","R","E","R","T","R","?","R","M","?","R","BOSS","M","?","?","?","?","E","R","M","T","$","M","R","?","M","R","BOSS"],"items_purchased_type":["Relic","Card","Card"],"build_version":"2020-12-22","purchased_purges":1,"victory":false,"max_hp_per_floor":[80,80,80,80,80,80,80,80,80,80,80,80,80,80,80,80,80,80,80,80,80,80,80,80,80,80,80,80,80,80,80,80,80,80],"card_choices":[{"not_picked":["Juggernaut","Immolate"],"picked":"Demon Form","floor":0},{"not_picked":["Hemokinesis","Twin Strike"],"picked":"Thunderclap","floor":1},{"not_picked":["Thunderclap","Reckless Charge"],"picked":"Headbutt","floor":3},{"not_picked":["Wild Strike","Combust"],"picked":"Shrug It Off","floor":5},{"not_picked":["Shrug It Off","Wild Strike"],"picked":"Rampage","floor":7},{"not_picked":["Dropkick","Bloodletting"],"picked":"Armaments","floor":11},{"not_picked":["Sword Boomerang","Carnage"],"picked":"Rage","floor":13},{"not_picked":["Juggernaut","Corruption"],"picked":"Immolate","floor":16},{"not_picked":["Fire Breathing","Uppercut"],"picked":"Anger+1","floor":18},{"not_picked":["Spot Weakness","Flex"],"picked":"Carnage","floor":20},{"not_picked":["Spot Weakness+1","Twin Strike"],"picked":"Clash","floor":23},{"not_picked":["Seeing Red","Whirlwind"],"picked":"Clash","floor":24},{"not_picked":["Iron Wave","Rupture+1"],"picked":"Heavy Blade+1","floor":25},{"not_picked":["Headbutt+1","Clash"],"picked":"Dual Wield","floor":28},{"not_picked":["Hemokinesis+1","Wild Strike"],"picked":"Shrug It Off","floor":30},{"not_picked":["Power Through","Warcry","Havoc"],"picked":"SKIP","floor":31},{"not_picked":["Immolate","Dark Embrace+1"],"picked":"Sever Soul","floor":32}],"player_experience":862344,"relics_obtained":[{"floor":7,"key":"Akabeko"},{"floor":9,"key":"Eternal Feather"},{"floor":23,"key":"Dream Catcher"},{"floor":26,"key":"Nunchaku"}],"event_choices":[{"damage_healed":0,"gold_gain":0,"cards_transformed":["Defend_R"],"player_choice":"Transformed","damage_taken":0,"max_hp_gain":0,"max_hp_loss":0,"event_name":"Transmorgrifier","floor":2,"gold_loss":0,"cards_obtained":["Uppercut"]},{"damage_healed":0,"gold_gain":0,"player_choice":"Entered Light","damage_taken":16,"max_hp_gain":0,"max_hp_loss":0,"event_name":"Shining Light","floor":14,"gold_loss":0,"cards_upgraded":["Strike_R","Defend_R"]},{"damage_healed":0,"gold_gain":0,"cards_transformed":["Strike_R"],"player_choice":"Transformed","damage_taken":0,"max_hp_gain":0,"max_hp_loss":0,"event_name":"Transmorgrifier","floor":19,"gold_loss":0,"cards_obtained":["Havoc"]},{"damage_healed":0,"gold_gain":0,"player_choice":"Ignored","damage_taken":0,"max_hp_gain":0,"max_hp_loss":0,"event_name":"Vampires","floor":21,"gold_loss":0},{"damage_healed":0,"gold_gain":0,"player_choice":"Gave Potion","damage_taken":0,"relics_obtained":["CeramicFish"],"max_hp_gain":0,"max_hp_loss":0,"event_name":"WeMeetAgain","floor":22,"gold_loss":0}],"is_beta":false,"boss_relics":[{"not_picked":["Tiny House","Ectoplasm"],"picked":"SacredBark"}],"items_purged_floors":[4],"is_endless":false,"potions_floor_spawned":[3,7,11,16,18,23,25],"killed_by":"Collector","ascension_level":7}}