{"host":"z4s4qib7mdvdkfud","time":1614281348,"event":{"mods":["BaseMod","Colored Map","Colored Powertips","Curses Come First","DeckTracker","Downfall","Highlight Path","Minty Spire (QoL Compilation)","Permanent Neow","Replay The Spire","StSLib","Wide Potions"],"gold_per_floor":[116,128,128,142,162,196,196,206,206,206,234,244,269,287,287,386,386,398,323,350,365,380,380,412,422,446,446,545,595,610,610,610,639,639,737,837,851,630,648,393,406,406,406],"floor_reached":42,"language":"ENG","playtime":2049,"items_purged":["Strike_G"],"score":506,"play_id":"159a4240-704e-4cb5-8ade-59c669b0f9cc","local_time":"20210226062908","is_ascension_mode":true,"campfire_choices":[{"data":"Storm of Steel","floor":7,"key":"SMITH"},{"floor":10,"key":"REST"},{"floor":15,"key":"DIG"},{"data":"Accuracy","floor":23,"key":"SMITH"},{"data":"Hidden Blade","floor":27,"key":"SMITH"},{"data":"Neutralize","floor":34,"key":"SMITH"}],"circlet_count":0,"master_deck":["Strike_G","Strike_G","Strike_G","Defend_G","Defend_G","Defend_G+1","Defend_G","Defend_G+1","Survivor","Neutralize+1","Quick Slash","Caltrops","Caltrops","Dagger Spray","Storm of Steel+1","Noxious Fumes","Accuracy+1","Dodge and Roll","Backflip","Tools of the Trade","Leg Sweep","ReplayTheSpireMod:From All Sides","Cloak And Dagger+1","Quick Slash+1","Choke+1","Hidden Blade+1","Escape Plan+1","Envenom","Cloak And Dagger","Blade Dance+1","PiercingWail+1"],"relics":["Ring of the Snake","Replay:WaspNest","Torii","Prayer Wheel","Shovel","Ninja Scroll","Pen Nib","WristBlade","Blood Vial","Bird Faced Urn","War Paint","Replay:Baseball","Replay:Grab Bag","Busted Crown","Replay:Wanted Poster","SacredBark","HandDrill","Bottled Lightning"],"acts_visited":["Exordium","TheCity","TheBeyond"],"potions_floor_usage":[8,8,13,16,35,39,42],"damage_taken":[{"damage":8,"enemies":"Small Slimes","floor":1,"turns":4},{"damage":4,"enemies":"Cultist","floor":2,"turns":4},{"damage":3,"enemies":"2 Louse","floor":4,"turns":3},{"damage":6,"enemies":"Exordium Thugs","floor":5,"turns":5},{"damage":23,"enemies":"Replay:BlueRogue","floor":6,"turns":7},{"damage":1,"enemies":"Large Slime","floor":8,"turns":5},{"damage":20,"enemies":"3 Sentries","floor":11,"turns":6},{"damage":2,"enemies":"2 Fungi Beasts","floor":12,"turns":3},{"damage":4,"enemies":"Replay:BlueRogue","floor":13,"turns":5},{"damage":0,"enemies":"Lots of Slimes","floor":14,"turns":1},{"damage":8,"enemies":"Fading Forest","floor":16,"turns":11},{"damage":0,"enemies":"Chosen","floor":18,"turns":1},{"damage":10,"enemies":"2 Thieves","floor":21,"turns":4},{"damage":0,"enemies":"Snake Plant","floor":22,"turns":2},{"damage":1,"enemies":"Replay:Snechameleon","floor":24,"turns":3},{"damage":1,"enemies":"Sentry and Sphere","floor":25,"turns":4},{"damage":0,"enemies":"3 Cultists","floor":30,"turns":4},{"damage":8,"enemies":"Gremlin Leader","floor":33,"turns":4},{"damage":21,"enemies":"Automaton","floor":35,"turns":5},{"damage":29,"enemies":"3 Darklings","floor":37,"turns":4},{"damage":8,"enemies":"3 Shapes","floor":39,"turns":4},{"damage":42,"enemies":"Transient","floor":41,"turns":5},{"damage":19,"enemies":"Nemesis","floor":42,"turns":2}],"seed_played":"6959006918143243432","potions_obtained":[{"floor":1,"key":"EssenceOfSteel"},{"floor":2,"key":"SteroidPotion"},{"floor":11,"key":"Adrenaline Potion"},{"floor":13,"key":"LiquidBronze"},{"floor":16,"key":"Weak Potion"},{"floor":18,"key":"SpeedPotion"},{"floor":21,"key":"AttackPotion"},{"floor":35,"key":"SkillPotion"}],"is_trial":false,"path_per_floor":["M","M","?","M","M","E","R","M","T","R","E","M","E","M","R","B",null,"M","?","T","M","M","R","E","M","T","R","?","?","M","PTL","PTL","E","R","B",null,"M","$","M","$","M","E"],"character_chosen":"THE_SILENT","items_purchased":["HandDrill","Bottled Lightning"],"campfire_rested":1,"item_purchase_floors":[38,40],"current_hp_per_floor":[62,58,58,55,49,26,26,25,25,46,26,24,20,20,20,12,70,70,70,70,60,62,62,63,66,66,66,66,66,68,68,68,62,62,47,70,43,43,45,45,13,0,0],"gold":406,"neow_bonus":"RANDOM_EVENT","is_daily":false,"chose_seed":false,"campfire_upgraded":4,"win_rate":0.0,"timestamp":1614281348,"path_taken":["M","M","?","M","M","E","R","M","T","R","E","?","E","M","R","BOSS","M","?","?","?","M","R","E","M","T","R","?","?","M","PTL","PTL","E","R","BOSS","M","$","M","$","M","E"],"items_purchased_type":["Relic","Relic"],"build_version":"2020-12-22","purchased_purges":1,"victory":false,"max_hp_per_floor":[70,70,70,70,70,70,70,70,70,70,70,70,70,70,70,70,70,70,70,70,70,70,70,70,70,70,70,70,70,70,70,70,70,70,70,70,70,70,70,70,70,70,70],"card_choices":[{"not_picked":["Distraction","Acrobatics"],"picked":"Quick Slash","floor":1},{"not_picked":["Predator","Outmaneuver"],"picked":"Caltrops","floor":2},{"not_picked":["Bane","Finisher"],"picked":"Caltrops","floor":4},{"not_picked":["Underhanded Strike","Quick Slash"],"picked":"Dagger Spray","floor":5},{"not_picked":["ReplayTheSpireMod:Tripwire","Eviscerate"],"picked":"Storm of Steel","floor":6},{"not_picked":["Calculated Gamble","Quick Slash"],"picked":"Noxious Fumes","floor":8},{"not_picked":["Heel Hook","Deflect"],"picked":"Accuracy","floor":11},{"not_picked":["Well Laid Plans","Deflect"],"picked":"Dodge and Roll","floor":12},{"not_picked":["Draining Mist","Dagger Spray"],"picked":"Backflip","floor":12},{"not_picked":["Skewer","Bane"],"picked":"Tools of the Trade","floor":13},{"not_picked":["Dagger Spray","Deflect"],"picked":"Leg Sweep","floor":14},{"not_picked":["Flechettes","Hidden Blade","PiercingWail"],"picked":"SKIP","floor":14},{"not_picked":["Atom Bomb","Doppelganger"],"picked":"ReplayTheSpireMod:From All Sides","floor":16},{"not_picked":["Poisoned Stab","Prepared"],"picked":"Cloak And Dagger+1","floor":18},{"not_picked":["Sucker Punch","Bane+1","Deflect"],"picked":"SKIP","floor":18},{"not_picked":["Poisoned Stab+1","Underhanded Strike"],"picked":"Quick Slash+1","floor":21},{"not_picked":["Leg Sweep","Quick Slash+1","Bane"],"picked":"SKIP","floor":21},{"not_picked":["Flying Knee","Outmaneuver"],"picked":"Choke+1","floor":22},{"not_picked":["Bane","Toxin Wave","Expertise"],"picked":"SKIP","floor":22},{"not_picked":["Prepared","Wraith Form v2","Draining Mist+1"],"picked":"SKIP","floor":24},{"not_picked":["Dagger Spray+1","PiercingWail"],"picked":"Hidden Blade","floor":25},{"not_picked":["Backstab","Bane","Reflex"],"picked":"SKIP","floor":25},{"not_picked":["Dodge and Roll+1","Slice"],"picked":"Escape Plan+1","floor":30},{"not_picked":["Poisoned Stab","Riddle With Holes","Calculated Gamble"],"picked":"SKIP","floor":30},{"not_picked":["Masterful Stab","Deflect","Caltrops"],"picked":"SKIP","floor":33},{"not_picked":["Storm of Steel","ReplayTheSpireMod:Necrosis"],"picked":"Envenom","floor":35},{"not_picked":[],"picked":"Cloak And Dagger","floor":37},{"not_picked":["Eviscerate"],"picked":"SKIP","floor":37},{"not_picked":[],"picked":"Blade Dance+1","floor":39},{"not_picked":["Bouncing Flask+1"],"picked":"SKIP","floor":39},{"not_picked":[],"picked":"PiercingWail+1","floor":41},{"not_picked":["Dodge and Roll"],"picked":"SKIP","floor":41}],"player_experience":87786,"relics_obtained":[{"floor":6,"key":"Torii"},{"floor":9,"key":"Prayer Wheel"},{"floor":11,"key":"Shovel"},{"floor":13,"key":"Ninja Scroll"},{"floor":15,"key":"Pen Nib"},{"floor":20,"key":"Blood Vial"},{"floor":24,"key":"Bird Faced Urn"},{"floor":26,"key":"War Paint"},{"floor":33,"key":"Replay:Baseball"}],"event_choices":[{"damage_healed":0,"gold_gain":0,"player_choice":"Box","damage_taken":0,"relics_obtained":["Replay:WaspNest"],"max_hp_gain":0,"max_hp_loss":0,"event_name":"Big Fish","floor":0,"gold_loss":0,"cards_obtained":["Regret"]},{"cards_removed":["Regret"],"damage_healed":0,"gold_gain":0,"player_choice":"Removed Curses","damage_taken":0,"max_hp_gain":0,"max_hp_loss":0,"event_name":"Fountain of Cleansing","floor":3,"gold_loss":0},{"cards_removed":["Strike_G"],"damage_healed":0,"gold_gain":0,"player_choice":"Gave Gold","damage_taken":0,"max_hp_gain":0,"max_hp_loss":0,"event_name":"Beggar","floor":19,"gold_loss":75},{"damage_healed":0,"gold_gain":99,"player_choice":"Stole From Cult","damage_taken":0,"max_hp_gain":0,"max_hp_loss":0,"event_name":"Nest","floor":28,"gold_loss":0},{"damage_healed":0,"gold_gain":100,"player_choice":"Bet on Murderer","damage_taken":0,"max_hp_gain":0,"max_hp_loss":0,"event_name":"The Joust","floor":29,"gold_loss":50}],"is_beta":false,"boss_relics":[{"not_picked":["SlaversCollar","Empty Cage"],"picked":"WristBlade"},{"not_picked":["Ring of Chaos","Sozu"],"picked":"Replay:Grab Bag"},{"not_picked":["Philosopher\u0027s Stone","Runic Dome"],"picked":"Busted Crown"},{"not_picked":["Fusion Hammer","ChewingGum"],"picked":"Replay:Wanted Poster"},{"not_picked":["Astrolabe","Runic Pyramid"],"picked":"SacredBark"}],"items_purged_floors":[38],"is_endless":false,"potions_floor_spawned":[1,2,11,13,16,18,21,24,35,37],"killed_by":"Nemesis","ascension_level":2}}