{"host":"121m0oxswv9tg9hk","time":1614258051,"event":{"mods":["BaseMod","Better Altar","Better Third Choice","Hermit","Hubris","Ironclad Rager","Minty Spire (QoL Compilation)","Replay The Spire","Shade Mod","StSLib","The Construct","The Mystic"],"gold_per_floor":[118,138,151,165,183,183,218,218,218,236,248,248,283,297,297,421,421,446,446,446,446,446,481,481,481,481],"floor_reached":25,"language":"ENG","playtime":1408,"items_purged":[],"score":340,"play_id":"558023ea-7eab-437f-9471-f8a0db043958","local_time":"20210225140051","is_ascension_mode":true,"campfire_choices":[{"data":"hermit:HighCaliber","floor":6,"key":"SMITH"},{"floor":8,"key":"REST"},{"data":"hermit:Maintenance","floor":15,"key":"SMITH"},{"floor":24,"key":"REST"}],"circlet_count":0,"master_deck":["hermit:Strike_Hermit","hermit:Strike_Hermit","hermit:Strike_Hermit","hermit:Strike_Hermit","hermit:Defend_Hermit","hermit:Defend_Hermit","hermit:Defend_Hermit","hermit:Defend_Hermit","hermit:Snapshot","hermit:Covet","hermit:WideOpen","hermit:Brawl","hermit:HighCaliber+1","hermit:HighNoon","hermit:Determination","hermit:Maintenance+1","Injury","hermit:Adapt","AbeCurse","hermit:Coalescence","Shame"],"relics":["hermit:Momento","Potion Belt","Replay:Rubber Ducky","Orichalcum","Golden Idol","hubris:BundleOfHerbs","Abe\u0027s Treasure","Tiny Chest","Darkstone Periapt","Simple Rune"],"acts_visited":["Exordium","TheCity"],"potions_floor_usage":[5,16,23],"damage_taken":[{"damage":0,"enemies":"2 Louse","floor":1,"turns":3},{"damage":0,"enemies":"Small Slimes","floor":2,"turns":2},{"damage":9,"enemies":"Jaw Worm","floor":3,"turns":3},{"damage":16,"enemies":"Blue Slaver","floor":4,"turns":3},{"damage":0,"enemies":"Large Slime","floor":5,"turns":2},{"damage":16,"enemies":"Gremlin Nob","floor":7,"turns":3},{"damage":0,"enemies":"Looter","floor":10,"turns":3},{"damage":4,"enemies":"Gremlin Gang","floor":11,"turns":6},{"damage":15,"enemies":"3 Sentries","floor":13,"turns":10},{"damage":2,"enemies":"Red Slaver","floor":14,"turns":3},{"damage":12,"enemies":"The Guardian","floor":16,"turns":11},{"damage":4,"enemies":"Chosen","floor":18,"turns":5},{"damage":65,"enemies":"Gremlin Leader","floor":23,"turns":7},{"damage":51,"enemies":"Book of Stabbing","floor":25,"turns":4}],"seed_played":"987088817629292532","potions_obtained":[{"floor":4,"key":"Fire Potion"},{"floor":7,"key":"SteroidPotion"},{"floor":11,"key":"Death Potion"},{"floor":16,"key":"Block Potion"}],"is_trial":false,"path_per_floor":["M","M","M","M","M","R","E","R","T","M","M","?","E","M","R","B",null,"M","?","?","$","?","E","R","E"],"character_chosen":"HERMIT","items_purchased":[],"campfire_rested":2,"item_purchase_floors":[],"current_hp_per_floor":[75,75,66,50,50,50,34,56,56,56,52,52,37,35,35,44,75,71,71,71,71,71,6,28,0,0],"gold":481,"neow_bonus":"RANDOM_COMMON_RELIC","is_daily":false,"chose_seed":false,"campfire_upgraded":2,"win_rate":0.0,"timestamp":1614258051,"path_taken":["M","M","M","M","M","R","E","R","T","M","M","?","E","M","R","BOSS","M","?","?","?","?","E","R","E"],"items_purchased_type":[],"build_version":"2020-12-22","purchased_purges":0,"victory":false,"max_hp_per_floor":[75,75,75,75,75,75,75,75,75,75,75,75,75,75,75,75,75,75,75,75,75,75,75,75,75,75],"card_choices":[{"not_picked":["hermit:ItchyTrigger","hermit:Desperado"],"picked":"hermit:WideOpen","floor":1},{"not_picked":["hermit:Coalescence","hermit:BodyArmor"],"picked":"hermit:Brawl","floor":2},{"not_picked":["hermit:Vantage","hermit:Quickdraw"],"picked":"hermit:HighCaliber","floor":3},{"not_picked":["hermit:Coalescence","hermit:ItchyTrigger","hermit:Feint"],"picked":"SKIP","floor":4},{"not_picked":["hermit:Misfire","hermit:Desperado"],"picked":"hermit:HighNoon","floor":5},{"not_picked":["hermit:ItchyTrigger","hermit:LuckOfTheDraw","hermit:Snipe"],"picked":"SKIP","floor":7},{"not_picked":["hermit:ItchyTrigger","hermit:Glare"],"picked":"hermit:Determination","floor":10},{"not_picked":["hermit:Misfire","hermit:Roughhouse"],"picked":"hermit:Maintenance","floor":11},{"not_picked":["hermit:HighCaliber","hermit:FromBeyond","hermit:CalledShot"],"picked":"SKIP","floor":13},{"not_picked":["hermit:Quickdraw","hermit:SprayPray","hermit:TrackingShot"],"picked":"SKIP","floor":14},{"not_picked":["hermit:Magnum","hermit:HeroicBravado"],"picked":"hermit:Adapt","floor":16},{"not_picked":["hermit:Enervate","hermit:EyeOfTheStorm"],"picked":"hermit:Coalescence","floor":18},{"not_picked":["hermit:Dive","hermit:Misfire","hermit:Headshot"],"picked":"SKIP","floor":23}],"player_experience":2592300,"relics_obtained":[{"floor":7,"key":"Replay:Rubber Ducky"},{"floor":9,"key":"Orichalcum"},{"floor":13,"key":"hubris:BundleOfHerbs"},{"floor":23,"key":"Simple Rune"}],"event_choices":[{"damage_healed":0,"gold_gain":0,"player_choice":"Take Wound","damage_taken":0,"relics_obtained":["Golden Idol"],"max_hp_gain":0,"max_hp_loss":0,"event_name":"Golden Idol","floor":12,"gold_loss":0,"cards_obtained":["Injury"]},{"damage_healed":0,"gold_gain":0,"player_choice":"Stole Relic","damage_taken":0,"relics_obtained":["Tiny Chest"],"max_hp_gain":0,"max_hp_loss":0,"event_name":"Addict","floor":19,"gold_loss":0,"cards_obtained":["Shame"]}],"is_beta":false,"boss_relics":[{"not_picked":["Tiny House","Honey Jar"],"picked":"Abe\u0027s Treasure"}],"items_purged_floors":[],"is_endless":false,"potions_floor_spawned":[4,7,11,16],"killed_by":"Book of Stabbing","ascension_level":4}}