{"host":"3wucmrsmney0jioo","time":1614267750,"event":{"mods":["BaseMod","Minty Spire (QoL Compilation)","MostiFishMod","Prisma Mod","Reliquary","Replay The Spire","Spicy Shops","StSLib","¡¾ÒÅÎï¿¨ÅÆ¡¿REMEMod"],"gold_per_floor":[109,120,120,45,118,143,143,163,186,186,204,204,238,313,313,412,412,430,430,19,34,234,234,268,280,331,331,362,380,5,5,5,102,102,122,122,140,153,153,170,170,170,216,243,263,275,275,306,306,306,306,306,55,86,86],"floor_reached":56,"language":"ZHS","playtime":1859,"items_purged":["Defend_G"],"score":1971,"play_id":"003004ec-7d0d-417c-8995-7fef8f712665","local_time":"20210225234230","is_ascension_mode":true,"campfire_choices":[{"floor":7.0,"key":"RECALL"},{"data":"REME_BattleFury","floor":12.0,"key":"SMITH"},{"data":"REME_LeechingPoison","floor":15.0,"key":"SMITH"},{"data":"MostiFishMod:WinterMarkForm","floor":23.0,"key":"SMITH"},{"data":"Terror","floor":27.0,"key":"SMITH"},{"data":"Phantasmal Killer","floor":32.0,"key":"SMITH"},{"data":"Replay:BasicMightCard","floor":41,"key":"SMITH"},{"data":"MostiFishMod:VineMother","floor":47,"key":"SMITH"},{"data":"Choke","floor":49,"key":"SMITH"},{"data":"Skewer","floor":52,"key":"SMITH"}],"circlet_count":0,"master_deck":["Strike_G+1","Strike_G+1","Strike_G+1","Strike_G+1","Strike_G+1","Defend_G","Survivor","Neutralize","REME_BattleFury+1","Skewer+1","All Out Attack","REME_LeechingPoison+1","Calculated Gamble","Dash+1","Choke+1","MostiFishMod:WinterMarkForm+1","Infinite Blades+1","MostiFishMod:VineMother+1","Well Laid Plans+1","Terror+1","Footwork+1","Riddle With Holes+1","Phantasmal Killer+1","Glass Knife+1","Accuracy+1","Replay:BasicMightCard+1","Accuracy"],"relics":["DaveBox","REME_ComplimentaryCards","BirthdayGift-Icosahedron","Replay:Bronze Core","SynthV:TestCard","Pen Nib","Shuriken","Divine Protection","ChiXiaoBlade","Replay:Wax Seal","reliquary:FingerTrap","Replay:Bottled Eggs","Snake Skull","reliquary:Buckler","Molten Egg 2","SynthV","MealTicket","TheAbacus","Black Star","reliquary:RadioactivePellet","Dream Catcher","Singing Bowl","Du-Vu Doll","Ninja Scroll","HandDrill","reliquary:FerryPass","reliquary:TuningFork"],"acts_visited":["Exordium","TheCity","TheBeyond","TheEnding"],"potions_floor_usage":[50,55],"damage_taken":[{"damage":0.0,"enemies":"Jaw Worm","floor":1.0,"turns":1.0},{"damage":0.0,"enemies":"2 Louse","floor":2.0,"turns":2.0},{"damage":0.0,"enemies":"Gremlin Nob","floor":6.0,"turns":2.0},{"damage":0.0,"enemies":"Small Slimes","floor":8.0,"turns":1.0},{"damage":0.0,"enemies":"Blue Slaver","floor":11.0,"turns":1.0},{"damage":0.0,"enemies":"3 Sentries","floor":13.0,"turns":1.0},{"damage":0.0,"enemies":"Slime Boss","floor":16.0,"turns":2.0},{"damage":0.0,"enemies":"Spheric Guardian","floor":18.0,"turns":2.0},{"damage":0.0,"enemies":"Chosen","floor":21.0,"turns":2.0},{"damage":0.0,"enemies":"Replay:Snechameleon","floor":24.0,"turns":2.0},{"damage":0.0,"enemies":"Snecko","floor":25.0,"turns":2.0},{"damage":0.0,"enemies":"Book of Stabbing","floor":28.0,"turns":2.0},{"damage":8.0,"enemies":"Snake Plant","floor":29.0,"turns":2.0},{"damage":16.0,"enemies":"Pondfish","floor":33.0,"turns":5.0},{"damage":0,"enemies":"3 Darklings","floor":35,"turns":2},{"damage":0,"enemies":"3 Shapes","floor":37,"turns":2},{"damage":0,"enemies":"Maw","floor":38,"turns":2},{"damage":0,"enemies":"Transient","floor":40,"turns":4},{"damage":0,"enemies":"Nemesis","floor":44,"turns":3},{"damage":0,"enemies":"3 Darklings","floor":45,"turns":2},{"damage":0,"enemies":"Maw","floor":46,"turns":3},{"damage":0,"enemies":"R_Hoarder","floor":48,"turns":3},{"damage":12,"enemies":"Time Eater","floor":50,"turns":5},{"damage":0,"enemies":"Shield and Spear","floor":54,"turns":2},{"damage":24,"enemies":"The Heart","floor":55,"turns":5}],"seed_played":"2733325097067217021","potions_obtained":[{"floor":1.0,"key":"PowerPotion"},{"floor":11.0,"key":"Toxic Potion"},{"floor":16.0,"key":"PowerPotion"},{"floor":24.0,"key":"SpeedPotion"},{"floor":25.0,"key":"FearPotion"},{"floor":37,"key":"CunningPotion"},{"floor":38,"key":"Regen Potion"}],"is_trial":false,"path_per_floor":["M","M","?","$","?","E","R","M","T","?","M","R","E","?","R","B",null,"M","?","$","M","?","R","E","M","T","R","E","M","$","?","R","B",null,"M","$","M","M","?","M","R","?","T","E","M","M","R","E","R","B",null,"R","$","E","B",null],"character_chosen":"THE_SILENT","items_purchased":["Replay:Wax Seal","reliquary:FingerTrap","Replay:Bottled Eggs","MostiFishMod:VineMother","SynthV","MealTicket","TheAbacus","HandDrill","Accuracy"],"campfire_rested":0,"item_purchase_floors":[20,20,20,20,30,30,30,53,53],"current_hp_per_floor":[70,70,70,70,70,70,70,70,70,52,53,53,54,43,43,64,70,70,57,57,58,58,58,59,60,60,60,75,68,68,68,68,53,75,75,75,75,75,75,75,75,75,75,77,79,81,81,83,83,72,83,83,83,85,65],"gold":86,"neow_bonus":"BOSS_RELIC","is_daily":false,"chose_seed":false,"campfire_upgraded":9,"win_rate":0.0,"timestamp":1614267750,"path_taken":["M","M","?","$","?","E","R","M","T","?","M","R","E","?","R","BOSS","M","?","$","M","?","R","E","M","T","R","E","?","$","?","R","BOSS","M","$","M","M","?","M","R","?","T","E","M","?","R","E","R","BOSS","R","$","E","BOSS"],"items_purchased_type":["Relic","Relic","Relic","Card","Relic","Relic","Relic","Relic","Card"],"build_version":"2020-12-22","purchased_purges":1,"victory":true,"max_hp_per_floor":[70,70,70,70,70,70,70,70,70,70,70,70,70,70,70,70,70,70,75,75,75,75,75,75,75,75,75,75,75,75,75,75,75,75,75,75,75,75,75,75,75,75,75,77,79,81,81,83,83,83,83,83,83,85,85],"card_choices":[{"not_picked":["Blur","Slice"],"picked":"Skewer","floor":1.0},{"not_picked":["Dodge and Roll","Heel Hook","Backflip","Flying Knee"],"picked":"All Out Attack","floor":2.0},{"not_picked":["ReplayTheSpireMod:Shiv Toss","Prepared","Bouncing Flask","Skewer"],"picked":"REME_LeechingPoison","floor":6.0},{"not_picked":["Dodge and Roll","PiercingWail","Blade Dance","Cloak And Dagger"],"picked":"Calculated Gamble","floor":8.0},{"not_picked":["Prepared","PiercingWail","Hidden Blade","MostiFishMod:PoisonShield"],"picked":"Dash","floor":11.0},{"not_picked":["Fluid Movement","Poisoned Stab","Predator","Flying Knee"],"picked":"Choke","floor":13.0},{"not_picked":["MostiFishMod:Wind","Atom Bomb","REME_CopyPotion","Replay:Bag of Tricks"],"picked":"MostiFishMod:WinterMarkForm","floor":16.0},{"not_picked":["Finisher+1","ReplayTheSpireMod:Exploit Weakness+1","Dagger Throw","Sucker Punch"],"picked":"Infinite Blades+1","floor":18.0},{"not_picked":["Dagger Spray","MostiFishMod:FrostNova","PiercingWail","Blade Dance"],"picked":"Well Laid Plans","floor":21.0},{"not_picked":["Blade Dance","Underhanded Strike+1","Sucker Punch+1","PiercingWail","Cloak And Dagger+1"],"picked":"SKIP","floor":24.0},{"not_picked":["MostiFishMod:Dislodge","Dagger Spray","Sneak Up","Prepared"],"picked":"Terror","floor":25.0},{"not_picked":["MostiFishMod:VineMother","Sucker Punch+1","MostiFishMod:ThornCasing","PiercingWail"],"picked":"Footwork+1","floor":28.0},{"not_picked":["Dodge and Roll","Bane+1","Fluid Movement","Tactician"],"picked":"Riddle With Holes+1","floor":29.0},{"not_picked":["Envenom","REME_LeechingPoison","Wraith Form v2","REME_CopyPotion"],"picked":"Glass Knife+1","floor":33.0},{"not_picked":["Hidden Blade","Outmaneuver","MostiFishMod:VineMother+1","MostiFishMod:PreservedThorns","ReplayTheSpireMod:Scrap Shanks"],"picked":"SKIP","floor":35},{"not_picked":["Quick Slash+1","MostiFishMod:PoisonShield+1","Deflect+1","ReplayTheSpireMod:Speed Training","Blade Dance+1"],"picked":"SKIP","floor":37},{"not_picked":["Dagger Throw+1","Deflect+1","Eviscerate+1","Underhanded Strike+1"],"picked":"Accuracy+1","floor":38},{"not_picked":["Madness","MostiFishMod:ElfcollectionBox","Specialist","MostiFishMod:SupremeArchaeology"],"picked":"Replay:BasicMightCard","floor":39},{"not_picked":["Flying Knee+1","Flechettes+1","Caltrops","Dodge and Roll","Deflect"],"picked":"SKIP","floor":40},{"not_picked":["Quick Slash+1","Flying Knee+1","MostiFishMod:PerfectParry","Backflip+1","Deflect+1"],"picked":"Singing Bowl","floor":44},{"not_picked":["Masterful Stab+1","Backflip+1","Flying Knee+1","Fluid Movement+1","Skewer+1"],"picked":"SKIP","floor":45},{"not_picked":["Masterful Stab+1","Backflip+1","Flying Knee+1","Fluid Movement+1","Skewer+1"],"picked":"Singing Bowl","floor":45},{"not_picked":["Distraction","Acrobatics+1","Hidden Blade","MostiFishMod:Listen","Dagger Throw+1"],"picked":"Singing Bowl","floor":46},{"not_picked":["Deadly Poison","ReplayTheSpireMod:Scrap Shanks+1","MostiFishMod:PerfectParry+1","Dodge and Roll","Draining Mist"],"picked":"Singing Bowl","floor":48},{"not_picked":["Endless Agony+1","Prepared+1","Dagger Spray+1","REME_ShadowStrike+1","Reflex"],"picked":"Singing Bowl","floor":54}],"player_experience":117597,"relics_obtained":[{"floor":1.0,"key":"SynthV:TestCard"},{"floor":6.0,"key":"Pen Nib"},{"floor":13.0,"key":"Divine Protection"},{"floor":24.0,"key":"Snake Skull"},{"floor":26.0,"key":"reliquary:Buckler"},{"floor":28.0,"key":"Molten Egg 2"},{"floor":43,"key":"reliquary:RadioactivePellet"},{"floor":44,"key":"Dream Catcher"},{"floor":44,"key":"Singing Bowl"},{"floor":48,"key":"Du-Vu Doll"},{"floor":48,"key":"Ninja Scroll"},{"floor":54,"key":"reliquary:FerryPass"},{"floor":54,"key":"reliquary:TuningFork"}],"event_choices":[{"damage_healed":0.0,"max_hp_gain":0.0,"max_hp_loss":0.0,"gold_gain":73.0,"event_name":"Golden Wing","player_choice":"Gained Gold","floor":5.0,"gold_loss":0.0,"damage_taken":0.0},{"damage_healed":0.0,"max_hp_gain":0.0,"max_hp_loss":0.0,"gold_gain":0.0,"event_name":"Scrap Ooze","player_choice":"Success","floor":10.0,"gold_loss":0.0,"damage_taken":18.0,"relics_obtained":["Shuriken"]},{"damage_healed":0.0,"max_hp_gain":0.0,"max_hp_loss":0.0,"gold_gain":75.0,"event_name":"World of Goop","player_choice":"Gather Gold","floor":14.0,"gold_loss":0.0,"damage_taken":11.0},{"damage_healed":0.0,"max_hp_gain":5.0,"max_hp_loss":0.0,"gold_gain":0.0,"event_name":"Forgotten Altar","player_choice":"Shed Blood","floor":19.0,"gold_loss":0.0,"damage_taken":18.0},{"damage_healed":0.0,"max_hp_gain":0.0,"max_hp_loss":0.0,"gold_gain":200.0,"event_name":"Wheel of Change","player_choice":"Gold","floor":22.0,"gold_loss":0.0,"damage_taken":0.0},{"damage_healed":0.0,"max_hp_gain":0.0,"max_hp_loss":0.0,"gold_gain":0.0,"cards_transformed":["Defend_G"],"event_name":"Transmorgrifier","player_choice":"Transformed","floor":31.0,"gold_loss":0.0,"damage_taken":0.0,"cards_obtained":["Phantasmal Killer"]},{"damage_healed":0,"gold_gain":0,"player_choice":"Memory 1","damage_taken":0,"max_hp_gain":0,"max_hp_loss":0,"event_name":"SensoryStone","floor":39,"gold_loss":0},{"cards_removed":["Defend_G"],"damage_healed":0,"gold_gain":0,"player_choice":"Purged","damage_taken":0,"max_hp_gain":0,"max_hp_loss":0,"event_name":"Purifier","floor":42,"gold_loss":0}],"is_beta":false,"boss_relics":[{"not_picked":["reliquary:Ember","FixedStarFall"],"picked":"ChiXiaoBlade"},{"not_picked":["Snecko Scales","Philosopher\u0027s Stone"],"picked":"Black Star"}],"items_purged_floors":[4],"is_endless":false,"potions_floor_spawned":[1,11,16,24,25,37,38,45],"ascension_level":2}}