{"host":"yx5rao87132cy5xq","time":1614256356,"event":{"mods":["2.2 Compatiblity","AchievementEnabler","BaseMod","Bestiary","Colored Map","Colored Powertips","Highlight Path","Minty Spire (QoL Compilation)","Quick Restart","Relic Stats","Slay-I","SuperFastMode"],"gold_per_floor":[118,133,147,147,172,203,203,218,218,238,238,203,234,234,234,357,357,373,398,422,447,377,377,377],"floor_reached":23,"language":"ENG","playtime":1954,"items_purged":[],"score":213,"play_id":"c682090c-bd4c-48da-ac5a-28019f16331e","local_time":"20210225133236","is_ascension_mode":true,"campfire_choices":[{"data":"Noxious Fumes","floor":7.0,"key":"SMITH"},{"data":"Bane","floor":15.0,"key":"SMITH"}],"circlet_count":0,"master_deck":["Strike_G","Strike_G","Strike_G","Strike_G","Strike_G","Defend_G","Defend_G","Defend_G","Defend_G","Defend_G","Survivor","Neutralize+1","Night Terror","Dagger Throw","Infinite Blades","Infinite Blades","Noxious Fumes+1","Bane+1","PiercingWail","Escape Plan","Deadly Poison","Flying Knee","Envenom","Blade Dance","Bane","Bullet Time","Footwork+1"],"relics":["Ring of the Snake","Golden Idol","Bag of Marbles","Prayer Wheel","TungstenRod","Runic Pyramid","Omamori","Matryoshka"],"acts_visited":["Exordium","TheCity"],"potions_floor_usage":[19,23],"damage_taken":[{"damage":0.0,"enemies":"Jaw Worm","floor":1.0,"turns":5.0},{"damage":1.0,"enemies":"2 Louse","floor":2.0,"turns":3.0},{"damage":5.0,"enemies":"Small Slimes","floor":3.0,"turns":4.0},{"damage":7.0,"enemies":"Gremlin Gang","floor":5.0,"turns":6.0},{"damage":46.0,"enemies":"Gremlin Nob","floor":6.0,"turns":5.0},{"damage":9.0,"enemies":"Red Slaver","floor":8.0,"turns":4.0},{"damage":2.0,"enemies":"2 Fungi Beasts","floor":10.0,"turns":4.0},{"damage":2.0,"enemies":"3 Sentries","floor":13.0,"turns":5.0},{"damage":37.0,"enemies":"Slime Boss","floor":16.0,"turns":9.0},{"damage":1,"enemies":"Chosen","floor":18,"turns":5},{"damage":10,"enemies":"Shell Parasite","floor":19,"turns":5},{"damage":18,"enemies":"Snake Plant","floor":20,"turns":5},{"damage":48,"enemies":"Slavers","floor":23,"turns":3}],"seed_played":"-7107439428748103535","potions_obtained":[{"floor":3.0,"key":"Fruit Juice"},{"floor":6.0,"key":"Regen Potion"},{"floor":8.0,"key":"EntropicBrew"},{"floor":16.0,"key":"Strength Potion"},{"floor":18,"key":"Fire Potion"},{"floor":19,"key":"Energy Potion"}],"is_trial":false,"path_per_floor":["M","M","M","?","M","E","R","M","T","M","?","?","E","?","R","B",null,"M","M","M","T","?","E"],"character_chosen":"THE_SILENT","items_purchased":[],"campfire_rested":0,"item_purchase_floors":[],"current_hp_per_floor":[70,69,69,69,62,16,16,7,7,17,17,34,46,46,46,9,69,68,58,40,40,40,0,0],"gold":377,"neow_bonus":"ONE_RANDOM_RARE_CARD","is_daily":false,"chose_seed":false,"campfire_upgraded":2,"win_rate":0.0,"timestamp":1614256356,"path_taken":["M","M","M","?","M","E","R","M","T","M","?","?","E","?","R","BOSS","M","M","?","?","?","E"],"items_purchased_type":[],"build_version":"2020-12-22","purchased_purges":0,"victory":false,"max_hp_per_floor":[70,70,75,69,69,69,69,69,69,69,69,69,69,69,69,69,69,69,69,69,69,69,69,69],"relic_stats":{"counters":[13,63],"Golden Idol":62,"Prayer Wheel":4,"obtain_stats":[{"Matryoshka":22,"Golden Idol":4,"Prayer Wheel":9,"Bag of Marbles":6,"Omamori":21,"TungstenRod":13,"Ring of the Snake":0,"Runic Pyramid":17},{"Matryoshka":12,"Golden Idol":3,"Prayer Wheel":6,"Bag of Marbles":5,"Omamori":12,"TungstenRod":8,"Ring of the Snake":0,"Runic Pyramid":9},{"Matryoshka":60,"Golden Idol":12,"Prayer Wheel":27,"Bag of Marbles":23,"Omamori":60,"TungstenRod":36,"Ring of the Snake":0,"Runic Pyramid":45}],"TungstenRod":19,"Ring of the Snake":[26]},"card_choices":[{"not_picked":["Deadly Poison","Escape Plan"],"picked":"Dagger Throw","floor":1.0},{"not_picked":["Cloak And Dagger","Slice"],"picked":"Infinite Blades","floor":2.0},{"not_picked":["Backflip","Quick Slash"],"picked":"Infinite Blades","floor":3.0},{"not_picked":["Acrobatics","Envenom"],"picked":"Noxious Fumes","floor":5.0},{"not_picked":["Dagger Throw","Flechettes"],"picked":"Bane","floor":6.0},{"not_picked":["Flechettes","Bane"],"picked":"PiercingWail","floor":8.0},{"not_picked":["Sucker Punch","Deadly Poison"],"picked":"Escape Plan","floor":10.0},{"not_picked":["PiercingWail","Wraith Form v2"],"picked":"Deadly Poison","floor":10.0},{"not_picked":["Dagger Throw","PiercingWail"],"picked":"Flying Knee","floor":13.0},{"not_picked":["Storm of Steel","Tools of the Trade"],"picked":"Envenom","floor":16.0},{"not_picked":["Prepared","Backflip"],"picked":"Blade Dance","floor":18},{"not_picked":["Sucker Punch","Skewer"],"picked":"Bane","floor":18},{"not_picked":["Bane","Poisoned Stab"],"picked":"Bullet Time","floor":19},{"not_picked":["Cloak And Dagger","Distraction","Outmaneuver"],"picked":"SKIP","floor":19},{"not_picked":["Deflect","Noxious Fumes"],"picked":"Footwork+1","floor":20},{"not_picked":["Slice","Crippling Poison","Bane"],"picked":"SKIP","floor":20}],"player_experience":1182304,"relics_obtained":[{"floor":6.0,"key":"Bag of Marbles"},{"floor":9.0,"key":"Prayer Wheel"},{"floor":13.0,"key":"TungstenRod"},{"floor":21,"key":"Omamori"}],"event_choices":[{"damage_healed":0.0,"max_hp_gain":0.0,"max_hp_loss":6.0,"gold_gain":0.0,"event_name":"Golden Idol","player_choice":"Lose Max HP","floor":4.0,"gold_loss":0.0,"damage_taken":0.0,"relics_obtained":["Golden Idol"]},{"damage_healed":0.0,"max_hp_gain":0.0,"max_hp_loss":0.0,"gold_gain":0.0,"event_name":"Golden Wing","player_choice":"Ignored","floor":11.0,"gold_loss":0.0,"damage_taken":0.0},{"damage_healed":17.0,"max_hp_gain":0.0,"max_hp_loss":0.0,"gold_gain":0.0,"event_name":"The Cleric","player_choice":"Healed","floor":12.0,"gold_loss":35.0,"damage_taken":0.0},{"damage_healed":0.0,"max_hp_gain":0.0,"max_hp_loss":0.0,"gold_gain":0.0,"event_name":"Upgrade Shrine","player_choice":"Upgraded","floor":14.0,"gold_loss":0.0,"damage_taken":0.0,"cards_upgraded":["Neutralize"]},{"damage_healed":0,"gold_gain":0,"player_choice":"Paid Gold","damage_taken":0,"relics_obtained":["Matryoshka"],"max_hp_gain":0,"max_hp_loss":0,"event_name":"WeMeetAgain","floor":22,"gold_loss":70}],"is_beta":false,"boss_relics":[{"not_picked":["Ectoplasm","SacredBark"],"picked":"Runic Pyramid"}],"items_purged_floors":[],"is_endless":false,"potions_floor_spawned":[3,6,8,16,18,19],"killed_by":"Slavers","ascension_level":1}}