{"host":"iv24d026eac8pm4e","time":1614271681,"event":{"mods":["BaseMod","Minty Spire (QoL Compilation)"],"gold_per_floor":[119,134,134,147,164,164,164,164,238,238,265,277,288,313,313,391,391,406,126,126,143,156,156,156],"floor_reached":23,"language":"ENG","playtime":1754,"items_purged":["Strike_B"],"score":376,"play_id":"e76f7968-d372-451f-b4e6-b2e48a993a2a","local_time":"20210225084801","is_ascension_mode":true,"campfire_choices":[{"data":"Creative AI","floor":6,"key":"SMITH"},{"data":"Fusion","floor":8,"key":"SMITH"},{"data":"Zap","floor":10,"key":"SMITH"},{"floor":15,"key":"REST"}],"circlet_count":0,"master_deck":["AscendersBane","Strike_B","Strike_B","Defend_B","Defend_B","Defend_B","Defend_B","Zap+1","Dualcast","Coolheaded","Compile Driver","Creative AI+1","Fusion+1","Electrodynamics","Chill","Conserve Battery","Ball Lightning","Reboot","Capacitor","Lockon+1","Loop"],"relics":["Cracked Core","InkBottle","Art of War","Boot","SlaversCollar","Blood Vial","Gremlin Horn"],"acts_visited":["Exordium","TheCity"],"potions_floor_usage":[11,21,22],"damage_taken":[{"damage":1,"enemies":"Cultist","floor":1,"turns":3},{"damage":8,"enemies":"Small Slimes","floor":2,"turns":5},{"damage":0,"enemies":"2 Louse","floor":4,"turns":4},{"damage":10,"enemies":"Blue Slaver","floor":5,"turns":6},{"damage":17,"enemies":"3 Sentries","floor":11,"turns":4},{"damage":4,"enemies":"2 Fungi Beasts","floor":12,"turns":4},{"damage":5,"enemies":"Looter","floor":13,"turns":3},{"damage":29,"enemies":"Gremlin Nob","floor":14,"turns":4},{"damage":24,"enemies":"Slime Boss","floor":16,"turns":8},{"damage":9,"enemies":"Chosen","floor":18,"turns":5},{"damage":22,"enemies":"2 Thieves","floor":21,"turns":2},{"damage":20,"enemies":"Centurion and Healer","floor":22,"turns":5},{"damage":23,"enemies":"Book of Stabbing","floor":23,"turns":3}],"seed_played":"-2439534665013858908","potions_obtained":[{"floor":2,"key":"BlessingOfTheForge"},{"floor":5,"key":"SteroidPotion"},{"floor":7,"key":"Regen Potion"},{"floor":16,"key":"SteroidPotion"},{"floor":18,"key":"Swift Potion"},{"floor":21,"key":"Energy Potion"}],"is_trial":false,"path_per_floor":["M","M","?","M","M","R","?","R","T","R","E","M","M","E","R","B",null,"M","$","T","M","M","E"],"character_chosen":"DEFECT","items_purchased":["Capacitor","Blood Vial"],"campfire_rested":1,"item_purchase_floors":[19,19],"current_hp_per_floor":[70,62,62,62,52,52,52,52,52,52,47,43,38,9,32,8,61,52,52,52,32,14,0,0],"gold":156,"neow_bonus":"TEN_PERCENT_HP_BONUS","is_daily":false,"chose_seed":false,"campfire_upgraded":3,"win_rate":0.0,"timestamp":1614271681,"path_taken":["M","M","?","M","M","R","?","R","T","R","E","?","M","E","R","BOSS","M","$","?","M","M","E"],"items_purchased_type":["Card","Relic"],"build_version":"2020-12-22","purchased_purges":1,"victory":false,"max_hp_per_floor":[78,78,78,78,78,78,78,78,78,78,78,78,78,78,78,78,78,78,78,78,78,78,78,78],"card_choices":[{"not_picked":["Gash","Self Repair"],"picked":"Coolheaded","floor":1},{"not_picked":["Conserve Battery","Rebound"],"picked":"Compile Driver","floor":2},{"not_picked":["Sweeping Beam","Hologram"],"picked":"Fusion","floor":4},{"not_picked":["Conserve Battery","Ball Lightning"],"picked":"Electrodynamics","floor":5},{"not_picked":["Steam","Scrape","Sunder"],"picked":"SKIP","floor":11},{"not_picked":["Double Energy","Barrage"],"picked":"Chill","floor":12},{"not_picked":["Compile Driver","Redo"],"picked":"Conserve Battery","floor":13},{"not_picked":["Hologram","Gash"],"picked":"Ball Lightning","floor":14},{"not_picked":["Hyperbeam","Multi-Cast"],"picked":"Reboot","floor":16},{"not_picked":["Redo","Auto Shields","Streamline"],"picked":"SKIP","floor":18},{"not_picked":["Sunder+1","Rebound"],"picked":"Lockon+1","floor":21},{"not_picked":["Hologram","Barrage"],"picked":"Loop","floor":22}],"player_experience":2627166,"relics_obtained":[{"floor":9,"key":"InkBottle"},{"floor":11,"key":"Art of War"},{"floor":14,"key":"Boot"},{"floor":20,"key":"Gremlin Horn"}],"event_choices":[{"damage_healed":0,"gold_gain":0,"cards_transformed":["Strike_B"],"player_choice":"Change","damage_taken":0,"max_hp_gain":0,"max_hp_loss":0,"event_name":"Living Wall","floor":3,"gold_loss":0,"cards_obtained":["Creative AI"]},{"damage_healed":0,"gold_gain":0,"player_choice":"Got Potions","damage_taken":0,"max_hp_gain":0,"max_hp_loss":0,"event_name":"Lab","floor":7,"gold_loss":0}],"is_beta":false,"boss_relics":[{"not_picked":["Ectoplasm","Coffee Dripper"],"picked":"SlaversCollar"}],"items_purged_floors":[19],"is_endless":false,"potions_floor_spawned":[2,5,16,18,21],"killed_by":"Book of Stabbing","ascension_level":17}}