{"host":"9l1knhxfturzliqa","time":1614220154,"event":{"mods":["AchievementEnabler","BaseMod","Colored Map","Colored Powertips","DeckTracker","Highlight Path","Keyboard Shortcuts","Minty Spire (QoL Compilation)","Random Character Button"],"gold_per_floor":[363,380,380,395,408,408,421,454,478,478,553,553,553,553],"floor_reached":13,"language":"KOR","playtime":248,"items_purged":[],"score":153,"play_id":"b30f3b9e-baa5-4ee3-a9e1-76fc96e0e2e6","local_time":"20210225112914","is_ascension_mode":true,"campfire_choices":[{"data":"Zap","floor":6.0,"key":"SMITH"}],"circlet_count":0,"master_deck":["AscendersBane","Strike_B","Strike_B","Strike_B","Strike_B","Defend_B","Defend_B","Defend_B","Defend_B","Zap+1","Dualcast","Ball Lightning","Leap","Double Energy","Core Surge"],"relics":["Cracked Core","Toxic Egg 2","Omamori","Juzu Bracelet"],"acts_visited":["Exordium"],"potions_floor_usage":[13,13],"damage_taken":[{"damage":3.0,"enemies":"Cultist","floor":1.0,"turns":3.0},{"damage":9.0,"enemies":"Jaw Worm","floor":2.0,"turns":2.0},{"damage":3.0,"enemies":"Small Slimes","floor":4.0,"turns":3.0},{"damage":0.0,"enemies":"Red Slaver","floor":5.0,"turns":3.0},{"damage":0.0,"enemies":"Blue Slaver","floor":7.0,"turns":4.0},{"damage":11.0,"enemies":"Lagavulin","floor":8.0,"turns":5.0},{"damage":20,"enemies":"3 Sentries","floor":13,"turns":2}],"seed_played":"4739149344058972265","potions_obtained":[{"floor":2.0,"key":"Block Potion"},{"floor":4.0,"key":"SkillPotion"},{"floor":8.0,"key":"PotionOfCapacity"},{"floor":12.0,"key":"LiquidBronze"},{"floor":12.0,"key":"Energy Potion"}],"is_trial":false,"path_per_floor":["M","M","?","M","M","R","M","E","T","?","?","?","E"],"character_chosen":"DEFECT","items_purchased":[],"campfire_rested":0,"item_purchase_floors":[],"current_hp_per_floor":[61,52,45,42,42,42,42,31,31,31,20,20,0,0],"gold":553,"neow_bonus":"TWO_FIFTY_GOLD","is_daily":false,"chose_seed":false,"campfire_upgraded":1,"win_rate":0.0,"timestamp":1614220154,"path_taken":["M","?","?","M","M","R","M","E","T","?","?","?","E"],"items_purchased_type":[],"build_version":"2020-12-22","purchased_purges":0,"victory":false,"max_hp_per_floor":[71,71,71,71,71,71,71,71,71,71,71,71,71,71],"card_choices":[{"not_picked":["Beam Cell","Rip and Tear"],"picked":"Ball Lightning","floor":1.0},{"not_picked":["Rebound","Redo","Recycle"],"picked":"SKIP","floor":2.0},{"not_picked":["Loop","Rip and Tear"],"picked":"Leap","floor":4.0},{"not_picked":["Beam Cell","Steam Power","Compile Driver"],"picked":"SKIP","floor":5.0},{"not_picked":["Leap","Conserve Battery"],"picked":"Double Energy","floor":7.0},{"not_picked":["Cold Snap","Turbo+1"],"picked":"Core Surge","floor":8.0}],"player_experience":734430,"relics_obtained":[{"floor":8.0,"key":"Toxic Egg 2"},{"floor":9.0,"key":"Omamori"}],"event_choices":[{"cards_removed":["Regret"],"damage_healed":0.0,"max_hp_gain":0.0,"max_hp_loss":0.0,"gold_gain":0.0,"event_name":"Golden Wing","player_choice":"Card Removal","floor":3.0,"gold_loss":0.0,"damage_taken":7.0},{"damage_healed":0.0,"max_hp_gain":0.0,"max_hp_loss":0.0,"gold_gain":0.0,"event_name":"WeMeetAgain","player_choice":"Gave Potion","floor":10.0,"gold_loss":0.0,"damage_taken":0.0,"relics_obtained":["Juzu Bracelet"]},{"damage_healed":0.0,"max_hp_gain":0.0,"max_hp_loss":0.0,"gold_gain":75.0,"event_name":"World of Goop","player_choice":"Gather Gold","floor":11.0,"gold_loss":0.0,"damage_taken":11.0},{"damage_healed":0.0,"max_hp_gain":0.0,"max_hp_loss":0.0,"gold_gain":0.0,"event_name":"Lab","player_choice":"Got Potions","floor":12.0,"gold_loss":0.0,"damage_taken":0.0}],"is_beta":false,"boss_relics":[],"items_purged_floors":[],"is_endless":false,"potions_floor_spawned":[2,4,8],"killed_by":"3 Sentries","ascension_level":16}}