{"host":"jfbo3eu2ui08ej1u","time":1614240639,"event":{"mods":["2.2 Compatiblity","AchievementEnabler","Act Like it!","Aspiration","BaseMod","Better Altar","Better Match","Better Note","Better Sensory Stone","Better Skull","Better Third Choice","Block Reminder","Colored Map","Colored Powertips","Conspire","DeckTracker","Displayed Cursed Tome","Energized Spire","Fox Events","GifTheSpireLib","Hermit","Hubris","Infinite Spire","Marked Mod","Minty Spire (QoL Compilation)","Monster B Gone","Pale of the Ancients","Poor People Problems","Quick Restart","Relic Filter","Reliquary","Reorder Act Four","Replay The Spire","Shop Mod","Spicy Shops","Spire Arcade","StSLib","Stuff the Spire","The Blue Laboratory","The Disciple","The Forsaken","The Hierophant","The Marked","Uncapped","Unceasing Turn Reminder","Wandering Minibosses"],"gold_per_floor":[118,43,53,71,85,85,185,204,204,204,340,56,73,85,85,161,161,177,190,210,223,138,138,138,138],"floor_reached":24,"language":"ENG","playtime":972,"items_purged":["Strike_G"],"score":474,"play_id":"b017230c-bb80-41f2-96a7-3cdcef14c0b1","local_time":"20210225031039","is_ascension_mode":true,"campfire_choices":[{"data":"Replay:Poison Smokescreen","floor":6.0,"key":"SMITH"},{"floor":10.0,"key":"REST"},{"data":"Neutralize","floor":15.0,"key":"SMITH"},{"floor":23,"key":"REST"}],"circlet_count":0,"master_deck":["AscendersBane","Strike_G","Strike_G","Strike_G","Defend_G","Defend_G","Defend_G","Defend_G","Defend_G","Survivor","Neutralize+1","Skewer","Dash","Underhanded Strike","Replay:Poison Smokescreen+1","Glass Knife","hubris:Sniper","Expertise+1","Thinking Ahead+1","Acrobatics+1","Burst+1","Hidden Blade+1","Hidden Blade+1","Calculated Gamble+1","Backflip+1"],"relics":["Ring of the Snake","StuffTheSpire:TintedRock","ReplayTheSpireMod:TigerMarble","StuffTheSpire:Experiment12","Toxic Egg 2","reliquary:ThirdArm","reliquary:RosewoodLute"],"acts_visited":["Exordium","TheCity"],"potions_floor_usage":[21,21],"damage_taken":[{"damage":0.0,"enemies":"Jaw Worm","floor":1.0,"turns":6.0},{"damage":0.0,"enemies":"2 Louse","floor":3.0,"turns":3.0},{"damage":0.0,"enemies":"Small Slimes","floor":4.0,"turns":5.0},{"damage":0.0,"enemies":"Looter","floor":5.0,"turns":3.0},{"damage":35.0,"enemies":"3 Sentries","floor":7.0,"turns":14.0},{"damage":0.0,"enemies":"Blue Slaver","floor":8.0,"turns":3.0},{"damage":0.0,"enemies":"Lagavulin","floor":11.0,"turns":3.0},{"damage":0.0,"enemies":"2 Fungi Beasts","floor":13.0,"turns":3.0},{"damage":0.0,"enemies":"Looter","floor":14.0,"turns":4.0},{"damage":26.0,"enemies":"Hexaghost","floor":16.0,"turns":11.0},{"damage":0.0,"enemies":"Shell Parasite","floor":18.0,"turns":10.0},{"damage":30.0,"enemies":"Chosen","floor":19.0,"turns":7.0},{"damage":0.0,"enemies":"Snake Plant","floor":20.0,"turns":2.0},{"damage":14,"enemies":"Cultist and Chosen","floor":21,"turns":7},{"damage":22,"enemies":"Slavers","floor":24,"turns":3}],"seed_played":"-2081782340640845784","potions_obtained":[{"floor":7.0,"key":"CunningPotion"},{"floor":8.0,"key":"Elixir"},{"floor":11.0,"key":"blueLaboratory:EmptyBottle"},{"floor":14.0,"key":"blueLaboratory:SavagePotion"},{"floor":18.0,"key":"Toxic Potion"}],"is_trial":false,"path_per_floor":["M","?","M","M","M","R","E","M","T","R","E","$","M","M","R","B",null,"M","M","M","M","?","R","E"],"character_chosen":"THE_SILENT","items_purchased":["Thinking Ahead+1"],"campfire_rested":2,"item_purchase_floors":[12],"current_hp_per_floor":[59,59,59,59,59,59,24,24,24,43,43,43,43,43,43,17,54,54,24,24,10,10,29,7,7],"gold":138,"neow_bonus":"RANDOM_COMMON_RELIC","is_daily":false,"chose_seed":false,"campfire_upgraded":2,"win_rate":0.0,"timestamp":1614240639,"path_taken":["M","?","M","M","M","R","E","M","T","R","E","$","M","M","R","BOSS","M","M","M","M","?","R","E"],"items_purchased_type":["Card"],"build_version":"2020-12-22","purchased_purges":1,"victory":false,"max_hp_per_floor":[66,66,66,66,66,66,66,66,66,66,66,66,66,66,66,66,66,66,66,66,66,66,66,66,66],"card_choices":[{"not_picked":["StuffTheSpire:Injection","StuffTheSpire:BumpUp"],"picked":"Skewer","floor":1.0},{"not_picked":["StuffTheSpire:Injection","Dagger Throw"],"picked":"Dash","floor":3.0},{"not_picked":["Backflip","StuffTheSpire:Python"],"picked":"Underhanded Strike","floor":4.0},{"not_picked":["Draining Mist","StuffTheSpire:BumpUp"],"picked":"Replay:Poison Smokescreen","floor":5.0},{"not_picked":["Footwork","Burst"],"picked":"Glass Knife","floor":7.0},{"not_picked":["Hidden Blade","StuffTheSpire:BumpUp"],"picked":"hubris:Sniper","floor":8.0},{"not_picked":["Die Die Die","StuffTheSpire:DoubleShiv+1"],"picked":"Expertise+1","floor":11.0},{"not_picked":["Outmaneuver+1","Quick Slash","StuffTheSpire:BrimstoneBlast"],"picked":"SKIP","floor":13.0},{"not_picked":["Bane","Flying Knee"],"picked":"Acrobatics+1","floor":14.0},{"not_picked":["Venomology+1","ReplayTheSpireMod:Necrosis+1"],"picked":"Burst+1","floor":16.0},{"not_picked":["Acrobatics+1","StuffTheSpire:BumpUp"],"picked":"Hidden Blade+1","floor":18.0},{"not_picked":["ReplayTheSpireMod:Tripwire+1","Eviscerate"],"picked":"Hidden Blade+1","floor":19.0},{"not_picked":["Deadly Poison+1","Hidden Blade+1"],"picked":"Calculated Gamble+1","floor":20.0},{"not_picked":["Dagger Spray","Quick Slash"],"picked":"Backflip+1","floor":21}],"player_experience":1380131,"relics_obtained":[{"floor":7.0,"key":"ReplayTheSpireMod:TigerMarble"},{"floor":9.0,"key":"StuffTheSpire:Experiment12"},{"floor":11.0,"key":"Toxic Egg 2"}],"event_choices":[{"cards_removed":["Strike_G"],"damage_healed":0.0,"max_hp_gain":0.0,"max_hp_loss":0.0,"gold_gain":0.0,"event_name":"The Cleric","player_choice":"Card Removal","floor":2.0,"gold_loss":75.0,"damage_taken":0.0},{"damage_healed":0,"gold_gain":0,"player_choice":"Obtained Relic","damage_taken":0,"relics_obtained":["reliquary:RosewoodLute"],"max_hp_gain":0,"max_hp_loss":0,"event_name":"Addict","floor":22,"gold_loss":85}],"is_beta":false,"boss_relics":[{"not_picked":["Ectoplasm","Busted Crown"],"picked":"reliquary:ThirdArm"}],"items_purged_floors":[12],"is_endless":false,"potions_floor_spawned":[7,8,11,14,18],"killed_by":"Slavers","ascension_level":20}}