{"host":"yx5rao87132cy5xq","time":1614294878,"event":{"mods":["2.2 Compatiblity","AchievementEnabler","BaseMod","Bestiary","Colored Map","Colored Powertips","Highlight Path","Minty Spire (QoL Compilation)","Quick Restart","Relic Stats","Slay-I","SuperFastMode"],"gold_per_floor":[109,126,137,87,87,87,114,114,166,166,191,205,48,48,48,153,153,173,173,187,204,303,330,330,364,364,364,389,304,304,323,323,424,474,489,507,330,380,393,425,425,439,439,492,10,10,23,0,0,0,0],"floor_reached":50,"language":"ENG","playtime":5674,"items_purged":["Decay","Strike_G"],"score":670,"play_id":"86f01f41-4744-4891-a697-92b1375b13e3","local_time":"20210226001438","is_ascension_mode":true,"campfire_choices":[{"data":"Blade Dance","floor":6.0,"key":"SMITH"},{"data":"Neutralize","floor":8.0,"key":"SMITH"},{"data":"Survivor","floor":10.0,"key":"SMITH"},{"floor":15.0,"key":"REST"},{"data":"Terror","floor":24.0,"key":"SMITH"},{"floor":27.0,"key":"REST"},{"floor":30,"key":"REST"},{"data":"Blade Dance","floor":32,"key":"SMITH"},{"data":"Leg Sweep","floor":41,"key":"SMITH"},{"floor":49,"key":"REST"}],"circlet_count":0,"master_deck":["Strike_G","Strike_G","Strike_G","Strike_G","Defend_G","Defend_G","Defend_G","Defend_G+1","Survivor+1","Neutralize+1","Deadly Poison","Flying Knee","Blade Dance+1","Infinite Blades","Caltrops","Terror+1","Backflip","Accuracy","Phantasmal Killer+1","Flechettes","PiercingWail+1","Blur+1","Leg Sweep+1","Blade Dance+1","Corpse Explosion","Deadly Poison","Dodge and Roll","Accuracy","Backstab","Caltrops","A Thousand Cuts","Slice+1"],"relics":["Ring of the Serpent","Akabeko","Oddly Smooth Stone","HornCleat","Bag of Marbles","Tiny Chest","FossilizedHelix","Bag of Preparation","Eternal Feather","Tiny House","Calipers","Juzu Bracelet","Singing Bowl","Prayer Wheel","Pear","Strawberry","Red Mask"],"acts_visited":["Exordium","TheCity","TheBeyond"],"potions_floor_usage":[33,36,40,44,44,47,50],"damage_taken":[{"damage":4.0,"enemies":"Small Slimes","floor":1.0,"turns":4.0},{"damage":2.0,"enemies":"Cultist","floor":2.0,"turns":4.0},{"damage":0.0,"enemies":"2 Louse","floor":3.0,"turns":3.0},{"damage":35.0,"enemies":"Lagavulin","floor":7.0,"turns":6.0},{"damage":8.0,"enemies":"Gremlin Nob","floor":11.0,"turns":3.0},{"damage":7.0,"enemies":"Looter","floor":12.0,"turns":2.0},{"damage":16.0,"enemies":"The Guardian","floor":16.0,"turns":10.0},{"damage":3.0,"enemies":"Shell Parasite","floor":18.0,"turns":4.0},{"damage":13.0,"enemies":"Spheric Guardian","floor":20.0,"turns":4.0},{"damage":18.0,"enemies":"Cultist and Chosen","floor":21.0,"turns":5.0},{"damage":2.0,"enemies":"Slavers","floor":23.0,"turns":5.0},{"damage":28.0,"enemies":"Book of Stabbing","floor":25.0,"turns":5.0},{"damage":10,"enemies":"Gremlin Leader","floor":28,"turns":6},{"damage":8,"enemies":"Snake Plant","floor":31,"turns":4},{"damage":47,"enemies":"Champ","floor":33,"turns":11},{"damage":0,"enemies":"Orb Walker","floor":35,"turns":2},{"damage":0,"enemies":"3 Darklings","floor":36,"turns":3},{"damage":0,"enemies":"Mind Bloom Boss Battle","floor":38,"turns":3},{"damage":12,"enemies":"4 Shapes","floor":39,"turns":1},{"damage":0,"enemies":"Giant Head","floor":40,"turns":8},{"damage":36,"enemies":"Spire Growth","floor":42,"turns":6},{"damage":0,"enemies":"2 Orb Walkers","floor":44,"turns":1},{"damage":22,"enemies":"Transient","floor":47,"turns":5},{"damage":128,"enemies":"Time Eater","floor":50,"turns":12}],"seed_played":"-1013760250715984517","potions_obtained":[{"floor":1.0,"key":"GhostInAJar"},{"floor":3.0,"key":"LiquidMemories"},{"floor":12.0,"key":"SmokeBomb"},{"floor":16.0,"key":"Ancient Potion"},{"floor":20.0,"key":"EssenceOfSteel"},{"floor":21.0,"key":"Block Potion"},{"floor":28,"key":"SteroidPotion"},{"floor":34,"key":"SkillPotion"},{"floor":35,"key":"Fire Potion"},{"floor":42,"key":"EntropicBrew"},{"floor":44,"key":"Ancient Potion"},{"floor":47,"key":"SkillPotion"}],"is_trial":false,"path_per_floor":["M","M","M","?","?","R","E","R","T","R","E","M","$","?","R","B",null,"M","?","M","M","?","E","R","E","T","R","E","?","R","M","R","B",null,"M","M","$","?","M","E","R","M","T","?","$","T","M","?","R","B"],"character_chosen":"THE_SILENT","items_purchased":["Accuracy","Accuracy","A Thousand Cuts","FairyPotion","Pear"],"campfire_rested":4,"item_purchase_floors":[13,37,45,45,45],"current_hp_per_floor":[66,64,64,64,64,64,29,29,29,29,21,14,14,37,58,42,70,67,67,54,36,36,34,34,6,6,27,17,17,50,42,57,10,75,75,75,75,75,63,63,75,39,39,41,51,58,38,38,84,0,0],"gold":0,"neow_bonus":"THREE_CARDS","is_daily":false,"chose_seed":false,"campfire_upgraded":6,"win_rate":0.0,"timestamp":1614294878,"path_taken":["M","M","M","?","?","R","E","R","T","R","E","?","$","?","R","BOSS","M","?","M","?","?","E","R","E","T","R","E","?","R","M","R","BOSS","M","M","$","?","M","E","R","M","T","?","$","?","M","?","R","BOSS"],"items_purchased_type":["Card","Card","Card","Potion","Relic"],"build_version":"2020-12-22","purchased_purges":2,"victory":false,"max_hp_per_floor":[70,70,70,70,70,70,70,70,70,70,70,70,70,70,70,70,70,70,70,70,70,70,70,70,70,70,70,70,70,70,70,70,70,75,75,75,75,75,75,75,75,75,75,77,87,94,96,96,96,96,96],"relic_stats":{"Singing Bowl":4,"counters":[24,117],"Tiny Chest":1,"Eternal Feather":57,"Prayer Wheel":1,"Bag of Preparation":[22],"Juzu Bracelet":0,"obtain_stats":[{"Tiny House":34,"Calipers":38,"Pear":45,"Singing Bowl":43,"Oddly Smooth Stone":9,"Eternal Feather":29,"Bag of Preparation":28,"Juzu Bracelet":40,"Akabeko":7,"HornCleat":11,"Strawberry":46,"Tiny Chest":25,"Prayer Wheel":44,"Bag of Marbles":23,"Red Mask":48,"Ring of the Serpent":17,"FossilizedHelix":26,"Ring of the Snake":0},{"Tiny House":15,"Calipers":18,"Pear":22,"Singing Bowl":21,"Oddly Smooth Stone":4,"Eternal Feather":13,"Bag of Preparation":13,"Juzu Bracelet":20,"Akabeko":4,"HornCleat":5,"Strawberry":22,"Tiny Chest":12,"Prayer Wheel":22,"Bag of Marbles":11,"Red Mask":23,"Ring of the Serpent":7,"FossilizedHelix":12,"Ring of the Snake":0},{"Tiny House":76,"Calipers":84,"Pear":100,"Singing Bowl":99,"Oddly Smooth Stone":17,"Eternal Feather":61,"Bag of Preparation":61,"Juzu Bracelet":93,"Akabeko":17,"HornCleat":20,"Strawberry":100,"Tiny Chest":55,"Prayer Wheel":100,"Bag of Marbles":50,"Red Mask":105,"Ring of the Serpent":32,"FossilizedHelix":55,"Ring of the Snake":0}]},"card_choices":[{"not_picked":["Leg Sweep","Outmaneuver"],"picked":"Deadly Poison","floor":0.0},{"not_picked":["Blur","Prepared"],"picked":"Flying Knee","floor":1.0},{"not_picked":["Expertise","Dagger Throw"],"picked":"Blade Dance","floor":2.0},{"not_picked":["Sucker Punch","Catalyst"],"picked":"Infinite Blades","floor":3.0},{"not_picked":["Bane","Glass Knife"],"picked":"Caltrops","floor":7.0},{"not_picked":["Caltrops","Predator"],"picked":"Terror","floor":11.0},{"not_picked":["Slice","Dagger Spray"],"picked":"Backflip","floor":12.0},{"not_picked":["Unload","Wraith Form v2"],"picked":"Phantasmal Killer","floor":16.0},{"not_picked":["Masterful Stab","Dagger Spray"],"picked":"Flechettes","floor":18.0},{"not_picked":["Catalyst","Endless Agony"],"picked":"PiercingWail+1","floor":20.0},{"not_picked":["Crippling Poison","Dodge and Roll+1"],"picked":"Blur+1","floor":21.0},{"not_picked":["Setup","Underhanded Strike+1","Backflip"],"picked":"SKIP","floor":23.0},{"not_picked":["Masterful Stab","Catalyst+1","Flechettes"],"picked":"SKIP","floor":25.0},{"not_picked":["Flying Knee","Poisoned Stab"],"picked":"Leg Sweep","floor":28},{"not_picked":["Cloak And Dagger","Accuracy"],"picked":"Blade Dance","floor":31},{"not_picked":["Grand Finale","Storm of Steel"],"picked":"Corpse Explosion","floor":33},{"not_picked":["Outmaneuver+1","Choke"],"picked":"Deadly Poison","floor":34},{"not_picked":["Flechettes+1","Dagger Spray+1","Dagger Throw+1"],"picked":"SKIP","floor":35},{"not_picked":["Leg Sweep","Distraction"],"picked":"Dodge and Roll","floor":36},{"not_picked":["Predator+1","Dodge and Roll","Acrobatics+1"],"picked":"SKIP","floor":39},{"not_picked":["Concentrate+1","Deadly Poison"],"picked":"Backstab","floor":40},{"not_picked":["Cloak And Dagger+1","Catalyst"],"picked":"Caltrops","floor":42},{"not_picked":["Prepared+1","Outmaneuver+1","Dash"],"picked":"Singing Bowl","floor":44},{"not_picked":["Riddle With Holes+1","Leg Sweep"],"picked":"Slice+1","floor":47},{"not_picked":["Backflip","Dagger Throw","Deadly Poison"],"picked":"Singing Bowl","floor":47}],"player_experience":1194068,"relics_obtained":[{"floor":7.0,"key":"Akabeko"},{"floor":9.0,"key":"Oddly Smooth Stone"},{"floor":11.0,"key":"HornCleat"},{"floor":23.0,"key":"Bag of Marbles"},{"floor":25.0,"key":"Tiny Chest"},{"floor":26.0,"key":"FossilizedHelix"},{"floor":28,"key":"Bag of Preparation"},{"floor":38,"key":"Calipers"},{"floor":40,"key":"Juzu Bracelet"},{"floor":43,"key":"Singing Bowl"},{"floor":44,"key":"Prayer Wheel"},{"floor":46,"key":"Strawberry"}],"event_choices":[{"cards_removed":["Defend_G"],"damage_healed":0.0,"max_hp_gain":0.0,"max_hp_loss":0.0,"gold_gain":0.0,"event_name":"The Cleric","player_choice":"Card Removal","floor":4.0,"gold_loss":50.0,"damage_taken":0.0},{"damage_healed":0.0,"max_hp_gain":0.0,"max_hp_loss":0.0,"gold_gain":0.0,"event_name":"Wheel of Change","player_choice":"Cursed","floor":5.0,"gold_loss":0.0,"damage_taken":0.0,"cards_obtained":["Decay"]},{"damage_healed":23.0,"max_hp_gain":0.0,"max_hp_loss":0.0,"gold_gain":0.0,"event_name":"Big Fish","player_choice":"Banana","floor":14.0,"gold_loss":0.0,"damage_taken":0.0},{"damage_healed":0.0,"max_hp_gain":0.0,"max_hp_loss":0.0,"gold_gain":0.0,"event_name":"Accursed Blacksmith","player_choice":"Forge","floor":19.0,"gold_loss":0.0,"damage_taken":0.0,"cards_upgraded":["Phantasmal Killer"]},{"damage_healed":0.0,"max_hp_gain":0.0,"max_hp_loss":0.0,"gold_gain":99.0,"event_name":"Nest","player_choice":"Stole From Cult","floor":22.0,"gold_loss":0.0,"damage_taken":0.0},{"damage_healed":0,"gold_gain":0,"player_choice":"Obtained Relic","damage_taken":0,"relics_obtained":["Eternal Feather"],"max_hp_gain":0,"max_hp_loss":0,"event_name":"Addict","floor":29,"gold_loss":85},{"damage_healed":0,"gold_gain":0,"player_choice":"Fight","damage_taken":0,"max_hp_gain":0,"max_hp_loss":0,"event_name":"MindBloom","floor":38,"gold_loss":0},{"damage_healed":0,"gold_gain":0,"player_choice":"Fight","damage_taken":0,"max_hp_gain":0,"max_hp_loss":0,"event_name":"Mysterious Sphere","floor":44,"gold_loss":0},{"damage_healed":0,"gold_gain":0,"player_choice":"Paid","damage_taken":0,"relics_obtained":["Red Mask"],"max_hp_gain":0,"max_hp_loss":0,"event_name":"Tomb of Lord Red Mask","floor":48,"gold_loss":23}],"is_beta":false,"boss_relics":[{"not_picked":["SlaversCollar","HoveringKite"],"picked":"Ring of the Serpent"},{"not_picked":["Black Star","Calling Bell"],"picked":"Tiny House"}],"items_purged_floors":[13,37],"is_endless":false,"potions_floor_spawned":[1,3,12,16,20,21,28,35,42,44,47],"killed_by":"Time Eater","ascension_level":3}}