{"host":"0cm5wy4nhuju7tij","time":1614234068,"event":{"mods":["2.2 Compatiblity","AchievementEnabler","BaseMod","Better Third Choice","BetterRewards","Colored Powertips","Curses Come First","Custom Start","Displayed Cursed Tome","Downfall","Energized Spire","Evolution","Filter the Spire","Fireblade Mod","Highlight Path","Jess\u0027s Bottle","Minty Spire (QoL Compilation)","Permanent Neow","Poor People Problems","Relic Filter Mod","Relic Stats","Shop Mod","Spicy Shops","StSLib","The Cursed","The Servant 0.9.4","The Valiant","TheSwordswoman","TheVacant","Weighted Paths"],"gold_per_floor":[117,128,145,165,216,216,250,250,250,270,304,318,68,98,98,193,193,212,224,224,239,257,289,289,319,319,319,333,348,383,396,396,492,492,509,519,569,588,603,603,635,635,635,670,31,31,31,31],"floor_reached":47,"language":"ENG","playtime":3140,"items_purged":["theVacant:VacantStarterDefend"],"score":703,"play_id":"52f7c012-62d9-4feb-a9c3-e0cdab402bd3","local_time":"20210225012108","is_ascension_mode":true,"campfire_choices":[{"data":"theVacant:DimensionTear","floor":6,"key":"SMITH"},{"data":"theVacant:ShutAway","floor":8,"key":"SMITH"},{"data":"theVacant:Release","floor":15,"key":"SMITH"},{"data":"theVacant:Dig","floor":24,"key":"SMITH"},{"data":"theVacant:Carve","floor":27,"key":"SMITH"},{"data":"theVacant:Jab","floor":32,"key":"SMITH"},{"data":"downfall:Aged","floor":40,"key":"PURGE"},{"data":"theVacant:VacantStarterDefend","floor":46,"key":"PURGE"}],"circlet_count":0,"master_deck":["theVacant:EyePoke","theVacant:VacantStarterDefend","theVacant:VacantStarterDefend","theVacant:Release+1","theVacant:Crunch","theVacant:DimensionTear+1","theVacant:ShutAway+1","theVacant:Carve+1","theVacant:Fling","theVacant:GraveWave","theVacant:Barrage","theVacant:BurdenBreak+1","theVacant:VoidForm+1","theVacant:Dig+1","theVacant:ShutAway+1","theVacant:Voidstone+1","theVacant:Dig+1","theVacant:Dig+1","theVacant:Release+1","theVacant:CursedBlast","theVacant:BurdenBreak+1","theVacant:BattleScars+1","theVacant:Fling+1","theVacant:LashOut+1","theVacant:Jab+1","theVacant:ShutAway+1","theVacant:Anguish+1","theVacant:DeathSpiral","theVacant:Acceptance+1","theVacant:SurpriseAttack+1","theVacant:Exorcise+1","theVacant:Anguish+1","theVacant:SurpriseAttack","theVacant:Dig+1","theVacant:HolyWater+1","theVacant:VoidEmbrace+1","theVacant:EmptyShield+1","Secret Weapon+1","theVacant:BattleScars+1"],"relics":["theVacant:BrassGoblet","EVO:Axolotl","Happy Flower","Nunchaku","Frozen Egg 2","Bronze Scales","Toxic Egg 2","Mummified Hand","Cursed Key","Meat on the Bone","Eternal Feather","Darkstone Periapt","Blood Vial","Astrolabe","Peace Pipe","PreservedInsect","Potion Belt","Ice Cream","Kunai"],"acts_visited":["Exordium","TheCity","TheBeyond"],"potions_floor_usage":[14,25,47],"damage_taken":[{"damage":0,"enemies":"Cultist","floor":1,"turns":3},{"damage":2,"enemies":"Small Slimes","floor":2,"turns":3},{"damage":9,"enemies":"Jaw Worm","floor":3,"turns":2},{"damage":1,"enemies":"Blue Slaver","floor":4,"turns":3},{"damage":21,"enemies":"3 Sentries","floor":7,"turns":7},{"damage":0,"enemies":"Looter","floor":10,"turns":1},{"damage":0,"enemies":"Gremlin Nob","floor":11,"turns":2},{"damage":0,"enemies":"2 Fungi Beasts","floor":12,"turns":2},{"damage":15,"enemies":"Lagavulin","floor":14,"turns":9},{"damage":30,"enemies":"The Guardian","floor":16,"turns":9},{"damage":5,"enemies":"2 Thieves","floor":18,"turns":3},{"damage":0,"enemies":"3 Byrds","floor":19,"turns":3},{"damage":0,"enemies":"Sentry and Sphere","floor":21,"turns":2},{"damage":7,"enemies":"Centurion and Healer","floor":22,"turns":4},{"damage":32,"enemies":"Gremlin Leader","floor":23,"turns":6},{"damage":7,"enemies":"Slavers","floor":25,"turns":2},{"damage":13,"enemies":"Snecko","floor":28,"turns":4},{"damage":24,"enemies":"3 Cultists","floor":29,"turns":6},{"damage":31,"enemies":"Gremlin Leader","floor":30,"turns":4},{"damage":12,"enemies":"Cultist and Chosen","floor":31,"turns":4},{"damage":40,"enemies":"Champ","floor":33,"turns":7},{"damage":4,"enemies":"3 Shapes","floor":35,"turns":4},{"damage":11,"enemies":"Orb Walker","floor":36,"turns":2},{"damage":0,"enemies":"Mind Bloom Boss Battle","floor":37,"turns":7},{"damage":27,"enemies":"Jaw Worm Horde","floor":38,"turns":3},{"damage":0,"enemies":"3 Darklings","floor":39,"turns":3},{"damage":1,"enemies":"Nemesis","floor":41,"turns":6},{"damage":63,"enemies":"Reptomancer","floor":44,"turns":3},{"damage":47,"enemies":"Writhing Mass","floor":47,"turns":2}],"seed_played":"541449585085482772","potions_obtained":[{"floor":2,"key":"FairyPotion"},{"floor":4,"key":"PowerPotion"},{"floor":16,"key":"Slimebound:ThreeZeroPotion"},{"floor":21,"key":"Ancient Potion"},{"floor":28,"key":"AttackPotion"},{"floor":37,"key":"SpeedPotion"}],"is_trial":false,"path_per_floor":["M","M","M","M","T","R","E","R","T","M","E","M","$","E","R","B",null,"M","M","?","M","M","E","R","E","T","R","M","M","E","M","R","B",null,"M","M","?","M","M","R","E","?","T","E","$","R","M"],"character_chosen":"THE_VACANT","items_purchased":["Toxic Egg 2","Ice Cream","Kunai"],"campfire_rested":0,"item_purchase_floors":[13,45,45],"current_hp_per_floor":[80,78,69,68,68,68,47,47,47,47,47,47,47,32,32,2,80,75,75,75,75,68,36,36,41,41,56,43,31,36,38,56,30,80,76,67,69,44,46,67,68,68,68,19,19,43,0,0],"gold":31,"neow_bonus":"ONE_RANDOM_RARE_CARD","is_daily":false,"chose_seed":false,"campfire_upgraded":6,"win_rate":0.0,"timestamp":1614234068,"path_taken":["M","M","M","M","?","R","E","R","T","M","E","M","$","E","R","BOSS","M","M","?","M","M","E","R","E","T","R","M","M","E","M","R","BOSS","M","M","?","M","M","R","E","?","T","E","$","R","M"],"items_purchased_type":["Relic","Relic","Relic"],"build_version":"2020-12-22","purchased_purges":1,"victory":false,"max_hp_per_floor":[80,80,80,80,80,80,80,80,80,80,80,80,80,80,80,80,80,80,80,80,80,80,80,80,80,80,80,80,80,80,80,80,80,80,80,80,80,80,80,80,80,80,80,80,80,80,80,80],"relic_stats":{"Darkstone Periapt":0,"Happy Flower":[35],"counters":[29,116],"Astrolabe":["theVacant:Acceptance","theVacant:SurpriseAttack","theVacant:Exorcise"],"Eternal Feather":78,"PreservedInsect":58,"Cursed Key":1,"Blood Vial":18,"Peace Pipe":2,"Nunchaku":[21],"Mummified Hand":[44],"Bronze Scales":[301],"Kunai":[1],"obtain_stats":[{"Darkstone Periapt":26,"Potion Belt":44,"Ice Cream":45,"theVacant:BrassGoblet":0,"Happy Flower":5,"Astrolabe":34,"Eternal Feather":25,"PreservedInsect":41,"EVO:Axolotl":0,"Frozen Egg 2":9,"Cursed Key":17,"Blood Vial":30,"Peace Pipe":37,"Nunchaku":7,"Mummified Hand":14,"Bronze Scales":11,"Kunai":45,"Toxic Egg 2":13,"Meat on the Bone":23},{"Darkstone Periapt":16,"Potion Belt":28,"Ice Cream":28,"theVacant:BrassGoblet":0,"Happy Flower":4,"Astrolabe":21,"Eternal Feather":16,"PreservedInsect":27,"EVO:Axolotl":0,"Frozen Egg 2":5,"Cursed Key":10,"Blood Vial":19,"Peace Pipe":24,"Nunchaku":5,"Mummified Hand":9,"Bronze Scales":7,"Kunai":28,"Toxic Egg 2":8,"Meat on the Bone":15},{"Darkstone Periapt":61,"Potion Belt":114,"Ice Cream":114,"theVacant:BrassGoblet":0,"Happy Flower":11,"Astrolabe":86,"Eternal Feather":61,"PreservedInsect":111,"EVO:Axolotl":0,"Frozen Egg 2":18,"Cursed Key":41,"Blood Vial":75,"Peace Pipe":99,"Nunchaku":18,"Mummified Hand":32,"Bronze Scales":21,"Kunai":114,"Toxic Egg 2":23,"Meat on the Bone":59}],"Meat on the Bone":72},"card_choices":[{"not_picked":["theVacant:Soothe","theVacant:Cower"],"picked":"theVacant:ShutAway","floor":1},{"not_picked":["theVacant:OnSecondThought","theVacant:EyePoke"],"picked":"theVacant:Carve","floor":2},{"not_picked":["theVacant:FromNothing","theVacant:Cower"],"picked":"theVacant:Fling","floor":3},{"not_picked":["theVacant:OnSecondThought","theVacant:Husk"],"picked":"theVacant:GraveWave","floor":4},{"not_picked":["theVacant:Necromancy","theVacant:FranticBlow"],"picked":"theVacant:Barrage","floor":7},{"not_picked":["theVacant:OnSecondThought","theVacant:Whip"],"picked":"theVacant:BurdenBreak+1","floor":10},{"not_picked":["theVacant:Enrage","theVacant:MindBreak"],"picked":"theVacant:VoidForm+1","floor":11},{"not_picked":["theVacant:Return","theVacant:Barrage"],"picked":"theVacant:Dig","floor":12},{"not_picked":["theVacant:Barrage","theVacant:Jab"],"picked":"theVacant:ShutAway+1","floor":14},{"not_picked":["theVacant:FromNothing+1","theVacant:DarkStrike"],"picked":"theVacant:Voidstone+1","floor":16},{"not_picked":["theVacant:Fortify+1","theVacant:IntoTheAbyss+1"],"picked":"theVacant:Dig+1","floor":18},{"not_picked":["theVacant:Return+1","theVacant:Cower+1"],"picked":"theVacant:Dig+1","floor":19},{"not_picked":["theVacant:Threat","theVacant:Jab"],"picked":"theVacant:CursedBlast","floor":21},{"not_picked":["theVacant:CursedBlast","theVacant:OnSecondThought+1"],"picked":"theVacant:BurdenBreak+1","floor":22},{"not_picked":["theVacant:Carve","theVacant:EmbraceDarkness+1"],"picked":"theVacant:BattleScars+1","floor":23},{"not_picked":["theVacant:MindBreak+1","theVacant:Fortify+1"],"picked":"theVacant:Fling+1","floor":25},{"not_picked":["theVacant:Barrage","theVacant:BattleScars+1"],"picked":"theVacant:LashOut+1","floor":28},{"not_picked":["theVacant:Husk+1","theVacant:EmbraceDarkness+1"],"picked":"theVacant:Jab","floor":29},{"not_picked":["theVacant:Carve","theVacant:Anguish+1"],"picked":"theVacant:ShutAway+1","floor":30},{"not_picked":["theVacant:EmbraceDarkness+1","theVacant:Thoughtseize"],"picked":"theVacant:Anguish+1","floor":31},{"not_picked":["theVacant:DarkStrike","theVacant:TimeSkip+1"],"picked":"theVacant:DeathSpiral","floor":33},{"not_picked":["theVacant:Enrage+1","theVacant:Cower+1"],"picked":"theVacant:Anguish+1","floor":35},{"not_picked":["theVacant:Fortify+1","theVacant:CursedBlast"],"picked":"theVacant:SurpriseAttack","floor":36},{"not_picked":["theVacant:BattleScars+1","theVacant:Threat+1"],"picked":"theVacant:Dig+1","floor":37},{"not_picked":["theVacant:Snowball","theVacant:BellToll+1"],"picked":"theVacant:HolyWater+1","floor":38},{"not_picked":["theVacant:BattleScars+1","theVacant:EmbraceDarkness+1"],"picked":"theVacant:VoidEmbrace+1","floor":39},{"not_picked":["theVacant:Recover+1","theVacant:Acceptance+1"],"picked":"theVacant:EmptyShield+1","floor":41},{"not_picked":["Mind Blast","Transmutation+1"],"picked":"Secret Weapon+1","floor":42},{"not_picked":["theVacant:Husk+1","theVacant:DeathSpiral"],"picked":"theVacant:BattleScars+1","floor":44}],"player_experience":457360,"relics_obtained":[{"floor":5,"key":"Happy Flower"},{"floor":7,"key":"Nunchaku"},{"floor":9,"key":"Frozen Egg 2"},{"floor":11,"key":"Bronze Scales"},{"floor":14,"key":"Mummified Hand"},{"floor":23,"key":"Meat on the Bone"},{"floor":25,"key":"Eternal Feather"},{"floor":26,"key":"Darkstone Periapt"},{"floor":30,"key":"Blood Vial"},{"floor":37,"key":"Peace Pipe"},{"floor":41,"key":"PreservedInsect"},{"floor":44,"key":"Potion Belt"}],"event_choices":[{"damage_healed":0,"gold_gain":0,"player_choice":"1 cards matched","damage_taken":0,"max_hp_gain":0,"max_hp_loss":0,"event_name":"Match and Keep!","floor":20,"gold_loss":0,"cards_obtained":["theVacant:Release"]},{"damage_healed":0,"gold_gain":0,"player_choice":"Fight","damage_taken":0,"max_hp_gain":0,"max_hp_loss":0,"event_name":"MindBloom","floor":37,"gold_loss":0},{"damage_healed":0,"gold_gain":0,"player_choice":"Memory 1","damage_taken":0,"max_hp_gain":0,"max_hp_loss":0,"event_name":"SensoryStone","floor":42,"gold_loss":0}],"is_beta":false,"boss_relics":[{"not_picked":["Busted Crown","Ectoplasm"],"picked":"Cursed Key"},{"not_picked":["Empty Cage","Tiny House"],"picked":"Astrolabe"}],"items_purged_floors":[45],"is_endless":false,"potions_floor_spawned":[2,3,4,14,16,19,21,22,28,37,38,41],"killed_by":"Writhing Mass","ascension_level":2}}