{"host":"poshtwjux72eqzmy","time":1614243275,"event":{"mods":["BaseMod","Bestiary","Block Reminder","Highlight Path","Minty Spire (QoL Compilation)","Quick Restart","Relic Stats","StSLib","ojb\u0027s Info Mod"],"gold_per_floor":[109,126,126,140,120,120,132,157,157,171,136,136,153,170,170,241,241,260,310,310,310,77,77,77,110,137,137,153,153,187,199,199,273,273,287,287,304,40,40,40,40,67,67,67,67,92,102,112,112,112,112,112,112,0,33,33],"floor_reached":57,"language":"ENG","playtime":5027,"items_purged":["Strike_G","Defend_G"],"score":2671,"play_id":"21c8921e-8730-4b6e-b7cb-ad0d4a189f6d","local_time":"20210225105435","is_ascension_mode":true,"campfire_choices":[{"data":"Neutralize","floor":6.0,"key":"SMITH"},{"data":"Dagger Spray","floor":12.0,"key":"SMITH"},{"data":"Malaise","floor":15.0,"key":"SMITH"},{"data":"Catalyst","floor":23.0,"key":"SMITH"},{"data":"Night Terror","floor":27.0,"key":"SMITH"},{"data":"Malaise","floor":29.0,"key":"SMITH"},{"data":"Venomology","floor":32.0,"key":"SMITH"},{"data":"Wraith Form v2","floor":40.0,"key":"SMITH"},{"data":"Well Laid Plans","floor":44.0,"key":"SMITH"},{"floor":49.0,"key":"RECALL"},{"data":"Footwork","floor":53.0,"key":"SMITH"}],"circlet_count":0,"master_deck":["AscendersBane","Defend_G","Defend_G","Defend_G+1","Defend_G","Survivor","Neutralize+1","Bouncing Flask","Dagger Throw","Dagger Spray+1","Deadly Poison","Catalyst+1","Malaise+1","Tools of the Trade","Night Terror+1","Malaise+1","Footwork+1","Poisoned Stab","Terror+1","PiercingWail","Venomology+1","Wraith Form v2+1","Well Laid Plans+1","Infinite Blades+1","Noxious Fumes+1","Prepared+1","Footwork+1","PiercingWail","Catalyst+1"],"relics":["WristBlade","Question Card","Sundial","Coffee Dripper","OrangePellets","StrikeDummy","Toy Ornithopter","HornCleat","SlaversCollar","Juzu Bracelet","Lee\u0027s Waffle","Frozen Egg 2","Ice Cream","Shuriken"],"acts_visited":["Exordium","TheCity","TheBeyond","TheEnding"],"potions_floor_usage":[56,56,56,56,56],"damage_taken":[{"damage":0.0,"enemies":"2 Louse","floor":1.0,"turns":3.0},{"damage":1.0,"enemies":"Small Slimes","floor":2.0,"turns":4.0},{"damage":0.0,"enemies":"Cultist","floor":4.0,"turns":3.0},{"damage":13.0,"enemies":"Large Slime","floor":7.0,"turns":7.0},{"damage":7.0,"enemies":"3 Sentries","floor":8.0,"turns":6.0},{"damage":0.0,"enemies":"3 Louse","floor":10.0,"turns":2.0},{"damage":0.0,"enemies":"Looter","floor":13.0,"turns":3.0},{"damage":1.0,"enemies":"Blue Slaver","floor":14.0,"turns":7.0},{"damage":19.0,"enemies":"The Guardian","floor":16.0,"turns":9.0},{"damage":2.0,"enemies":"3 Byrds","floor":18.0,"turns":10.0},{"damage":22.0,"enemies":"Slavers","floor":25.0,"turns":8.0},{"damage":7.0,"enemies":"Shell Parasite","floor":28.0,"turns":5.0},{"damage":20.0,"enemies":"Book of Stabbing","floor":30.0,"turns":6.0},{"damage":0.0,"enemies":"Snake Plant","floor":31.0,"turns":6.0},{"damage":33.0,"enemies":"Collector","floor":33.0,"turns":10.0},{"damage":4.0,"enemies":"3 Darklings","floor":35.0,"turns":9.0},{"damage":28.0,"enemies":"3 Shapes","floor":37.0,"turns":8.0},{"damage":5.0,"enemies":"Giant Head","floor":42.0,"turns":4.0},{"damage":0.0,"enemies":"Reptomancer","floor":45.0,"turns":1.0},{"damage":16.0,"enemies":"Mind Bloom Boss Battle","floor":46.0,"turns":7.0},{"damage":3.0,"enemies":"Maw","floor":47.0,"turns":6.0},{"damage":20.0,"enemies":"Transient","floor":48.0,"turns":6.0},{"damage":36.0,"enemies":"Awakened One","floor":50.0,"turns":21.0},{"damage":44.0,"enemies":"Donu and Deca","floor":51.0,"turns":13.0},{"damage":40.0,"enemies":"Shield and Spear","floor":55.0,"turns":10.0},{"damage":54,"enemies":"The Heart","floor":56,"turns":12}],"seed_played":"-140465804101565292","potions_obtained":[{"floor":4.0,"key":"DuplicationPotion"},{"floor":5.0,"key":"Energy Potion"},{"floor":8.0,"key":"Swift Potion"},{"floor":13.0,"key":"PowerPotion"},{"floor":16.0,"key":"GhostInAJar"},{"floor":28.0,"key":"Poison Potion"},{"floor":31.0,"key":"EntropicBrew"},{"floor":33.0,"key":"LiquidBronze"},{"floor":35.0,"key":"EntropicBrew"},{"floor":42.0,"key":"SmokeBomb"},{"floor":55.0,"key":"EntropicBrew"}],"is_trial":false,"path_per_floor":["M","M","?","M","?","R","M","E","T","M","?","R","M","M","R","B",null,"M","?","?","?","$","R","?","E","T","R","M","R","E","M","R","B",null,"M","?","M","$","?","R","?","E","T","R","E","?","M","M","R","B","B",null,"R","$","E","B",null],"character_chosen":"THE_SILENT","items_purchased":["OrangePellets","Lee\u0027s Waffle","Footwork+1","PiercingWail"],"campfire_rested":0,"item_purchase_floors":[22,38,54,54],"current_hp_per_floor":[59,58,38,38,38,38,25,18,18,18,34,34,34,33,33,14,53,51,51,51,51,51,51,51,29,29,29,22,22,7,27,27,19,54,55,55,37,73,73,73,73,73,73,73,73,62,64,69,69,33,19,60,60,60,40,11],"gold":33,"neow_bonus":"BOSS_RELIC","is_daily":false,"chose_seed":false,"campfire_upgraded":10,"win_rate":0.0,"timestamp":1614243275,"path_taken":["M","M","?","M","?","R","?","E","T","M","?","R","M","M","R","BOSS","M","?","?","?","?","R","?","E","T","R","?","R","E","M","R","BOSS","M","?","M","?","?","R","?","E","T","R","E","?","M","M","R","BOSS","BOSS","R","$","E","BOSS"],"items_purchased_type":["Relic","Relic","Card","Card"],"build_version":"2020-12-22","purchased_purges":2,"victory":true,"max_hp_per_floor":[66,66,66,66,66,66,66,66,66,66,66,66,66,66,66,66,66,66,66,66,66,66,66,66,66,66,66,66,66,66,66,66,66,66,66,66,66,73,73,73,73,73,73,73,73,73,73,73,73,73,73,73,73,73,73,73],"relic_stats":{"OrangePellets":[28],"Lee\u0027s Waffle":36,"counters":[26,186],"Sundial":[30],"Shuriken":[4],"Juzu Bracelet":1,"Question Card":17,"obtain_stats":[{"Ice Cream":46,"Lee\u0027s Waffle":38,"Juzu Bracelet":36,"Frozen Egg 2":42,"Question Card":8,"OrangePellets":22,"SlaversCollar":34,"HornCleat":30,"WristBlade":0,"Sundial":9,"Shuriken":55,"Coffee Dripper":17,"StrikeDummy":25,"Toy Ornithopter":26,"Ring of the Snake":0},{"Ice Cream":20,"Lee\u0027s Waffle":17,"Juzu Bracelet":16,"Frozen Egg 2":18,"Question Card":5,"OrangePellets":10,"SlaversCollar":15,"HornCleat":13,"WristBlade":0,"Sundial":5,"Shuriken":25,"Coffee Dripper":9,"StrikeDummy":11,"Toy Ornithopter":11,"Ring of the Snake":0},{"Ice Cream":118,"Lee\u0027s Waffle":106,"Juzu Bracelet":98,"Frozen Egg 2":110,"Question Card":23,"OrangePellets":54,"SlaversCollar":89,"HornCleat":73,"WristBlade":0,"Sundial":23,"Shuriken":174,"Coffee Dripper":44,"StrikeDummy":62,"Toy Ornithopter":62,"Ring of the Snake":0}],"Toy Ornithopter":145},"card_choices":[{"not_picked":["Flying Knee","Catalyst"],"picked":"Bouncing Flask","floor":1.0},{"not_picked":["Dodge and Roll","Bane","Finisher"],"picked":"SKIP","floor":2.0},{"not_picked":["Blur","Deflect"],"picked":"Dagger Throw","floor":4.0},{"not_picked":["Prepared","Dodge and Roll"],"picked":"Dagger Spray","floor":7.0},{"not_picked":["Caltrops","Deadly Poison","Prepared"],"picked":"SKIP","floor":8.0},{"not_picked":["Caltrops","Prepared"],"picked":"Deadly Poison","floor":8.0},{"not_picked":["Bouncing Flask","Underhanded Strike","Sucker Punch"],"picked":"Catalyst","floor":10.0},{"not_picked":["Cloak And Dagger","Blur","Sucker Punch"],"picked":"Malaise","floor":13.0},{"not_picked":["Underhanded Strike","Heel Hook","Deflect","Acrobatics"],"picked":"SKIP","floor":14.0},{"not_picked":["Die Die Die","Malaise","Unload"],"picked":"Tools of the Trade","floor":16.0},{"not_picked":["Dagger Throw","All Out Attack","Skewer"],"picked":"Terror","floor":18.0},{"not_picked":["Deflect","Deadly Poison","Outmaneuver"],"picked":"Terror+1","floor":25.0},{"not_picked":["Bouncing Flask","Cloak And Dagger","Flying Knee"],"picked":"PiercingWail","floor":28.0},{"not_picked":["Underhanded Strike","Quick Slash","Prepared"],"picked":"Venomology","floor":30.0},{"not_picked":["Dagger Throw","Slice","Dodge and Roll","Flying Knee"],"picked":"SKIP","floor":31.0},{"not_picked":["A Thousand Cuts","Tools of the Trade","Grand Finale"],"picked":"Wraith Form v2","floor":33.0},{"not_picked":["Flying Knee","Sucker Punch","Dagger Throw+1"],"picked":"Well Laid Plans","floor":35.0},{"not_picked":["Infinite Blades+1","Backflip","Concentrate","Riddle With Holes"],"picked":"SKIP","floor":37.0},{"not_picked":["Backflip","Concentrate","Riddle With Holes"],"picked":"Infinite Blades+1","floor":37.0},{"not_picked":["Infinite Blades+1","Poisoned Stab","Bane+1","Heel Hook+1"],"picked":"SKIP","floor":42.0},{"not_picked":["Dagger Spray","Infinite Blades+1","Cloak And Dagger"],"picked":"Noxious Fumes+1","floor":46.0},{"not_picked":["Slice","Finisher","Poisoned Stab"],"picked":"Prepared+1","floor":47.0},{"not_picked":["Backflip","Phantasmal Killer","Poisoned Stab","Outmaneuver"],"picked":"SKIP","floor":48.0},{"not_picked":["Underhanded Strike","Crippling Poison","Prepared"],"picked":"Catalyst+1","floor":55.0}],"player_experience":1156958,"relics_obtained":[{"floor":8.0,"key":"Question Card"},{"floor":9.0,"key":"Sundial"},{"floor":25.0,"key":"StrikeDummy"},{"floor":26.0,"key":"Toy Ornithopter"},{"floor":30.0,"key":"HornCleat"},{"floor":42.0,"key":"Frozen Egg 2"},{"floor":46.0,"key":"Ice Cream"},{"floor":55.0,"key":"Shuriken"}],"event_choices":[{"damage_healed":0.0,"max_hp_gain":0.0,"max_hp_loss":0.0,"gold_gain":0.0,"event_name":"Shining Light","player_choice":"Entered Light","floor":3.0,"gold_loss":0.0,"damage_taken":20.0,"cards_upgraded":["Defend_G","Strike_G"]},{"damage_healed":0.0,"max_hp_gain":0.0,"max_hp_loss":0.0,"gold_gain":0.0,"event_name":"The Woman in Blue","player_choice":"Bought 1 Potion","floor":5.0,"gold_loss":0.0,"damage_taken":0.0},{"damage_healed":16.0,"max_hp_gain":0.0,"max_hp_loss":0.0,"gold_gain":0.0,"event_name":"The Cleric","player_choice":"Healed","floor":11.0,"gold_loss":35.0,"damage_taken":0.0},{"damage_healed":0.0,"max_hp_gain":0.0,"max_hp_loss":0.0,"gold_gain":50.0,"event_name":"Nest","player_choice":"Stole From Cult","floor":19.0,"gold_loss":0.0,"damage_taken":0.0},{"damage_healed":0.0,"max_hp_gain":0.0,"max_hp_loss":0.0,"gold_gain":0.0,"cards_transformed":["Strike_G","Strike_G"],"event_name":"Drug Dealer","player_choice":"Became Test Subject","floor":20.0,"gold_loss":0.0,"damage_taken":0.0,"cards_obtained":["Night Terror","Malaise"]},{"damage_healed":0.0,"max_hp_gain":0.0,"max_hp_loss":0.0,"gold_gain":0.0,"event_name":"The Library","player_choice":"Read","floor":21.0,"gold_loss":0.0,"damage_taken":0.0,"cards_obtained":["Footwork"]},{"damage_healed":0.0,"max_hp_gain":0.0,"max_hp_loss":0.0,"gold_gain":0.0,"cards_transformed":["Strike_G"],"event_name":"Transmorgrifier","player_choice":"Transformed","floor":24.0,"gold_loss":0.0,"damage_taken":0.0,"cards_obtained":["Poisoned Stab"]},{"damage_healed":0.0,"max_hp_gain":0.0,"max_hp_loss":0.0,"gold_gain":0.0,"event_name":"WeMeetAgain","player_choice":"Gave Potion","floor":36.0,"gold_loss":0.0,"damage_taken":0.0,"relics_obtained":["Juzu Bracelet"]},{"damage_healed":0.0,"max_hp_gain":0.0,"max_hp_loss":0.0,"gold_gain":0.0,"event_name":"Mysterious Sphere","player_choice":"Ignored","floor":39.0,"gold_loss":0.0,"damage_taken":0.0},{"cards_removed":["Strike_G"],"damage_healed":0.0,"max_hp_gain":0.0,"max_hp_loss":0.0,"gold_gain":0.0,"event_name":"Falling","player_choice":"Removed Attack","floor":41.0,"gold_loss":0.0,"damage_taken":0.0},{"damage_healed":0.0,"max_hp_gain":0.0,"max_hp_loss":0.0,"gold_gain":0.0,"event_name":"MindBloom","player_choice":"Fight","floor":46.0,"gold_loss":0.0,"damage_taken":0.0}],"is_beta":false,"boss_relics":[{"not_picked":["Velvet Choker","Astrolabe"],"picked":"Coffee Dripper"},{"not_picked":["Cursed Key","Pandora\u0027s Box"],"picked":"SlaversCollar"}],"items_purged_floors":[22,38],"is_endless":false,"potions_floor_spawned":[4,8,13,16,28,31,33,35,37,42,55],"ascension_level":20}}