{"host":"fuszjwm6fqgjjp4d","time":1614222280,"event":{"mods":["BaseMod","Colored Map","Minty Spire (QoL Compilation)","Permanent Neow","Relic Sorter","Relic Stats","StSLib"],"gold_per_floor":[20,20,20,34,46,46,79,79,161,177,190,203,217,248,248,248,248],"floor_reached":16,"language":"ENG","playtime":506,"items_purged":[],"score":228,"play_id":"cc9ad15a-8cd8-44f7-a756-194aa8d41834","local_time":"20210224210440","is_ascension_mode":true,"campfire_choices":[{"data":"Bash","floor":6,"key":"SMITH"},{"data":"Flame Barrier","floor":15,"key":"SMITH"}],"circlet_count":0,"master_deck":["AscendersBane","Strike_R","Strike_R","Strike_R","Strike_R","Strike_R","Defend_R+1","Defend_R+1","Defend_R","Defend_R","Bash+1","Reaper","Cleave+1","Clothesline","Shrug It Off","Iron Wave","Flame Barrier+1","Shrug It Off","Feel No Pain"],"relics":["Burning Blood","Darkstone Periapt","Anchor","Question Card","Charon\u0027s Ashes"],"acts_visited":["Exordium"],"potions_floor_usage":[4,7,14,14,14,16,16],"damage_taken":[{"damage":10,"enemies":"Small Slimes","floor":1,"turns":3},{"damage":4,"enemies":"Jaw Worm","floor":4,"turns":3},{"damage":0,"enemies":"2 Louse","floor":5,"turns":2},{"damage":52,"enemies":"3 Sentries","floor":7,"turns":13},{"damage":8,"enemies":"Looter","floor":10,"turns":3},{"damage":16,"enemies":"2 Fungi Beasts","floor":11,"turns":3},{"damage":0,"enemies":"3 Louse","floor":12,"turns":2},{"damage":2,"enemies":"Blue Slaver","floor":13,"turns":4},{"damage":27,"enemies":"Gremlin Nob","floor":14,"turns":5},{"damage":48,"enemies":"The Guardian","floor":16,"turns":16}],"seed_played":"6413185199624686314","potions_obtained":[{"floor":1,"key":"LiquidMemories"},{"floor":4,"key":"SpeedPotion"},{"floor":11,"key":"PowerPotion"},{"floor":12,"key":"EntropicBrew"},{"floor":14,"key":"Weak Potion"}],"is_trial":false,"path_per_floor":["M","?","?","M","M","R","E","T","T","M","M","M","M","E","R","B"],"character_chosen":"IRONCLAD","items_purchased":[],"campfire_rested":0,"item_purchase_floors":[],"current_hp_per_floor":[70,70,47,53,67,67,29,29,29,33,31,49,57,40,40,0,0],"gold":248,"neow_bonus":"THREE_RARE_CARDS","is_daily":false,"chose_seed":false,"campfire_upgraded":2,"win_rate":0.0,"timestamp":1614222280,"path_taken":["M","?","?","M","M","R","E","?","T","M","M","M","M","E","R","BOSS"],"items_purchased_type":[],"build_version":"2020-12-22","purchased_purges":0,"victory":false,"max_hp_per_floor":[75,75,75,75,75,75,75,75,75,75,75,75,75,75,75,75,75],"relic_stats":{"Darkstone Periapt":0,"counters":[10,54],"Charon\u0027s Ashes":[6],"Question Card":5,"obtain_stats":[{"Darkstone Periapt":7,"Anchor":8,"Charon\u0027s Ashes":14,"Question Card":9,"Burning Blood":0},{"Darkstone Periapt":4,"Anchor":4,"Charon\u0027s Ashes":9,"Question Card":4,"Burning Blood":0},{"Darkstone Periapt":21,"Anchor":21,"Charon\u0027s Ashes":38,"Question Card":21,"Burning Blood":0}],"Burning Blood":54},"card_choices":[{"not_picked":["Demon Form","Impervious"],"picked":"Reaper","floor":0},{"not_picked":["Rage","Feel No Pain"],"picked":"Cleave","floor":1},{"not_picked":["Intimidate","Wild Strike"],"picked":"Clothesline","floor":4},{"not_picked":["Clash","Feel No Pain"],"picked":"Shrug It Off","floor":5},{"not_picked":["Reckless Charge","Wild Strike"],"picked":"Iron Wave","floor":7},{"not_picked":["Sever Soul","Havoc","Sword Boomerang"],"picked":"Flame Barrier","floor":10},{"not_picked":["Wild Strike","Dual Wield","Perfected Strike"],"picked":"Shrug It Off","floor":11},{"not_picked":["Twin Strike","Infernal Blade","Warcry","Anger"],"picked":"SKIP","floor":12},{"not_picked":["Fire Breathing","Impervious","Sword Boomerang"],"picked":"Feel No Pain","floor":13},{"not_picked":["Pommel Strike","Burning Pact","Clash","Entrench"],"picked":"SKIP","floor":14}],"player_experience":1535300,"relics_obtained":[{"floor":7,"key":"Darkstone Periapt"},{"floor":8,"key":"Anchor"},{"floor":9,"key":"Question Card"},{"floor":14,"key":"Charon\u0027s Ashes"}],"event_choices":[{"damage_healed":0,"gold_gain":0,"player_choice":"Grow","damage_taken":0,"max_hp_gain":0,"max_hp_loss":0,"event_name":"Living Wall","floor":2,"gold_loss":0,"cards_upgraded":["Cleave"]},{"damage_healed":0,"gold_gain":0,"player_choice":"Entered Light","damage_taken":23,"max_hp_gain":0,"max_hp_loss":0,"event_name":"Shining Light","floor":3,"gold_loss":0,"cards_upgraded":["Defend_R","Defend_R"]}],"is_beta":false,"boss_relics":[],"items_purged_floors":[],"is_endless":false,"potions_floor_spawned":[1,4,11,12,14],"killed_by":"The Guardian","ascension_level":20}}