{"host":"bun66rhxl4zngnso","time":1614228354,"event":{"mods":["2.2 Compatiblity","AchievementEnabler","Act Like it!","Arknights","BaseMod","KOR Keyword Fix","KinomotoSakuraMod(ÙÊñýÜâ?)","Koishi","Marisa£¨Ùöéë¡¡Øª×âÞÞ£©","Minty Spire (QoL Compilation)","Permanent Neow","Reimu£¨ÚÏ???£©","Remilia£¨?Ú·×é?£©","StSLib","SuperFastMode","The Runesmith","The Servant 0.9.4","Youmu£¨ûëÛÞèí?£©"],"gold_per_floor":[116,129,98820,98820,98780,98810,98810,98810,98810,98810,98810,97818,97835,97910,97910,98011,98011,98022,98034,96947,96958,96958,96958,95961,95961,95986,95998,96024,96044,96044,96063,96063,96165,96165,96185,96197,95133,95133,95183,95183,95183,95183,95209,95225,94098,94098,94098,92889,92889,92889],"floor_reached":51,"language":"KOR","playtime":1458,"items_purged":[],"score":938,"play_id":"280831f8-678c-4698-a875-5d0aede0f1f6","local_time":"20210225134554","is_ascension_mode":false,"campfire_choices":[{"data":"Koishi:DreadfulBlow","floor":8.0,"key":"SMITH"},{"data":"Koishi:HeartStoppingHorror","floor":10,"key":"SMITH"},{"floor":15,"key":"REST"},{"data":"Koishi:StingingMind","floor":23,"key":"SMITH"},{"data":"Koishi:SuperEgo","floor":25,"key":"SMITH"},{"data":"Koishi:GrowingPain","floor":30,"key":"SMITH"},{"data":"Jack Of All Trades","floor":32,"key":"SMITH"},{"data":"Koishi:TraumaticStroke","floor":40,"key":"SMITH"},{"data":"Koishi:FleetingPhantom","floor":49,"key":"SMITH"}],"circlet_count":0,"master_deck":["Koishi:BasicStrike","Koishi:BasicStrike","Koishi:BasicStrike","Koishi:BasicDefend+1","Koishi:BasicDefend","Koishi:BasicDefend","Koishi:BasicDefend","Koishi:Provoke","Koishi:HauntingSlash+1","Koishi:SuperEgo+1","Koishi:DreadfulBlow+1","Koishi:UnconsciousUprising","Koishi:GrowingPain+1","Koishi:TraumaticStroke+1","Koishi:UnconsciousUprising","Koishi:FleetingPhantom+1","Koishi:HeartStoppingHorror+1","Purity","Panache","Koishi:SpiritedAway","Koishi:TraumaticStroke","Swift Strike","Mayhem","Koishi:DNAsFlaw","Koishi:ConfinedInnocent","Koishi:JumpScare","Koishi:RacingHeart","Koishi:StingingMind+1","Koishi:RuptureMind","Koishi:RorschachInDanmaku","Koishi:RorschachInDanmaku","Koishi:StingingMind","Jack Of All Trades+1","Violence","Koishi:PhantomBarrier","Koishi:FidgetySnatcher","Koishi:HeartfeltFancy","Koishi:Jaunt","Koishi:BloodcurdlingScream","Koishi:VengefulSpirit","Koishi:JumpScare","Koishi:CatchAndRose","Koishi:MindNumbingTerror","Koishi:Jaunt","Deep Breath","Magnetism","Koishi:EmbryosDream","Koishi:SubconsciousSweep","Koishi:RacingHeart+1","Koishi:PhantomBarrier","Koishi:ConfinedInnocent","Koishi:SubterraneanRose+1","Koishi:UnconsciousUrges+1","Koishi:DreadfulBlow","Koishi:UnconsciousUprising","Koishi:SubconsciousSweep","Mayhem","Dark Shackles","Koishi:FleetingPhantom","Koishi:FidgetySnatcher","Koishi:SubterraneanRose+1","Metamorphosis","Dramatic Entrance","Koishi:JumpScare","Koishi:Untouchable","Koishi:ReflexRadar","Koishi:PhantomBarrier","Koishi:LastRemote","Koishi:SubconsciousSweep","Impatience","Chrysalis","Koishi:BramblyRoseGarden","Koishi:SubterraneanRose","Koishi:PhantomStrike","Koishi:YoukaiPolygraph","Panache","Discovery","Koishi:ImGoingToCallYouNow"],"relics":["Koishi:ImaginaryFriend","HornCleat","Pen Nib","Toolbox","PaintedHorse:ReiMu","Bag of Preparation","Meat on the Bone","CaptainsWheel","Bronze Scales","Orrery","Sozu","InkBottle","Lee\u0027s Waffle","Blood Vial","Potion Belt","Happy Flower","TheAbacus","Lantern","Toy Ornithopter","SlaversCollar","TentaclePot:ReiMu","Juzu Bracelet","Ornamental Fan","Mastiff:ReiMu","Unceasing Top","Anchor","Pocketwatch","Vajra","PrismaticShard","Koishi:EchoesOfADeadGirl","PreservedInsect","HandDrill"],"acts_visited":["Exordium","TheCity","TheBeyond"],"potions_floor_usage":[13,13,13,16],"damage_taken":[{"damage":20.0,"enemies":"Jaw Worm","floor":1.0,"turns":4.0},{"damage":0.0,"enemies":"2 Louse","floor":2.0,"turns":2.0},{"damage":0.0,"enemies":"Gremlin Nob","floor":6.0,"turns":4.0},{"damage":0,"enemies":"Cultist","floor":11,"turns":1},{"damage":0,"enemies":"2 Fungi Beasts","floor":13,"turns":4},{"damage":12,"enemies":"Hexaghost","floor":16,"turns":5},{"damage":0,"enemies":"Chosen","floor":18,"turns":3},{"damage":1,"enemies":"Shell Parasite","floor":19,"turns":4},{"damage":3,"enemies":"Chosen and Byrds","floor":21,"turns":4},{"damage":3,"enemies":"Centurion and Healer","floor":27,"turns":4},{"damage":7,"enemies":"Book of Stabbing","floor":28,"turns":3},{"damage":1,"enemies":"Snecko","floor":29,"turns":2},{"damage":0,"enemies":"Sentry and Sphere","floor":31,"turns":3},{"damage":1,"enemies":"Champ","floor":33,"turns":7},{"damage":4,"enemies":"Orb Walker","floor":35,"turns":2},{"damage":0,"enemies":"3 Darklings","floor":36,"turns":3},{"damage":11,"enemies":"Mind Bloom Boss Battle","floor":39,"turns":5},{"damage":0,"enemies":"Sphere and 2 Shapes","floor":44,"turns":3},{"damage":3,"enemies":"Writhing Mass","floor":46,"turns":4},{"damage":0,"enemies":"Donu and Deca","floor":50,"turns":2}],"seed_played":"5137855842959887958","potions_obtained":[{"floor":2.0,"key":"SpeedPotion"},{"floor":6.0,"key":"DuplicationPotion"},{"floor":7.0,"key":"SteroidPotion"},{"floor":7.0,"key":"CultistPotion"},{"floor":13,"key":"CultistPotion"}],"is_trial":false,"path_per_floor":["M","M","$","?","?","E","?","R","T","R","M","$","M","?","R","B",null,"M","M","$","M","?","R","$","R","T","M","E","M","R","M","R","B",null,"M","M","$","?","?","R","?","?","T","M","$","M","?","$","R","B",null],"character_chosen":"KOISHI","items_purchased":["Koishi:GrowingPain","Koishi:TraumaticStroke","Koishi:UnconsciousUprising","Koishi:FleetingPhantom","Koishi:HeartStoppingHorror","Purity","Panache","HornCleat","Pen Nib","Toolbox","ColorlessPotion","Dexterity Potion","Koishi:SpiritedAway","Koishi:TraumaticStroke","Swift Strike","Mayhem","CaptainsWheel","Bronze Scales","Orrery","Koishi:StingingMind","Jack Of All Trades","Violence","Koishi:PhantomBarrier","Koishi:FidgetySnatcher","Koishi:HeartfeltFancy","Koishi:Jaunt","InkBottle","Lee\u0027s Waffle","Blood Vial","Potion Belt","Happy Flower","TheAbacus","Koishi:VengefulSpirit","Koishi:JumpScare","Koishi:CatchAndRose","Koishi:MindNumbingTerror","Koishi:Jaunt","Deep Breath","Magnetism","Koishi:DreadfulBlow","Koishi:UnconsciousUprising","Koishi:SubconsciousSweep","Mayhem","Dark Shackles","Koishi:FleetingPhantom","Koishi:FidgetySnatcher","TentaclePot:ReiMu","Juzu Bracelet","Ornamental Fan","Pocketwatch","Vajra","PrismaticShard","Koishi:Untouchable","Koishi:ReflexRadar","Koishi:PhantomBarrier","Koishi:LastRemote","Koishi:SubconsciousSweep","Impatience","Chrysalis","Koishi:EchoesOfADeadGirl","PreservedInsect","HandDrill","Koishi:BramblyRoseGarden","Koishi:SubterraneanRose","Koishi:PhantomStrike","Koishi:YoukaiPolygraph","Panache","Discovery","Koishi:ImGoingToCallYouNow"],"campfire_rested":1,"item_purchase_floors":[3,3,3,3,3,3,3,3,3,3,3,3,12,12,12,12,12,12,12,20,20,20,20,20,20,20,20,20,20,24,24,24,24,24,24,24,24,24,24,37,37,37,37,37,37,37,37,37,37,45,45,45,45,45,45,45,45,45,45,48,48,48,48,48,48,48,48,48,48],"current_hp_per_floor":[41,42,42,30,30,33,33,33,33,33,33,33,37,26,44,44,60,60,60,67,66,66,66,66,66,66,67,67,67,67,67,67,67,67,67,67,67,67,57,57,57,52,52,54,54,60,60,60,60,67],"gold":92889,"neow_bonus":"ONE_RANDOM_RARE_CARD","is_daily":false,"chose_seed":false,"campfire_upgraded":8,"win_rate":0.0,"timestamp":1614228354,"path_taken":["M","M","$","?","?","E","?","R","T","R","M","$","?","?","R","BOSS","M","M","$","M","?","R","$","R","T","M","E","M","R","?","R","BOSS","M","M","$","?","?","R","?","?","T","M","?","M","?","$","R","BOSS"],"items_purchased_type":["Card","Card","Card","Card","Card","Card","Card","Relic","Relic","Relic","Potion","Potion","Card","Card","Card","Card","Relic","Relic","Relic","Card","Card","Card","Card","Card","Card","Card","Relic","Relic","Relic","Relic","Relic","Relic","Card","Card","Card","Card","Card","Card","Card","Card","Card","Card","Card","Card","Card","Card","Relic","Relic","Relic","Relic","Relic","Relic","Card","Card","Card","Card","Card","Card","Card","Relic","Relic","Relic","Card","Card","Card","Card","Card","Card","Card"],"build_version":"2020-12-22","purchased_purges":0,"victory":true,"max_hp_per_floor":[60,60,60,60,60,60,60,60,60,60,60,60,60,60,60,60,60,60,60,67,67,67,67,67,67,67,67,67,67,67,67,67,67,67,67,67,67,67,67,67,67,67,67,67,67,67,67,67,67,67],"card_choices":[{"not_picked":["Koishi:RacingHeart","Koishi:MassHysteria"],"picked":"Koishi:DreadfulBlow","floor":1.0},{"not_picked":["Koishi:JumpScare","Koishi:FleetingPhantom"],"picked":"Koishi:UnconsciousUprising","floor":2.0},{"not_picked":["Koishi:SpiritedAway","Koishi:StingingMind"],"picked":"Koishi:ConditionedTeleport","floor":6.0},{"not_picked":["Koishi:FleetingPhantom","Koishi:StingingMind"],"picked":"Koishi:DNAsFlaw","floor":12},{"not_picked":["Koishi:LastRemote","Koishi:CatchAndRose"],"picked":"Koishi:ConfinedInnocent","floor":12},{"not_picked":["Koishi:ReflexRadar","Koishi:Prune"],"picked":"Koishi:JumpScare","floor":12},{"not_picked":["Koishi:PhantomStrike","Koishi:FidgetySnatcher"],"picked":"Koishi:RacingHeart","floor":12},{"not_picked":["Koishi:FleetingPhantom","Koishi:Jaunt"],"picked":"Koishi:ConditionedTeleport","floor":12},{"not_picked":["Koishi:SubconsciousSweep","Koishi:HeartfeltFancy"],"picked":"Koishi:StingingMind","floor":13},{"not_picked":["Koishi:Ego","Koishi:GrowingPain"],"picked":"Koishi:RuptureMind","floor":16},{"not_picked":["Koishi:SubconsciousSweep","Koishi:LastRemote"],"picked":"Koishi:RorschachInDanmaku","floor":18},{"not_picked":["Koishi:PhantomBarrier","Koishi:ReflexRadar"],"picked":"Koishi:RorschachInDanmaku","floor":19},{"not_picked":["Koishi:SubconsciousSweep","Koishi:ApparitionsStalkTheNight"],"picked":"Koishi:BloodcurdlingScream","floor":21},{"not_picked":["Koishi:DreadfulBlow+1","Koishi:Catatonia"],"picked":"Koishi:EmbryosDream","floor":27},{"not_picked":["Koishi:PhantomBarrier","Koishi:ConfinedInnocent"],"picked":"Koishi:SubconsciousSweep","floor":28},{"not_picked":["Koishi:BramblyRoseGarden+1","Koishi:CatchAndRose"],"picked":"Koishi:RacingHeart+1","floor":29},{"not_picked":["Koishi:RacingHeart","Koishi:FleetingPhantom+1"],"picked":"Koishi:PhantomBarrier","floor":31},{"not_picked":["Koishi:Heartbroken","Koishi:RollingInRichesHeart"],"picked":"Koishi:ConfinedInnocent","floor":33},{"not_picked":["Koishi:GhostParty","Koishi:FleetingPhantom"],"picked":"Koishi:SubterraneanRose+1","floor":35},{"not_picked":["Koishi:HeartAttack","Koishi:ReflexRadar+1"],"picked":"Koishi:UnconsciousUrges+1","floor":36},{"not_picked":["Koishi:Jaunt","Koishi:ReflexRadar"],"picked":"Koishi:SubterraneanRose+1","floor":39},{"not_picked":["Good Instincts","Mind Blast"],"picked":"Metamorphosis","floor":42},{"not_picked":["Forethought","Violence"],"picked":"Dramatic Entrance","floor":42},{"not_picked":["Koishi:LastRemote+1","Koishi:FleetingPhantom+1"],"picked":"Koishi:JumpScare","floor":44}],"player_experience":20918,"relics_obtained":[{"floor":6.0,"key":"Bag of Preparation"},{"floor":9,"key":"Meat on the Bone"},{"floor":26,"key":"Lantern"},{"floor":28,"key":"Toy Ornithopter"},{"floor":38,"key":"Mastiff:ReiMu"},{"floor":39,"key":"Unceasing Top"},{"floor":43,"key":"Anchor"}],"event_choices":[{"damage_healed":0.0,"max_hp_gain":0.0,"max_hp_loss":0.0,"gold_gain":0.0,"event_name":"Shining Light","player_choice":"Entered Light","floor":4.0,"gold_loss":0.0,"damage_taken":12.0,"cards_upgraded":["Koishi:HauntingSlash","Koishi:BasicDefend"]},{"damage_healed":0.0,"max_hp_gain":0.0,"max_hp_loss":0.0,"gold_gain":0.0,"event_name":"yidonshenshe","player_choice":"Donate","floor":5.0,"gold_loss":40.0,"damage_taken":0.0,"relics_obtained":["PaintedHorse:ReiMu"]},{"damage_healed":0.0,"max_hp_gain":0.0,"max_hp_loss":0.0,"gold_gain":0.0,"event_name":"Lab","player_choice":"Got Potions","floor":7.0,"gold_loss":0.0,"damage_taken":0.0},{"damage_healed":0,"gold_gain":75,"player_choice":"Gather Gold","damage_taken":11,"max_hp_gain":0,"max_hp_loss":0,"event_name":"World of Goop","floor":14,"gold_loss":0},{"damage_healed":0,"gold_gain":0,"player_choice":"Ignored","damage_taken":0,"max_hp_gain":0,"max_hp_loss":0,"event_name":"NoteForYourself","floor":22,"gold_loss":0},{"damage_healed":0,"gold_gain":0,"player_choice":"Relic","damage_taken":0,"max_hp_gain":0,"max_hp_loss":0,"event_name":"Wheel of Change","floor":38,"gold_loss":0},{"damage_healed":0,"gold_gain":0,"player_choice":"Fight","damage_taken":0,"max_hp_gain":0,"max_hp_loss":0,"event_name":"MindBloom","floor":39,"gold_loss":0},{"damage_healed":0,"gold_gain":0,"player_choice":"Ignored","damage_taken":0,"max_hp_gain":0,"max_hp_loss":0,"event_name":"Mysterious Sphere","floor":41,"gold_loss":0},{"damage_healed":0,"gold_gain":0,"player_choice":"Memory 2","damage_taken":5,"max_hp_gain":0,"max_hp_loss":0,"event_name":"SensoryStone","floor":42,"gold_loss":0},{"cards_removed":["Koishi:BasicStrike"],"damage_healed":0,"gold_gain":0,"player_choice":"Removed Attack","damage_taken":0,"max_hp_gain":0,"max_hp_loss":0,"event_name":"Falling","floor":47,"gold_loss":0}],"is_beta":false,"boss_relics":[{"not_picked":["Koishi:ColorfulDays","Astrolabe"],"picked":"Sozu"},{"not_picked":["RedLine:ReiMu","Philosopher\u0027s Stone"],"picked":"SlaversCollar"}],"items_purged_floors":[],"is_endless":false,"potions_floor_spawned":[2,6,11,13,18,21,27,33,35,39,46],"ascension_level":0}}