{"host":"dn6kke80v5f7isus","time":1614256078,"event":{"mods":["AchievementEnabler","Act Like it!","Bard","BaseMod","Colored Powertips","Custom Start","Defuse TimeMaze Blight","Energized Spire","Gremlin Skip","Highlight Path","Hubris","Infinite Spire","Marisa????????","Marked Mod","Minty Spire (QoL Compilation)","Quick Restart","Rare Cards Sparkle","Reliquary","Replay The Spire","StSLib","The Administrix","The Servant 0.9.4","Uncapped","Unceasing Turn Reminder"],"gold_per_floor":[113,113,113,8736,8736,8736,8768,8781,8781,8078,8092,8092,8126,7247,7247,7368,7368,7362,7362,7277,7376,7400,7431,7431,7474,7501,7501],"floor_reached":26,"language":"ENG","playtime":968,"items_purged":["bard:Defend+1","bard:Strike+1"],"score":519,"play_id":"756ec36b-a53a-4ccf-90a3-59a7432e803a","local_time":"20210225072758","is_ascension_mode":true,"campfire_choices":[{"floor":6.0,"key":"RECALL"},{"data":"bard:MagnumOpus","floor":15.0,"key":"SMITH"},{"data":"bard:Wish","floor":24,"key":"SMITH"}],"circlet_count":0,"master_deck":["bard:MagnumOpus+1","bard:Strike+1","bard:Defend+1","bard:Defend+1","bard:Inspire+1","bard:Focused+1","bard:PhantasmalForce","bard:SixFourTime","bard:Balestra","bard:LifeDrain+1","bard:MagnumOpus+1","bard:GreaterMagicWeapon","bard:Sonata","bard:FeastOnFear+1"],"relics":["bard:PitchPipe","bard:BagPipes","Frozen Eye","Centennial Puzzle","hubris:Metronome","FossilizedHelix","Shuriken","PreservedInsect","Medical Kit","Golden Idol","Du-Vu Doll","ClockworkSouvenir","reliquary:Sod","Pondfish Scales","Philosopher\u0027s Stone","hubris:Icosahedron","reliquary:BallBearing","infinitespire:Satchel","hubris:CuriousFeather","Replay:Bandana"],"acts_visited":["TheCity"],"potions_floor_usage":[23],"damage_taken":[{"damage":7.0,"enemies":"2 Louse","floor":1.0,"turns":3.0},{"damage":0.0,"enemies":"Gremlin Nob","floor":7.0,"turns":3.0},{"damage":0.0,"enemies":"Jaw Worm","floor":8.0,"turns":1.0},{"damage":0.0,"enemies":"Small Slimes","floor":11.0,"turns":2.0},{"damage":1.0,"enemies":"3 Sentries","floor":13.0,"turns":5.0},{"damage":0.0,"enemies":"Slime Boss","floor":16.0,"turns":3.0},{"damage":15.0,"enemies":"2 Thieves","floor":18.0,"turns":4.0},{"damage":7.0,"enemies":"Shell Parasite","floor":22.0,"turns":2.0},{"damage":16,"enemies":"Nightmare","floor":23,"turns":7},{"damage":0,"enemies":"Gremlin Leader","floor":25,"turns":1}],"seed_played":"-2794370474842077652","potions_obtained":[{"floor":11.0,"key":"bard:InspiredBrew"},{"floor":13.0,"key":"ColorlessPotion"},{"floor":22.0,"key":"ColorlessPotion"},{"floor":23,"key":"ColorlessPotion"},{"floor":25,"key":"EssenceOfSteel"}],"is_trial":false,"path_per_floor":["M","?","?","$","?","R","E","M","T","$","M","?","E","$","R","B",null,"M","?","?","?","M","NM","R","E","T"],"character_chosen":"BARD","items_purchased":["Frozen Eye","Centennial Puzzle","Shuriken","PreservedInsect","Medical Kit","bard:SixFourTime","bard:Balestra","ClockworkSouvenir","reliquary:Sod","Pondfish Scales","bard:GreaterMagicWeapon"],"campfire_rested":0,"item_purchase_floors":[4,4,10,10,10,10,10,14,14,14,14],"current_hp_per_floor":[63,63,68,168,168,168,168,168,168,168,168,125,124,124,124,124,175,160,160,160,160,153,137,137,137,137,137],"gold":7501,"neow_bonus":"ONE_RANDOM_RARE_CARD","is_daily":false,"chose_seed":false,"campfire_upgraded":2,"win_rate":0.0,"timestamp":1614256078,"path_taken":["M","?","?","?","?","R","E","?","T","?","M","?","E","?","R","BOSS","M","?","?","?","M","NM","R","E","T"],"items_purchased_type":["Relic","Relic","Relic","Relic","Relic","Card","Card","Relic","Relic","Relic","Card"],"build_version":"2020-12-22","purchased_purges":2,"victory":false,"max_hp_per_floor":[70,70,75,175,175,175,175,175,175,175,175,175,175,175,175,175,175,175,175,175,175,175,175,175,175,175,175],"card_choices":[{"not_picked":["bard:SongBolt","bard:TinyHut","bard:Solo"],"picked":"SKIP","floor":1.0},{"not_picked":["bard:LingeringEcho","bard:InspiringSong"],"picked":"bard:PhantasmalForce","floor":7.0},{"not_picked":["bard:HideousLaughter","bard:LingeringEcho","bard:Silence"],"picked":"SKIP","floor":8.0},{"not_picked":["bard:FeastOnFear","bard:StudiedStrike"],"picked":"bard:Wish","floor":11.0},{"not_picked":["bard:SixFourTime","bard:Fermata"],"picked":"bard:MagnumOpus","floor":13.0},{"not_picked":["bard:Haste","bard:PowerWordStun"],"picked":"bard:Sonata","floor":16.0},{"not_picked":["bard:CuttingWords","bard:InspiringSong+1","bard:StudiedStrike"],"picked":"SKIP","floor":18.0},{"not_picked":["bard:Flourish+1","bard:FirstStrike"],"picked":"bard:FeastOnFear+1","floor":22.0},{"not_picked":["bard:Gamble","bard:LingeringEcho","bard:GuardPoint+1"],"picked":"SKIP","floor":23},{"not_picked":["bard:StudiedStrike","bard:PhantasmalForce","bard:Fermata"],"picked":"SKIP","floor":25}],"player_experience":513077,"relics_obtained":[{"floor":7.0,"key":"hubris:Metronome"},{"floor":9.0,"key":"FossilizedHelix"},{"floor":13.0,"key":"Du-Vu Doll"},{"floor":23,"key":"infinitespire:Satchel"},{"floor":25,"key":"hubris:CuriousFeather"},{"floor":26,"key":"Replay:Bandana"}],"event_choices":[{"damage_healed":0.0,"max_hp_gain":5.0,"max_hp_loss":0.0,"gold_gain":0.0,"event_name":"Big Fish","player_choice":"Donut","floor":3.0,"gold_loss":0.0,"damage_taken":0.0},{"damage_healed":0.0,"max_hp_gain":0.0,"max_hp_loss":0.0,"gold_gain":0.0,"event_name":"Golden Idol","player_choice":"Take Damage","floor":12.0,"gold_loss":0.0,"damage_taken":43.0,"relics_obtained":["Golden Idol"]},{"damage_healed":0.0,"max_hp_gain":0.0,"max_hp_loss":0.0,"gold_gain":0.0,"event_name":"Addict","player_choice":"Obtained Relic","floor":20.0,"gold_loss":85.0,"damage_taken":0.0,"relics_obtained":["reliquary:BallBearing"]},{"damage_healed":0.0,"max_hp_gain":0.0,"max_hp_loss":0.0,"gold_gain":99.0,"event_name":"Nest","player_choice":"Stole From Cult","floor":21.0,"gold_loss":0.0,"damage_taken":0.0}],"is_beta":false,"boss_relics":[{"not_picked":["hubris:RunicObelisk","Ectoplasm"],"picked":"Philosopher\u0027s Stone"}],"items_purged_floors":[4,14],"is_endless":false,"potions_floor_spawned":[11,13,22,23,25],"ascension_level":1}}