{"host":"dbkc9h3etq50r1dq","time":1614219918,"event":{"mods":["AchievementEnabler","BaseMod","Block Reminder","Colored Powertips","Curses Come First","Dark Map","Marisa£®ÏF”Í°°ƒß¿Ì…≥£©","Minty Spire (QoL Compilation)","Permanent Neow","Potion Indicator Mod","Random Character Button","Rare Cards Sparkle","StSLib","SuperFastMode","Weighted Paths"],"gold_per_floor":[115,115,126,51,71,105,105,131,181,209,209,227,327,341,341,438,438,448,459,490,169,181,181,211,211,262,300,300,300,326,348,348,455,514,532,555,555,267,267,267,289,289,289,511,511,364,364,375,375,375,375],"floor_reached":50,"language":"ZHS","playtime":2342,"items_purged":["Strike_MRS","Strike_MRS","Strike_MRS","Strike_MRS"],"score":722,"play_id":"59360c94-8358-472e-8e12-14b1a5bd694e","local_time":"20210225102518","is_ascension_mode":true,"campfire_choices":[{"data":"EarthLightRay","floor":7.0,"key":"SMITH"},{"data":"MasterSpark","floor":11.0,"key":"SMITH"},{"data":"UpSweep","floor":15.0,"key":"SMITH"},{"data":"SuperNova","floor":23.0,"key":"SMITH"},{"floor":25.0,"key":"REST"},{"floor":28.0,"key":"REST"},{"data":"StarDustReverie","floor":32.0,"key":"SMITH"},{"floor":40,"key":"REST"},{"data":"UltimateShortwave","floor":42,"key":"SMITH"},{"data":"Finesse","floor":45,"key":"SMITH"},{"data":"IllusionStar","floor":47,"key":"SMITH"},{"floor":49,"key":"REST"}],"circlet_count":0,"master_deck":["Defend_MRS","Defend_MRS","Defend_MRS+1","MasterSpark+1","UpSweep+1","IllusionStar+1","ShootingEcho","EarthLightRay+1","Orbital","ShootingEcho","SuperNova+1","PowerUp+1","OneTimeOff+1","StarDustReverie+1","PowerUp","UnstableBomb","MachineGunSpark+1","UltimateShortwave+1","WitchLeyline+1","SprinkleStarSeal+1","Finesse+1","MilkyWay+1","IllusionStar+1"],"relics":["MiniHakkero","Letter Opener","War Paint","Akabeko","The Courier","ExperimentalFamiliar","Red Mask","MagicBroom","Happy Flower","Regal Pillow","CeramicFish","Bottled Lightning","Tiny House","Anchor","Gambling Chip"],"acts_visited":["Exordium","TheCity","TheBeyond"],"potions_floor_usage":[],"damage_taken":[{"damage":2.0,"enemies":"Jaw Worm","floor":1.0,"turns":4.0},{"damage":0.0,"enemies":"Cultist","floor":3.0,"turns":3.0},{"damage":3.0,"enemies":"2 Louse","floor":5.0,"turns":2.0},{"damage":2.0,"enemies":"Gremlin Nob","floor":6.0,"turns":3.0},{"damage":5.0,"enemies":"Lagavulin","floor":8.0,"turns":7.0},{"damage":17.0,"enemies":"3 Sentries","floor":10.0,"turns":6.0},{"damage":0.0,"enemies":"Exordium Thugs","floor":12.0,"turns":4.0},{"damage":0.0,"enemies":"Exordium Wildlife","floor":14.0,"turns":3.0},{"damage":29.0,"enemies":"Hexaghost","floor":16.0,"turns":7.0},{"damage":15.0,"enemies":"Shell Parasite","floor":18.0,"turns":4.0},{"damage":0.0,"enemies":"Spheric Guardian","floor":19.0,"turns":1.0},{"damage":19.0,"enemies":"Masked Bandits","floor":20.0,"turns":3.0},{"damage":3.0,"enemies":"Chosen and Byrds","floor":22.0,"turns":3.0},{"damage":24.0,"enemies":"Slavers","floor":24.0,"turns":4.0},{"damage":25.0,"enemies":"Book of Stabbing","floor":27.0,"turns":4.0},{"damage":6.0,"enemies":"Sentry and Sphere","floor":30.0,"turns":3.0},{"damage":0.0,"enemies":"Centurion and Healer","floor":31.0,"turns":2.0},{"damage":29.0,"enemies":"Collector","floor":33.0,"turns":4.0},{"damage":20.0,"enemies":"3 Shapes","floor":35.0,"turns":3.0},{"damage":12.0,"enemies":"3 Darklings","floor":36.0,"turns":4.0},{"damage":8,"enemies":"4 Shapes","floor":41,"turns":4},{"damage":13,"enemies":"Spire Growth","floor":48,"turns":3},{"damage":82,"enemies":"Donu and Deca","floor":50,"turns":4}],"seed_played":"-338217322088273031","potions_obtained":[{"floor":0.0,"key":"Swift Potion"},{"floor":0.0,"key":"ColorlessPotion"},{"floor":0.0,"key":"DuplicationPotion"},{"floor":2.0,"key":"CultistPotion"},{"floor":6.0,"key":"Block Potion"},{"floor":10.0,"key":"Weak Potion"},{"floor":12.0,"key":"Weak Potion"},{"floor":19.0,"key":"Regen Potion"},{"floor":24.0,"key":"AttackPotion"},{"floor":27.0,"key":"FearPotion"},{"floor":30.0,"key":"ColorlessPotion"},{"floor":34.0,"key":"SmokeBomb"}],"is_trial":false,"path_per_floor":["M","?","M","$","M","E","R","E","T","E","R","M","?","M","R","B",null,"M","M","?","$","M","R","E","R","T","E","R","T","M","M","R","B",null,"M","M","?","$","?","R","M","R","T","?","R","$","R","M","R","B"],"character_chosen":"MARISA","items_purchased":["MagicBroom","Finesse","Anchor","IllusionStar"],"campfire_rested":4,"item_purchase_floors":[21,38,38,46],"current_hp_per_floor":[66,66,66,66,63,61,61,62,62,57,57,63,63,69,69,52,69,60,60,50,50,53,53,35,57,57,38,75,75,69,75,75,52,74,54,48,48,48,48,80,78,78,78,78,78,78,78,65,80,0,0],"gold":375,"neow_bonus":"THREE_SMALL_POTIONS","is_daily":false,"chose_seed":false,"campfire_upgraded":8,"win_rate":0.0,"timestamp":1614219918,"path_taken":["M","?","?","$","M","E","R","E","T","E","R","M","?","M","R","BOSS","M","M","?","$","M","R","E","R","T","E","R","?","M","M","R","BOSS","M","M","?","$","?","R","M","R","T","?","R","?","R","M","R","BOSS"],"items_purchased_type":["Relic","Card","Relic","Card"],"build_version":"2020-12-22","purchased_purges":4,"victory":false,"max_hp_per_floor":[75,75,75,75,75,75,75,75,75,75,75,75,75,75,75,75,75,75,75,75,75,75,75,75,75,75,75,75,75,75,75,75,75,80,80,80,80,80,80,80,80,80,80,80,80,80,80,80,80,80,80],"card_choices":[{"not_picked":["OneTimeOff","PulseMagic","6A"],"picked":"SKIP","floor":1.0},{"not_picked":["UnstableBomb","RefractionSpark"],"picked":"IllusionStar","floor":3.0},{"not_picked":["AbsoluteMagnitude","NonDirectionalLaser"],"picked":"ShootingEcho","floor":5.0},{"not_picked":["SporeBomb","MagicChant"],"picked":"EarthLightRay","floor":6.0},{"not_picked":["MilkyWay","SporeBomb"],"picked":"Orbital","floor":8.0},{"not_picked":["6A","GalacticHalo","UnstableBomb"],"picked":"SKIP","floor":10.0},{"not_picked":["DC","MagicChant"],"picked":"ShootingEcho","floor":12.0},{"not_picked":["6A","DoubleSpark","AlicesGift"],"picked":"SKIP","floor":14.0},{"not_picked":["BlazingStar","MillisecondPulsars"],"picked":"SuperNova","floor":16.0},{"not_picked":["NonDirectionalLaser","PowerUp+1","GalacticHalo"],"picked":"SKIP","floor":18.0},{"not_picked":["GravityBeat+1","RefractionSpark"],"picked":"PowerUp","floor":19.0},{"not_picked":["ManaConvection+1","Occultation"],"picked":"OneTimeOff+1","floor":20.0},{"not_picked":["6A+1","OrrerysSun","OortCloud"],"picked":"SKIP","floor":22.0},{"not_picked":["ChargeUpSpray","CasketOfStar"],"picked":"StarDustReverie","floor":24.0},{"not_picked":["Occultation","ShootingEcho"],"picked":"PowerUp","floor":27.0},{"not_picked":["AsteroidBelt","GalacticHalo"],"picked":"UnstableBomb","floor":30.0},{"not_picked":["GrandCross","Singularity"],"picked":"MachineGunSpark+1","floor":31.0},{"not_picked":["BlazingStar","MillisecondPulsars"],"picked":"UltimateShortwave","floor":33.0},{"not_picked":["6A","DarkSpark"],"picked":"WitchLeyline+1","floor":34.0},{"not_picked":["GalacticHalo","DC","DoubleSpark"],"picked":"SKIP","floor":35.0},{"not_picked":["BlazeAway","Robbery+1"],"picked":"SprinkleStarSeal+1","floor":36.0},{"not_picked":["OrrerysSun+1","SporeBomb"],"picked":"MilkyWay+1","floor":41},{"not_picked":["GravityBeat","DragonMeteor","Occultation"],"picked":"SKIP","floor":48}],"player_experience":203184,"relics_obtained":[{"floor":6.0,"key":"Letter Opener"},{"floor":8.0,"key":"War Paint"},{"floor":9.0,"key":"Akabeko"},{"floor":10.0,"key":"The Courier"},{"floor":20.0,"key":"Red Mask"},{"floor":24.0,"key":"Happy Flower"},{"floor":26.0,"key":"Regal Pillow"},{"floor":27.0,"key":"CeramicFish"},{"floor":29.0,"key":"Bottled Lightning"},{"floor":43,"key":"Gambling Chip"}],"event_choices":[{"damage_healed":0.0,"max_hp_gain":0.0,"max_hp_loss":0.0,"gold_gain":0.0,"event_name":"Lab","player_choice":"Got Potions","floor":2.0,"gold_loss":0.0,"damage_taken":0.0},{"damage_healed":0.0,"max_hp_gain":0.0,"max_hp_loss":0.0,"gold_gain":100.0,"event_name":"Golden Shrine","player_choice":"Pray","floor":13.0,"gold_loss":0.0,"damage_taken":0.0},{"damage_healed":0.0,"max_hp_gain":0.0,"max_hp_loss":0.0,"gold_gain":0.0,"event_name":"Masked Bandits","player_choice":"Fought Bandits","floor":20.0,"gold_loss":0.0,"damage_taken":0.0},{"cards_removed":["Defend_MRS"],"damage_healed":0.0,"max_hp_gain":0.0,"max_hp_loss":0.0,"gold_gain":0.0,"event_name":"Falling","player_choice":"Removed Skill","floor":37.0,"gold_loss":0.0,"damage_taken":0.0},{"damage_healed":0,"gold_gain":0,"player_choice":"Memory 1","damage_taken":0,"max_hp_gain":0,"max_hp_loss":0,"event_name":"SensoryStone","floor":39,"gold_loss":0},{"damage_healed":0,"gold_gain":222,"player_choice":"Wore Mask","damage_taken":0,"max_hp_gain":0,"max_hp_loss":0,"event_name":"Tomb of Lord Red Mask","floor":44,"gold_loss":0}],"is_beta":false,"boss_relics":[{"not_picked":["Ectoplasm","Philosopher\u0027s Stone"],"picked":"ExperimentalFamiliar"},{"not_picked":["SacredBark","Velvet Choker"],"picked":"Tiny House"}],"items_purged_floors":[4,21,38,46],"is_endless":false,"potions_floor_spawned":[6,10,12,14,19,24,27,30],"killed_by":"Donu and Deca","ascension_level":8}}