{"host":"nolo0osttpwefhwj","time":1614285406,"event":{"mods":["AchievementEnabler","BaseMod","Bestiary","Colored Powertips","Minty Spire (QoL Compilation)","Permanent Neow","Quick Restart","Relic Stats"],"gold_per_floor":[111,129,129,149,161,161,188,188,240,272,272,272,272,299,299,377,377,389,51,51,51,68,103,119,119,119,135,146,161,193,193,193,268,268,278,326,326,326,344,344,357,384,384,407,450,478,490,537,549,561,573,585,10,41,41,41],"floor_reached":55,"language":"ENG","playtime":5909,"items_purged":["Anger","Shame"],"score":1808,"play_id":"83af4799-cc75-413b-9c03-db5287f4ec6a","local_time":"20210225213646","is_ascension_mode":true,"campfire_choices":[{"data":"Fiend Fire","floor":6.0,"key":"SMITH"},{"data":"Metallicize","floor":8.0,"key":"SMITH"},{"data":"Whirlwind","floor":11.0,"key":"SMITH"},{"floor":15.0,"key":"REST"},{"floor":25.0,"key":"REST"},{"floor":32.0,"key":"REST"},{"floor":40.0,"key":"REST"},{"floor":49.0,"key":"RECALL"},{"floor":52.0,"key":"REST"}],"circlet_count":0,"master_deck":["AscendersBane","Defend_R","Defend_R","Defend_R","Defend_R","Bash+1","Fiend Fire+1","Power Through","Spot Weakness","Impervious","Metallicize+1","Whirlwind+1","Brutality","Warcry+1","Exhume+1","Anger+1","Thunderclap+1","Ghostly Armor+1","Rupture+1","Armaments+1","Battle Trance+1","Heavy Blade+1","Impervious+1","Shrug It Off+1","Evolve+1","Master of Strategy+1","Deep Breath+1","Madness+1","Madness+1","Entrench+1","Flame Barrier+1","Rupture","Entrench+1","Limit Break+1","Battle Trance+1","Bloodletting+1","Flash of Steel","Barricade"],"relics":["Burning Blood","Sundial","Regal Pillow","Happy Flower","Matryoshka","Astrolabe","Question Card","Toxic Egg 2","Orichalcum","Whetstone","Turnip","Bag of Marbles","Meat on the Bone","Fusion Hammer","Charon\u0027s Ashes","Champion Belt","MawBank","Torii","Spirit Poop","Boot","Mercury Hourglass","Strawberry"],"acts_visited":["Exordium","TheCity","TheBeyond","TheEnding"],"potions_floor_usage":[55,55],"damage_taken":[{"damage":2.0,"enemies":"Small Slimes","floor":1.0,"turns":5.0},{"damage":1.0,"enemies":"2 Louse","floor":2.0,"turns":2.0},{"damage":2.0,"enemies":"Jaw Worm","floor":4.0,"turns":3.0},{"damage":14.0,"enemies":"Large Slime","floor":5.0,"turns":7.0},{"damage":30.0,"enemies":"3 Sentries","floor":7.0,"turns":9.0},{"damage":14.0,"enemies":"Lagavulin","floor":10.0,"turns":8.0},{"damage":31.0,"enemies":"Gremlin Nob","floor":14.0,"turns":5.0},{"damage":42.0,"enemies":"The Guardian","floor":16.0,"turns":12.0},{"damage":8.0,"enemies":"Shell Parasite","floor":18.0,"turns":4.0},{"damage":33.0,"enemies":"2 Thieves","floor":22.0,"turns":3.0},{"damage":23.0,"enemies":"Slavers","floor":23.0,"turns":5.0},{"damage":9.0,"enemies":"3 Cultists","floor":24.0,"turns":4.0},{"damage":1.0,"enemies":"Centurion and Healer","floor":27.0,"turns":8.0},{"damage":15.0,"enemies":"Snecko","floor":28.0,"turns":6.0},{"damage":2.0,"enemies":"Snake Plant","floor":29.0,"turns":3.0},{"damage":36.0,"enemies":"Gremlin Leader","floor":30.0,"turns":5.0},{"damage":4.0,"enemies":"Automaton","floor":33.0,"turns":5.0},{"damage":13.0,"enemies":"Orb Walker","floor":35.0,"turns":3.0},{"damage":36.0,"enemies":"2 Orb Walkers","floor":36.0,"turns":5.0},{"damage":2.0,"enemies":"3 Darklings","floor":39.0,"turns":4.0},{"damage":13.0,"enemies":"Writhing Mass","floor":41.0,"turns":4.0},{"damage":0.0,"enemies":"Reptomancer","floor":42.0,"turns":6.0},{"damage":24.0,"enemies":"Transient","floor":44.0,"turns":6.0},{"damage":31.0,"enemies":"Nemesis","floor":45.0,"turns":7.0},{"damage":33.0,"enemies":"Spire Growth","floor":46.0,"turns":5.0},{"damage":12.0,"enemies":"Giant Head","floor":48.0,"turns":7.0},{"damage":8.0,"enemies":"Donu and Deca","floor":50.0,"turns":6.0},{"damage":19.0,"enemies":"Shield and Spear","floor":54.0,"turns":8.0},{"damage":68,"enemies":"The Heart","floor":55,"turns":6}],"seed_played":"2485077614163179548","potions_obtained":[{"floor":1.0,"key":"LiquidBronze"},{"floor":2.0,"key":"BloodPotion"},{"floor":10.0,"key":"Fire Potion"},{"floor":22.0,"key":"DistilledChaos"},{"floor":24.0,"key":"Energy Potion"},{"floor":30.0,"key":"SkillPotion"},{"floor":36.0,"key":"SneckoOil"},{"floor":42.0,"key":"Dexterity Potion"},{"floor":48.0,"key":"Dexterity Potion"}],"is_trial":false,"path_per_floor":["M","M","?","M","M","R","E","R","T","E","R","?","?","E","R","B",null,"M","$","?","?","M","E","M","R","T","M","M","M","E","?","R","B",null,"M","?","?","?","M","R","M","E","T","M","E","M","?","E","R","B",null,"R","$","E","B"],"character_chosen":"IRONCLAD","items_purchased":["Question Card","Strength Potion","Swift Potion","Flash of Steel","Mercury Hourglass"],"campfire_rested":5,"item_purchase_floors":[19,53,53,53,53],"current_hp_per_floor":[68,68,73,73,65,65,41,41,41,47,47,40,40,15,51,15,59,57,57,57,57,30,13,10,46,46,51,42,46,16,16,52,54,68,61,43,33,20,36,72,65,71,71,53,40,25,25,31,31,41,65,73,73,67,0,0],"gold":41,"neow_bonus":"THREE_RARE_CARDS","is_daily":false,"chose_seed":false,"campfire_upgraded":3,"win_rate":0.0,"timestamp":1614285406,"path_taken":["M","M","?","M","M","R","E","R","T","E","R","?","?","E","R","BOSS","M","$","?","?","M","E","M","R","T","M","M","M","E","?","R","BOSS","M","?","?","?","M","R","M","E","T","M","E","M","?","E","R","BOSS","R","$","E","BOSS"],"items_purchased_type":["Relic","Potion","Potion","Card","Relic"],"build_version":"2020-12-22","purchased_purges":2,"victory":false,"max_hp_per_floor":[68,68,73,73,73,73,73,73,73,73,73,73,73,73,73,73,73,73,73,73,73,73,73,73,73,73,73,73,73,73,73,73,73,73,73,73,73,73,73,73,73,73,73,73,73,73,73,73,73,73,73,73,73,80,80,80],"relic_stats":{"Regal Pillow":60,"Happy Flower":[42],"Torii":15,"counters":[29,161],"Astrolabe":["Warcry","Exhume","Anger"],"Charon\u0027s Ashes":[462],"Whetstone":["Bash","Thunderclap"],"Orichalcum":[132],"Question Card":21,"MawBank":120,"Boot":[5],"Burning Blood":155,"Mercury Hourglass":[39],"Sundial":[26],"Turnip":[24],"Champion Belt":[23],"obtain_stats":[{"Regal Pillow":9,"Happy Flower":10,"Torii":45,"Astrolabe":17,"Spirit Poop":47,"Charon\u0027s Ashes":36,"Whetstone":26,"Orichalcum":23,"Question Card":19,"MawBank":43,"Boot":48,"Burning Blood":0,"Mercury Hourglass":53,"Matryoshka":14,"Sundial":7,"Strawberry":54,"Turnip":26,"Fusion Hammer":34,"Bag of Marbles":30,"Champion Belt":42,"Toxic Egg 2":20,"Meat on the Bone":31},{"Regal Pillow":5,"Happy Flower":6,"Torii":24,"Astrolabe":8,"Spirit Poop":25,"Charon\u0027s Ashes":19,"Whetstone":12,"Orichalcum":11,"Question Card":9,"MawBank":22,"Boot":26,"Burning Blood":0,"Mercury Hourglass":27,"Matryoshka":7,"Sundial":5,"Strawberry":28,"Turnip":12,"Fusion Hammer":17,"Bag of Marbles":16,"Champion Belt":22,"Toxic Egg 2":9,"Meat on the Bone":16},{"Regal Pillow":26,"Happy Flower":34,"Torii":129,"Astrolabe":51,"Spirit Poop":134,"Charon\u0027s Ashes":102,"Whetstone":67,"Orichalcum":63,"Question Card":55,"MawBank":116,"Boot":141,"Burning Blood":0,"Mercury Hourglass":147,"Matryoshka":39,"Sundial":26,"Strawberry":155,"Turnip":67,"Fusion Hammer":94,"Bag of Marbles":89,"Champion Belt":116,"Toxic Egg 2":55,"Meat on the Bone":89}],"Meat on the Bone":72},"card_choices":[{"not_picked":["Offering","Bludgeon"],"picked":"Fiend Fire","floor":0.0},{"not_picked":["Reckless Charge","Dual Wield"],"picked":"Anger","floor":1.0},{"not_picked":["Thunderclap","Wild Strike"],"picked":"Power Through","floor":2.0},{"not_picked":["Burning Pact","Metallicize"],"picked":"Spot Weakness","floor":4.0},{"not_picked":["Body Slam","Warcry"],"picked":"Impervious","floor":5.0},{"not_picked":["Fire Breathing","Heavy Blade"],"picked":"Metallicize","floor":7.0},{"not_picked":["Carnage","Shrug It Off"],"picked":"Whirlwind","floor":10.0},{"not_picked":["Havoc","Sentinel","Carnage"],"picked":"SKIP","floor":14.0},{"not_picked":["Juggernaut","Bludgeon"],"picked":"Brutality","floor":16.0},{"not_picked":["Warcry","True Grit"],"picked":"Thunderclap","floor":18.0},{"not_picked":["Sword Boomerang","Iron Wave","Havoc+1"],"picked":"Ghostly Armor+1","floor":22.0},{"not_picked":["Headbutt","Hemokinesis","Armaments+1"],"picked":"Rupture+1","floor":23.0},{"not_picked":["Perfected Strike","Rage+1","Body Slam"],"picked":"Armaments+1","floor":24.0},{"not_picked":["Feel No Pain","Perfected Strike+1","Fiend Fire"],"picked":"Battle Trance+1","floor":27.0},{"not_picked":["Dark Embrace","Twin Strike","Wild Strike","Reckless Charge"],"picked":"SKIP","floor":28.0},{"not_picked":["Perfected Strike","Sever Soul","Spot Weakness+1"],"picked":"Heavy Blade+1","floor":29.0},{"not_picked":["Sword Boomerang","Spot Weakness+1","Clothesline","Cleave"],"picked":"SKIP","floor":30.0},{"not_picked":["Reaper","Brutality","Exhume+1"],"picked":"Impervious+1","floor":33.0},{"not_picked":["Second Wind+1","Infernal Blade+1","True Grit+1"],"picked":"Shrug It Off+1","floor":35.0},{"not_picked":["Seeing Red+1","Sword Boomerang","Dropkick"],"picked":"Evolve+1","floor":36.0},{"not_picked":["Impatience+1","Discovery+1","Dramatic Entrance"],"picked":"Master of Strategy+1","floor":37.0},{"not_picked":["Bandage Up+1","Sadistic Nature","Swift Strike"],"picked":"Deep Breath+1","floor":37.0},{"not_picked":["Cleave+1","Uppercut","Anger"],"picked":"Entrench+1","floor":39.0},{"not_picked":["Anger","Body Slam","Combust"],"picked":"Flame Barrier+1","floor":41.0},{"not_picked":["Hemokinesis","Thunderclap","Corruption"],"picked":"Rupture","floor":42.0},{"not_picked":["Havoc+1","Carnage","Body Slam"],"picked":"Entrench+1","floor":44.0},{"not_picked":["Heavy Blade","True Grit+1","Sever Soul"],"picked":"Limit Break+1","floor":45.0},{"not_picked":["Armaments+1","Rage+1","Clothesline"],"picked":"Battle Trance+1","floor":46.0},{"not_picked":["Clothesline+1","Metallicize","Heavy Blade"],"picked":"Bloodletting+1","floor":48.0},{"not_picked":["Battle Trance+1","Flame Barrier+1","Thunderclap"],"picked":"Barricade","floor":54.0}],"player_experience":319357,"relics_obtained":[{"floor":7.0,"key":"Sundial"},{"floor":9.0,"key":"Regal Pillow"},{"floor":10.0,"key":"Happy Flower"},{"floor":14.0,"key":"Matryoshka"},{"floor":23.0,"key":"Orichalcum"},{"floor":26.0,"key":"Whetstone"},{"floor":26.0,"key":"Turnip"},{"floor":30.0,"key":"Bag of Marbles"},{"floor":36.0,"key":"Charon\u0027s Ashes"},{"floor":42.0,"key":"Champion Belt"},{"floor":43.0,"key":"MawBank"},{"floor":45.0,"key":"Torii"},{"floor":48.0,"key":"Boot"},{"floor":54.0,"key":"Strawberry"}],"event_choices":[{"damage_healed":0.0,"max_hp_gain":5.0,"max_hp_loss":0.0,"gold_gain":0.0,"event_name":"Big Fish","player_choice":"Donut","floor":3.0,"gold_loss":0.0,"damage_taken":0.0},{"cards_removed":["Strike_R"],"damage_healed":0.0,"max_hp_gain":0.0,"max_hp_loss":0.0,"gold_gain":0.0,"event_name":"Golden Wing","player_choice":"Card Removal","floor":12.0,"gold_loss":0.0,"damage_taken":7.0},{"cards_removed":["Strike_R"],"damage_healed":0.0,"max_hp_gain":0.0,"max_hp_loss":0.0,"gold_gain":0.0,"event_name":"Living Wall","player_choice":"Forget","floor":13.0,"gold_loss":0.0,"damage_taken":0.0},{"damage_healed":0.0,"max_hp_gain":0.0,"max_hp_loss":0.0,"gold_gain":0.0,"event_name":"Addict","player_choice":"Stole Relic","floor":20.0,"gold_loss":0.0,"damage_taken":0.0,"relics_obtained":["Toxic Egg 2"],"cards_obtained":["Shame"]},{"damage_healed":0.0,"max_hp_gain":0.0,"max_hp_loss":0.0,"gold_gain":0.0,"event_name":"Vampires","player_choice":"Ignored","floor":21.0,"gold_loss":0.0,"damage_taken":0.0},{"damage_healed":0.0,"max_hp_gain":0.0,"max_hp_loss":0.0,"gold_gain":0.0,"event_name":"The Mausoleum","player_choice":"Opened","floor":31.0,"gold_loss":0.0,"damage_taken":0.0,"relics_obtained":["Meat on the Bone"],"cards_obtained":["Writhe"]},{"damage_healed":0.0,"max_hp_gain":0.0,"max_hp_loss":0.0,"gold_gain":0.0,"event_name":"Mysterious Sphere","player_choice":"Fight","floor":36.0,"gold_loss":0.0,"damage_taken":0.0},{"damage_healed":0.0,"max_hp_gain":0.0,"max_hp_loss":0.0,"gold_gain":0.0,"event_name":"SensoryStone","player_choice":"Memory 3","floor":37.0,"gold_loss":0.0,"damage_taken":10.0},{"damage_healed":0.0,"max_hp_gain":0.0,"max_hp_loss":0.0,"gold_gain":0.0,"event_name":"Winding Halls","player_choice":"Embrace Madness","floor":38.0,"gold_loss":0.0,"damage_taken":13.0,"cards_obtained":["Madness","Madness"]},{"cards_removed":["Writhe"],"damage_healed":0.0,"max_hp_gain":0.0,"max_hp_loss":0.0,"gold_gain":0.0,"event_name":"Bonfire Elementals","player_choice":"Offered Curse","floor":47.0,"gold_loss":0.0,"damage_taken":0.0,"relics_obtained":["Spirit Poop"]}],"is_beta":false,"boss_relics":[{"not_picked":["Tiny House","Sozu"],"picked":"Astrolabe"},{"not_picked":["Runic Dome","Velvet Choker"],"picked":"Fusion Hammer"}],"items_purged_floors":[19,53],"is_endless":false,"potions_floor_spawned":[1,2,10,22,24,28,30,36,42,48,54],"killed_by":"The Heart","ascension_level":19}}