{"host":"g2yp6paluzgljz05","time":1614239744,"event":{"mods":["BaseMod","Bestiary","Colored Powertips","DeckTracker","Highlight Path","Minty Spire (QoL Compilation)","Quick Restart"],"gold_per_floor":[119,119,48,65,76,76,151,184,230,230,32,32,43,69,69,148,148,138,138,138],"floor_reached":19,"language":"ENG","playtime":608,"items_purged":["Strike_R"],"score":330,"play_id":"d18eba99-e876-4ec3-8264-79b1753ef65f","local_time":"20210225185544","is_ascension_mode":true,"campfire_choices":[{"data":"Fiend Fire","floor":6,"key":"SMITH"},{"floor":10,"key":"REST"},{"data":"Searing Blow","floor":15,"key":"SMITH"}],"circlet_count":0,"master_deck":["AscendersBane","Strike_R","Defend_R","Defend_R","Defend_R","Defend_R","Bash","Secret Weapon","Fiend Fire+1","Fire Breathing","Warcry","Searing Blow+1","Inflame","Offering"],"relics":["Burning Blood","Smiling Mask","Oddly Smooth Stone","Sling","Question Card","Ancient Tea Set","Empty Cage"],"acts_visited":["Exordium","TheCity"],"potions_floor_usage":[8,14],"damage_taken":[{"damage":19,"enemies":"Jaw Worm","floor":1,"turns":3},{"damage":5,"enemies":"Cultist","floor":4,"turns":4},{"damage":2,"enemies":"2 Louse","floor":5,"turns":2},{"damage":16,"enemies":"Gremlin Nob","floor":8,"turns":3},{"damage":9,"enemies":"Blue Slaver","floor":13,"turns":3},{"damage":0,"enemies":"Lagavulin","floor":14,"turns":2},{"damage":26,"enemies":"Slime Boss","floor":16,"turns":8},{"damage":39,"enemies":"2 Thieves","floor":18,"turns":4},{"damage":18,"enemies":"3 Byrds","floor":19,"turns":2}],"seed_played":"1519719790891561740","potions_obtained":[{"floor":1,"key":"ElixirPotion"},{"floor":5,"key":"Swift Potion"},{"floor":8,"key":"SneckoOil"},{"floor":16,"key":"Dexterity Potion"}],"is_trial":false,"path_per_floor":["M","?","$","M","M","R","?","E","T","R","$","T","M","E","R","B",null,"M","M"],"character_chosen":"IRONCLAD","items_purchased":["Fiend Fire","Sling"],"campfire_rested":1,"item_purchase_floors":[3,11],"current_hp_per_floor":[38,38,38,39,43,43,32,22,22,46,46,46,43,49,49,29,67,34,16,16],"gold":138,"neow_bonus":"RANDOM_COLORLESS_2","is_daily":false,"chose_seed":false,"campfire_upgraded":2,"win_rate":0.0,"timestamp":1614239744,"path_taken":["M","?","?","M","M","R","?","E","T","R","$","?","?","E","R","BOSS","M","M"],"items_purchased_type":["Card","Relic"],"build_version":"2020-12-22","purchased_purges":1,"victory":false,"max_hp_per_floor":[80,80,80,80,80,80,80,80,80,80,80,80,80,80,80,80,80,80,80,80],"card_choices":[{"not_picked":["Secret Technique","Panache"],"picked":"Secret Weapon","floor":0},{"not_picked":["Flex","Cleave","Havoc"],"picked":"SKIP","floor":1},{"not_picked":["Rupture","Cleave","Pummel"],"picked":"SKIP","floor":4},{"not_picked":["Havoc","Body Slam"],"picked":"Fire Breathing","floor":5},{"not_picked":["Dropkick","Reckless Charge"],"picked":"Warcry","floor":8},{"not_picked":["Flex","Sentinel","Limit Break"],"picked":"Searing Blow","floor":13},{"not_picked":["Shockwave","Impervious","Second Wind"],"picked":"Inflame","floor":14},{"not_picked":["Juggernaut","Barricade","Limit Break"],"picked":"Offering","floor":16},{"not_picked":["Disarm","Havoc","Flex","Intimidate"],"picked":"SKIP","floor":18}],"player_experience":411444,"relics_obtained":[{"floor":8,"key":"Smiling Mask"},{"floor":9,"key":"Oddly Smooth Stone"},{"floor":12,"key":"Question Card"},{"floor":14,"key":"Ancient Tea Set"}],"event_choices":[{"cards_removed":["Strike_R"],"damage_healed":0,"gold_gain":0,"player_choice":"Offered Basic","damage_taken":0,"max_hp_gain":0,"max_hp_loss":0,"event_name":"Bonfire Elementals","floor":2,"gold_loss":0},{"damage_healed":0,"gold_gain":75,"player_choice":"Gather Gold","damage_taken":11,"max_hp_gain":0,"max_hp_loss":0,"event_name":"World of Goop","floor":7,"gold_loss":0}],"is_beta":false,"boss_relics":[{"not_picked":["Snecko Eye","Coffee Dripper"],"picked":"Empty Cage"}],"items_purged_floors":[11],"is_endless":false,"potions_floor_spawned":[1,5,8,16],"killed_by":"3 Byrds","ascension_level":13}}