{"host":"m6aaltr68g9tvoay","time":1614232770,"event":{"mods":["AchievementEnabler","BaseMod","Colored Map","Downfall","Minty Spire (QoL Compilation)","Slay the Relics Exporter","StSLib"],"gold_per_floor":[99,119,119,135,151,161,161,161,61,87,87,101,101,117,133,228,228,228,328,71,71,91,91,91,107,107,107,123,138,138,150,168,168,168,168],"floor_reached":33,"language":"ENG","playtime":2801,"items_purged":[],"score":402,"play_id":"058533e2-eb12-42a4-810f-121656b367fd","local_time":"20210224215930","is_ascension_mode":true,"campfire_choices":[{"floor":1,"key":"RECALL"},{"floor":9,"key":"REST"},{"floor":13,"key":"REST"},{"data":"Slimebound:OneTwoCombo","floor":18,"key":"SMITH"},{"floor":27,"key":"REST"},{"floor":30,"key":"REST"}],"circlet_count":0,"master_deck":["AscendersBane","Slimebound:Strike_Slimebound","Slimebound:Strike_Slimebound","Slimebound:Strike_Slimebound","Slimebound:Tackle","Slimebound:Defend_Slimebound","Slimebound:Defend_Slimebound","Slimebound:Defend_Slimebound","Slimebound:Defend_Slimebound","Slimebound:Split+1","Slimebound:CorrosiveSpit","Slimebound:Replication","Slimebound:SplitAcid","Slimebound:PressTheAttack","Slimebound:Equalize","Slimebound:MegaLick","Slimebound:Schlurp","Slimebound:Schlurp","Slimebound:TongueLash","Slimebound:RejuvenatingLick","Slimebound:OneTwoCombo+1","Slimebound:SplitMire","Slimebound:LivingWall","Slimebound:ItLooksTasty+1","Slimebound:SplitAcid","Slimebound:SamplingLick","Slimebound:FormOfPuddle"],"relics":["Slimebound:AbsorbEndCombatUpgraded","Sundial","downfall:HeartBlessingRed","Bottled Flame","Kunai","Mango","downfall:RedIOU"],"acts_visited":["Exordium","TheCity"],"potions_floor_usage":[5,10,15,15,15,16,28,32],"damage_taken":[{"damage":21,"enemies":"Jaw Worm","floor":2,"turns":4},{"damage":8,"enemies":"Cultist","floor":4,"turns":4},{"damage":3,"enemies":"Small Slimes","floor":5,"turns":4},{"damage":6,"enemies":"Blue Slaver","floor":6,"turns":4},{"damage":34,"enemies":"Lagavulin","floor":10,"turns":6},{"damage":17,"enemies":"Lots of Slimes","floor":12,"turns":3},{"damage":0,"enemies":"Large Slime","floor":14,"turns":4},{"damage":8,"enemies":"Exordium Thugs","floor":15,"turns":4},{"damage":59,"enemies":"DF_ARCHETYPE_STREAMLINE","floor":16,"turns":10},{"damage":5,"enemies":"downfall:FleeingMerchant","floor":20,"turns":4},{"damage":30,"enemies":"Shell Parasite","floor":22,"turns":5},{"damage":21,"enemies":"downfall:LooterAlt2","floor":25,"turns":4},{"damage":20,"enemies":"Snake Plant","floor":28,"turns":4},{"damage":17,"enemies":"Centurion and Healer","floor":29,"turns":7},{"damage":20,"enemies":"Cultist and Chosen","floor":31,"turns":5},{"damage":31,"enemies":"Snake Plant","floor":32,"turns":4},{"damage":64,"enemies":"SI_MIRROR_ARCHETYPE","floor":33,"turns":7}],"seed_played":"3720252444743272945","potions_obtained":[{"floor":2,"key":"SkillPotion"},{"floor":3,"key":"SkillPotion"},{"floor":6,"key":"champ:CounterPotion"},{"floor":12,"key":"EntropicBrew"},{"floor":16,"key":"GamblersBrew"},{"floor":25,"key":"Dexterity Potion"},{"floor":29,"key":"Block Potion"},{"floor":32,"key":"sneckomod:MuddlingPotion"}],"is_trial":false,"path_per_floor":["R","M","?","M","M","M","T","?","R","E","?","M","R","M","M","B",null,"R","?","$","?","M","?","T","M","?","R","M","M","R","M","M","B"],"character_chosen":"SLIMEBOUND","items_purchased":["Kunai"],"campfire_rested":4,"item_purchase_floors":[20],"current_hp_per_floor":[59,38,38,34,33,27,27,27,46,24,24,7,26,50,54,11,52,52,52,56,56,49,49,63,57,57,79,62,68,79,61,47,0,0,0],"gold":168,"neow_bonus":"RANDOM_COMMON_RELIC","is_daily":false,"chose_seed":false,"campfire_upgraded":1,"win_rate":0.0,"timestamp":1614232770,"path_taken":["R","M","?","?","M","M","T","?","R","E","?","M","R","?","M","BOSS","R","?","?","?","M","?","T","M","?","R","M","M","R","M","M","BOSS"],"items_purchased_type":["Relic"],"build_version":"2020-12-22","purchased_purges":0,"victory":false,"max_hp_per_floor":[65,65,65,65,65,65,65,65,65,65,65,65,65,65,65,65,65,65,65,65,65,65,65,79,79,79,79,79,79,79,79,79,79,79,79],"card_choices":[{"not_picked":["Slimebound:SlimeBrawl","Slimebound:FormOfPuddle"],"picked":"Slimebound:Replication","floor":2},{"not_picked":["Slimebound:Prepare","Slimebound:PressTheAttack"],"picked":"Slimebound:SplitAcid","floor":4},{"not_picked":["Slimebound:SlimeBrawl","Slimebound:ComboTackle"],"picked":"Slimebound:PressTheAttack","floor":5},{"not_picked":["Slimebound:SplitSpecialist","Slimebound:RainOfGoop"],"picked":"Slimebound:Equalize","floor":6},{"not_picked":["Slimebound:SplitBruiser","Slimebound:SlimeTap"],"picked":"Slimebound:MegaLick","floor":10},{"not_picked":["Slimebound:ServeAndProtect","Slimebound:Prepare"],"picked":"Slimebound:Schlurp","floor":12},{"not_picked":["Slimebound:Equalize","Slimebound:SlimeSpikes"],"picked":"Slimebound:TongueLash","floor":14},{"not_picked":["Slimebound:SlimeSlap","Slimebound:Prepare"],"picked":"Slimebound:RejuvenatingLick","floor":15},{"not_picked":["Slimebound:CheckThePlaybook","Slimebound:SlimeSlap"],"picked":"Slimebound:OneTwoCombo","floor":16},{"not_picked":["Slimebound:LivingWall+1","Slimebound:BestDefense"],"picked":"Slimebound:SplitMire","floor":20},{"not_picked":["Slimebound:ItLooksTasty+1","Slimebound:Prepare"],"picked":"Slimebound:LivingWall","floor":22},{"not_picked":["Slimebound:FinishingTackle","Slimebound:HauntingLick"],"picked":"Slimebound:ItLooksTasty+1","floor":25},{"not_picked":["Slimebound:DouseInSlime","Slimebound:RollThrough"],"picked":"Slimebound:SplitAcid","floor":28},{"not_picked":["Slimebound:Schlurp","Slimebound:RollThrough","Slimebound:Chomp"],"picked":"SKIP","floor":29},{"not_picked":["Slimebound:HauntingLick","Slimebound:LeadByExample"],"picked":"Slimebound:SamplingLick","floor":31},{"not_picked":["Slimebound:ServeAndProtect","Slimebound:ForwardTackle"],"picked":"Slimebound:FormOfPuddle","floor":32}],"player_experience":1927365,"relics_obtained":[{"floor":7,"key":"Sundial"},{"floor":10,"key":"Bottled Flame"},{"floor":24,"key":"Mango"}],"event_choices":[{"damage_healed":0,"gold_gain":0,"player_choice":"Got Potions","damage_taken":0,"max_hp_gain":0,"max_hp_loss":0,"event_name":"Lab","floor":3,"gold_loss":0},{"damage_healed":0,"gold_gain":0,"player_choice":"Grow","damage_taken":0,"max_hp_gain":0,"max_hp_loss":0,"event_name":"Living Wall","floor":8,"gold_loss":0,"cards_upgraded":["Slimebound:Split"]},{"damage_healed":0,"gold_gain":0,"player_choice":"Ignored","damage_taken":0,"max_hp_gain":0,"max_hp_loss":0,"event_name":"Ghosts","floor":21,"gold_loss":0}],"is_beta":false,"boss_relics":[{"not_picked":["Black Star","Coffee Dripper"],"picked":"Slimebound:AbsorbEndCombatUpgraded"}],"items_purged_floors":[],"is_endless":false,"potions_floor_spawned":[2,6,12,16,25,29,32],"killed_by":"SI_MIRROR_ARCHETYPE","ascension_level":12}}