{"host":"soyfmymeou4emntr","time":1614226838,"event":{"mods":["BaseMod","Custom Start","Minty Spire (QoL Compilation)","Permanent Neow","Relic Sorter","Relic Stats","Robot Space Explorer","StSLib"],"gold_per_floor":[362,375,375,1,18,18,52,52,76,88,100,139,116,148,160,246,258,284,316,343,4,24,24,24,24,24,59,76,102,102,19,19,98,98,113,113,15,27,27,27,55,55,78,96,124,38,69,79,79,79,79,79,79,26,53,53],"floor_reached":57,"language":"ENG","playtime":6613,"items_purged":["Strike_G"],"score":2722,"play_id":"2be29a6a-a958-4c34-9c62-aa52c766f7a1","local_time":"20210224212038","is_ascension_mode":true,"campfire_choices":[{"data":"Noxious Fumes","floor":6.0,"key":"SMITH"},{"data":"Bouncing Flask","floor":8.0,"key":"SMITH"},{"data":"Footwork","floor":15.0,"key":"SMITH"},{"data":"Wraith Form v2","floor":23.0,"key":"SMITH"},{"data":"Ghostly","floor":30.0,"key":"SMITH"},{"data":"Ghostly","floor":32.0,"key":"SMITH"},{"data":"Choke","floor":40.0,"key":"SMITH"},{"floor":42.0,"key":"RECALL"},{"data":"Ghostly","floor":49.0,"key":"SMITH"},{"data":"Footwork","floor":53.0,"key":"SMITH"}],"circlet_count":0,"master_deck":["AscendersBane","Strike_G","Strike_G","Strike_G","Strike_G","Defend_G","Defend_G","Defend_G","Defend_G","Survivor","Neutralize","Noxious Fumes+1","Footwork+1","Bouncing Flask+1","Bane","Terror","Flying Knee","Dagger Throw","Wraith Form v2+1","Deflect","Flechettes","Cloak And Dagger","Bullet Time","Ghostly+1","Ghostly+1","Ghostly+1","Cloak And Dagger","Choke+1","Eviscerate","Burst+1","Malaise+1","Acrobatics+1","Blade Dance+1","Endless Agony","PiercingWail+1","Venomology+1","Cloak And Dagger+1","Night Terror+1","Footwork+1","Deflect+1"],"relics":["Ring of the Snake","Toy Ornithopter","HornCleat","Dream Catcher","MawBank","Unceasing Top","Runic Pyramid","OrangePellets","Shuriken","Juzu Bracelet","Toxic Egg 2","Coffee Dripper","Du-Vu Doll","InkBottle","Lantern","Tingsha"],"acts_visited":["Exordium","TheCity","TheBeyond","TheEnding"],"potions_floor_usage":[56,56],"damage_taken":[{"damage":0.0,"enemies":"2 Louse","floor":1.0,"turns":3.0},{"damage":2.0,"enemies":"Small Slimes","floor":2.0,"turns":5.0},{"damage":0.0,"enemies":"Jaw Worm","floor":5.0,"turns":4.0},{"damage":14.0,"enemies":"Lagavulin","floor":7.0,"turns":7.0},{"damage":0.0,"enemies":"Gremlin Nob","floor":11.0,"turns":3.0},{"damage":28.0,"enemies":"Gremlin Nob","floor":12.0,"turns":4.0},{"damage":0.0,"enemies":"Red Slaver","floor":14.0,"turns":4.0},{"damage":2.0,"enemies":"Hexaghost","floor":16.0,"turns":8.0},{"damage":4.0,"enemies":"3 Byrds","floor":18.0,"turns":5.0},{"damage":0.0,"enemies":"Chosen","floor":19.0,"turns":5.0},{"damage":23.0,"enemies":"Shelled Parasite and Fungi","floor":20.0,"turns":5.0},{"damage":4.0,"enemies":"Snake Plant","floor":22.0,"turns":5.0},{"damage":6.0,"enemies":"Slavers","floor":27.0,"turns":8.0},{"damage":0.0,"enemies":"Cultist and Chosen","floor":28.0,"turns":8.0},{"damage":4.0,"enemies":"Gremlin Leader","floor":29.0,"turns":7.0},{"damage":2.0,"enemies":"Champ","floor":33.0,"turns":13.0},{"damage":0.0,"enemies":"Orb Walker","floor":35.0,"turns":4.0},{"damage":1.0,"enemies":"3 Shapes","floor":38.0,"turns":5.0},{"damage":4.0,"enemies":"Reptomancer","floor":41.0,"turns":7.0},{"damage":0.0,"enemies":"Sphere and 2 Shapes","floor":44.0,"turns":6.0},{"damage":2.0,"enemies":"Giant Head","floor":45.0,"turns":7.0},{"damage":2.0,"enemies":"Reptomancer","floor":47.0,"turns":5.0},{"damage":1.0,"enemies":"Jaw Worm Horde","floor":48.0,"turns":3.0},{"damage":2.0,"enemies":"Donu and Deca","floor":50.0,"turns":14.0},{"damage":14.0,"enemies":"Time Eater","floor":51.0,"turns":16.0},{"damage":4.0,"enemies":"Shield and Spear","floor":55.0,"turns":9.0},{"damage":29,"enemies":"The Heart","floor":56,"turns":15}],"seed_played":"1554988598342763394","potions_obtained":[{"floor":1.0,"key":"SmokeBomb"},{"floor":2.0,"key":"Strength Potion"},{"floor":14.0,"key":"PowerPotion"},{"floor":16.0,"key":"Block Potion"},{"floor":20.0,"key":"SpeedPotion"},{"floor":22.0,"key":"Swift Potion"},{"floor":41.0,"key":"Fire Potion"},{"floor":48.0,"key":"Block Potion"}],"is_trial":false,"path_per_floor":["M","M","?","$","M","R","E","R","T","?","?","E","?","M","R","B",null,"M","M","M","$","M","R","?","?","T","E","M","E","R","$","R","B",null,"M","?","$","M","?","R","E","R","T","M","E","$","E","M","R","B","B",null,"R","$","E","B",null],"character_chosen":"THE_SILENT","items_purchased":["HornCleat","Bouncing Flask","OrangePellets","Block Potion","Cloak And Dagger","Burst+1","Blade Dance+1","Endless Agony","Night Terror+1","Weak Potion"],"campfire_rested":0,"item_purchase_floors":[4,4,21,21,21,31,37,37,46,54],"current_hp_per_floor":[59,57,46,46,46,46,37,37,37,37,42,14,29,29,29,32,53,54,54,31,31,32,32,32,30,30,24,24,20,20,20,20,18,27,27,27,27,26,26,26,26,26,26,30,29,29,30,29,29,27,27,29,29,29,29,10],"gold":53,"neow_bonus":"TWO_FIFTY_GOLD","is_daily":false,"chose_seed":false,"campfire_upgraded":9,"win_rate":0.0,"timestamp":1614226838,"path_taken":["M","M","?","$","M","R","E","R","T","?","?","E","?","M","R","BOSS","M","M","M","$","M","R","?","?","T","E","M","E","R","?","R","BOSS","M","?","$","M","?","R","E","R","T","M","E","$","E","M","R","BOSS","BOSS","R","$","E","BOSS"],"items_purchased_type":["Relic","Card","Relic","Potion","Card","Card","Card","Card","Card","Potion"],"build_version":"2020-12-22","purchased_purges":1,"victory":true,"max_hp_per_floor":[60,60,60,60,60,60,60,60,60,60,60,60,60,60,60,60,60,60,60,60,60,60,60,60,30,30,30,30,30,30,30,30,30,30,30,30,30,30,30,30,30,30,30,30,30,30,30,30,30,30,30,30,30,30,30,30],"relic_stats":{"OrangePellets":[39],"Dream Catcher":0,"counters":[27,185],"Shuriken":[56],"Tingsha":[12],"Juzu Bracelet":0,"MawBank":144,"obtain_stats":[{"Lantern":47,"Tingsha":55,"Juzu Bracelet":27,"MawBank":9,"Du-Vu Doll":41,"OrangePellets":21,"Dream Catcher":7,"HornCleat":4,"Shuriken":26,"Coffee Dripper":34,"Toxic Egg 2":29,"Toy Ornithopter":3,"Unceasing Top":12,"InkBottle":45,"Ring of the Snake":0,"Runic Pyramid":17},{"Lantern":22,"Tingsha":26,"Juzu Bracelet":13,"MawBank":4,"Du-Vu Doll":19,"OrangePellets":11,"Dream Catcher":4,"HornCleat":2,"Shuriken":12,"Coffee Dripper":16,"Toxic Egg 2":15,"Toy Ornithopter":2,"Unceasing Top":6,"InkBottle":21,"Ring of the Snake":0,"Runic Pyramid":8},{"Lantern":128,"Tingsha":170,"Juzu Bracelet":66,"MawBank":19,"Du-Vu Doll":110,"OrangePellets":53,"Dream Catcher":19,"HornCleat":8,"Shuriken":58,"Coffee Dripper":94,"Toxic Egg 2":81,"Toy Ornithopter":8,"Unceasing Top":26,"InkBottle":123,"Ring of the Snake":0,"Runic Pyramid":38}],"Toy Ornithopter":56,"Unceasing Top":[1],"InkBottle":[29],"Ring of the Snake":[54]},"card_choices":[{"not_picked":["Endless Agony","Acrobatics"],"picked":"Noxious Fumes","floor":1.0},{"not_picked":["Underhanded Strike","Finisher"],"picked":"Footwork","floor":2.0},{"not_picked":["Cloak And Dagger","Backflip"],"picked":"Bane","floor":5.0},{"not_picked":["Calculated Gamble","Deflect"],"picked":"Terror","floor":7.0},{"not_picked":["Slice","Infinite Blades"],"picked":"Flying Knee","floor":12.0},{"not_picked":["Escape Plan","Predator"],"picked":"Dagger Throw","floor":14.0},{"not_picked":["Envenom","Storm of Steel"],"picked":"Wraith Form v2","floor":16.0},{"not_picked":["Flying Knee","Expertise"],"picked":"Deflect","floor":18.0},{"not_picked":["Blur","Sucker Punch"],"picked":"Flechettes","floor":19.0},{"not_picked":["Acrobatics","Expertise","Heel Hook"],"picked":"SKIP","floor":20.0},{"not_picked":["Flying Knee","Heel Hook","Prepared"],"picked":"SKIP","floor":22.0},{"not_picked":["Dagger Spray","Poisoned Stab"],"picked":"Cloak And Dagger","floor":27.0},{"not_picked":["Outmaneuver","Dash"],"picked":"Choke","floor":28.0},{"not_picked":["Underhanded Strike","Dagger Throw"],"picked":"Eviscerate","floor":29.0},{"not_picked":["Adrenaline+1","A Thousand Cuts"],"picked":"Malaise+1","floor":33.0},{"not_picked":["Backflip+1","Flying Knee"],"picked":"Acrobatics+1","floor":35.0},{"not_picked":["Flying Knee+1","Heel Hook"],"picked":"PiercingWail+1","floor":38.0},{"not_picked":["Bane","Dodge and Roll+1"],"picked":"Venomology+1","floor":41.0},{"not_picked":["Crippling Poison+1","Bane"],"picked":"Cloak And Dagger+1","floor":44.0},{"not_picked":["Sucker Punch+1","Dagger Spray+1","Dagger Throw"],"picked":"SKIP","floor":45.0},{"not_picked":["Prepared+1","Die Die Die"],"picked":"Footwork","floor":47.0},{"not_picked":["Outmaneuver+1","Slice"],"picked":"Deflect+1","floor":48.0},{"not_picked":["Reflex+1","Escape Plan+1","Backflip+1"],"picked":"SKIP","floor":55.0}],"player_experience":3526851,"relics_obtained":[{"floor":7.0,"key":"Dream Catcher"},{"floor":9.0,"key":"MawBank"},{"floor":12.0,"key":"Unceasing Top"},{"floor":26.0,"key":"Shuriken"},{"floor":27.0,"key":"Juzu Bracelet"},{"floor":29.0,"key":"Toxic Egg 2"},{"floor":41.0,"key":"Du-Vu Doll"},{"floor":45.0,"key":"InkBottle"},{"floor":47.0,"key":"Lantern"},{"floor":55.0,"key":"Tingsha"}],"event_choices":[{"damage_healed":0.0,"max_hp_gain":0.0,"max_hp_loss":0.0,"gold_gain":0.0,"event_name":"Scrap Ooze","player_choice":"Success","floor":3.0,"gold_loss":0.0,"damage_taken":11.0,"relics_obtained":["Toy Ornithopter"]},{"damage_healed":0.0,"max_hp_gain":0.0,"max_hp_loss":0.0,"gold_gain":0.0,"event_name":"Liars Game","player_choice":"Ignored","floor":10.0,"gold_loss":0.0,"damage_taken":0.0},{"damage_healed":0.0,"max_hp_gain":0.0,"max_hp_loss":0.0,"gold_gain":0.0,"event_name":"Dead Adventurer","player_choice":"Searched \u00271\u0027 times","floor":11.0,"gold_loss":0.0,"damage_taken":0.0},{"damage_healed":15.0,"max_hp_gain":0.0,"max_hp_loss":0.0,"gold_gain":0.0,"event_name":"The Cleric","player_choice":"Healed","floor":13.0,"gold_loss":35.0,"damage_taken":0.0},{"damage_healed":0.0,"max_hp_gain":0.0,"max_hp_loss":0.0,"gold_gain":0.0,"event_name":"The Library","player_choice":"Read","floor":24.0,"gold_loss":0.0,"damage_taken":0.0,"cards_obtained":["Bullet Time"]},{"damage_healed":0.0,"max_hp_gain":0.0,"max_hp_loss":30.0,"gold_gain":0.0,"event_name":"Ghosts","player_choice":"Became a Ghost","floor":25.0,"gold_loss":0.0,"damage_taken":0.0,"cards_obtained":["Ghostly","Ghostly","Ghostly"]},{"damage_healed":0.0,"max_hp_gain":0.0,"max_hp_loss":0.0,"gold_gain":0.0,"event_name":"Tomb of Lord Red Mask","player_choice":"Ignored","floor":36.0,"gold_loss":0.0,"damage_taken":0.0},{"cards_removed":["Defend_G"],"damage_healed":0.0,"max_hp_gain":0.0,"max_hp_loss":0.0,"gold_gain":0.0,"event_name":"Falling","player_choice":"Removed Skill","floor":39.0,"gold_loss":0.0,"damage_taken":0.0}],"is_beta":false,"boss_relics":[{"not_picked":["Busted Crown","SlaversCollar"],"picked":"Runic Pyramid"},{"not_picked":["Tiny House","Ring of the Serpent"],"picked":"Coffee Dripper"}],"items_purged_floors":[21],"is_endless":false,"potions_floor_spawned":[1,2,14,16,20,22,27,35,38,41,47,48],"ascension_level":20}}