{"host":"75f7vpxw7p171fvt","time":1614222223,"event":{"mods":["100% Spire Juice","Act Like it!","Arknights","Astrologer","Bard","BaseMod","CapriCore","ChefMod","Clockwork Mod","Communication Mod","Downfall","Duelist Mod","Gensokyo","Gremlin Mod","Jorbs\u0027s Wanderer Trilogy","Minty Spire (QoL Compilation)","Potionbrewer","Reliquary","Robot Space Explorer","Shapeshifter Mod","StS++","StSLib","The Administrix","The Animator","The Blackbeard","The Dragon Tamer","The Gatherer","The Immortal","The Mystic","The Poker Player"],"gold_per_floor":[99,116,116,116,126,146,146,165,196,96,8,21,471,505,516,611,661,661,661,661,675,685,585,665,679,443,471,168,185,197,64,77,178,178,178,190,190,190,200,10,10,22,33,49,49,63,89,41,60,60,60,60],"floor_reached":50,"language":"ENG","playtime":7829,"items_purged":["downfall:Icky","downfall:Icky","downfall:Icky","Pride"],"score":683,"play_id":"e87d886d-24c3-4bbf-91c8-743ff86bef2d","local_time":"20210224190343","is_ascension_mode":false,"campfire_choices":[{"data":"champ:Taunt","floor":1.0,"key":"SMITH"},{"data":"champ:DefensiveShout","floor":10,"key":"SMITH"},{"data":"champ:Lariat","floor":18,"key":"SMITH"},{"data":"champ:HeavySlash","floor":23,"key":"SMITH"},{"data":"Apotheosis","floor":35,"key":"SMITH"},{"floor":45,"key":"REST"}],"circlet_count":0,"master_deck":["champ:Strike","champ:Strike","champ:Strike","champ:Execute","champ:Taunt+1","champ:RapidStrikes+1","champ:EnGarde","champ:DefensiveShout+1","champ:RisingSlash+1","champ:GutPunch","champ:EnragedBash","champ:PerfectedStrike+1","champ:FlashCut+1","champ:DancingMaster+1","champ:RisingSlash","champ:EnGarde","champ:HeavySlash+1","champ:Lariat+1","champ:FlashCut+1","champ:FlashCut","champ:RapidStrikes","champ:HoldFirm","champ:FocusedDefense","champ:FlashCut","champ:ArenaPreparation","champ:IgnorePain","champ:PreciseThrust+1","champ:BerserkersShout","Apotheosis+1","champ:SteelEdge","champ:EnGarde","champ:Circumvent+1","champ:UltimateStance","champ:EnragedBash+1","champ:EndlessRage+1","champ:GladiatorStyle+1","champ:StanceDance","CurseOfTheBell","CurseOfTheBell","champ:FlashCut+1","champ:Parry","champ:BringItOn","champ:FalseCounter+1","champ:CalledShot","champ:EnGarde+1"],"relics":["champ:ChampionCrown","reliquary:PorcupineQuills","downfall:HeartBlessingGreen","Bag of Preparation","Tiny House","downfall:HeartBlessingBlue","InkBottle","reliquary:Buckler","Centennial Puzzle","Vajra","Astrolabe","downfall:ExtraCursedBell","Dream Catcher","Mummified Hand","champ:GladiatorsBookOfMartialProwess","FossilizedHelix","Sundial"],"acts_visited":["Exordium","TheCity","TheBeyond"],"potions_floor_usage":[9,25,33,33,33,46,49,50,50],"damage_taken":[{"damage":21.0,"enemies":"Jaw Worm","floor":2.0,"turns":7.0},{"damage":7,"enemies":"2 Louse","floor":5,"turns":4},{"damage":10,"enemies":"Cultist","floor":6,"turns":3},{"damage":48,"enemies":"Gremlin Gang","floor":8,"turns":7},{"damage":32,"enemies":"Gremlin Nob","floor":9,"turns":4},{"damage":40,"enemies":"downfall:FleeingMerchant","floor":11,"turns":4},{"damage":0,"enemies":"Red Slaver","floor":12,"turns":2},{"damage":26,"enemies":"3 Sentries","floor":14,"turns":7},{"damage":3,"enemies":"Blue Slaver","floor":15,"turns":2},{"damage":81,"enemies":"SI_SHIV_ARCHETYPE","floor":16,"turns":9},{"damage":10,"enemies":"Chosen","floor":21,"turns":3},{"damage":0,"enemies":"downfall:LooterAlt2","floor":22,"turns":2},{"damage":35,"enemies":"Snecko","floor":25,"turns":4},{"damage":30,"enemies":"downfall:FleeingMerchant","floor":26,"turns":4},{"damage":42,"enemies":"theDuelist:KaibaA2","floor":27,"turns":4},{"damage":21,"enemies":"downfall:FleeingMerchant","floor":28,"turns":4},{"damage":35,"enemies":"3 Cultists","floor":29,"turns":4},{"damage":10,"enemies":"Centurion and Healer","floor":30,"turns":4},{"damage":0,"enemies":"downfall:FleeingMerchant","floor":31,"turns":1},{"damage":47,"enemies":"Sentry and Sphere","floor":32,"turns":4},{"damage":45,"enemies":"WA_ARCHETYPE_CALM","floor":33,"turns":7},{"damage":10,"enemies":"3 Shapes","floor":36,"turns":3},{"damage":0,"enemies":"Orb Walker","floor":39,"turns":2},{"damage":8,"enemies":"Jaw Worm Horde","floor":42,"turns":3},{"damage":27,"enemies":"Spire Growth","floor":43,"turns":4},{"damage":83,"enemies":"4 Shapes","floor":44,"turns":6},{"damage":24,"enemies":"Transient","floor":46,"turns":5},{"damage":51,"enemies":"Reptomancer","floor":47,"turns":5},{"damage":46,"enemies":"Writhing Mass","floor":49,"turns":4},{"damage":87,"enemies":"IC_BLOCK_ARCHETYPE","floor":50,"turns":4}],"seed_played":"-3470110388207776518","potions_obtained":[{"floor":5,"key":"champ:TechniquePotion"},{"floor":12,"key":"BlessingOfTheForge"},{"floor":14,"key":"GamblersBrew"},{"floor":17,"key":"SneckoOil"},{"floor":22,"key":"potionbrewer:DiscountPotion"},{"floor":29,"key":"potionbrewer:ToxicPotion"},{"floor":30,"key":"AttackPotion"},{"floor":36,"key":"BlessingOfTheForge"},{"floor":44,"key":"ColorlessPotion"},{"floor":46,"key":"potionbrewer:BoundlessPotion"},{"floor":47,"key":"Slimebound:ThreeZeroPotion"}],"is_trial":false,"path_per_floor":["R","M","?","?","M","M","T","M","E","R","$","M","?","E","M","B",null,"R","?","?","M","M","R","T","M","$","E","$","M","M","$","M","B",null,"R","M","?","?","M","$","T","M","M","M","R","M","E","$","M","B"],"character_chosen":"THE_CHAMP","items_purchased":["champ:PerfectedStrike","champ:FlashCut","reliquary:Buckler","champ:ArenaPreparation","Vajra","Apotheosis","champ:SteelEdge","champ:EnGarde","champ:Parry","champ:OpenerPotion"],"campfire_rested":1,"item_purchase_floors":[11,11,26,28,28,31,31,31,40,48],"current_hp_per_floor":[99,98,98,98,96,96,96,78,61,61,61,61,61,55,52,21,104,104,83,75,75,75,85,85,85,75,63,62,62,62,62,50,50,119,119,119,119,84,84,84,84,86,84,70,105,96,65,65,59,0,0,0],"gold":60,"neow_bonus":"TEN_PERCENT_HP_BONUS","is_daily":false,"chose_seed":false,"campfire_upgraded":5,"win_rate":0.0,"timestamp":1614222223,"path_taken":["R","M","?","?","?","?","T","M","E","R","?","M","?","E","M","BOSS","R","?","?","M","M","R","T","M","$","E","$","?","M","$","M","BOSS","R","M","?","?","M","$","T","M","M","M","R","M","E","$","M","BOSS"],"items_purchased_type":["Card","Card","Relic","Card","Relic","Card","Card","Card","Card","Potion"],"build_version":"2020-12-22","purchased_purges":4,"victory":false,"max_hp_per_floor":[99,99,99,99,99,99,99,99,99,99,99,99,99,99,99,99,104,104,109,109,109,109,119,119,119,119,119,119,119,119,119,119,119,119,119,119,119,119,119,119,119,119,119,119,119,119,119,119,119,119,119,119],"card_choices":[{"not_picked":["champ:GutPunch","champ:Circumvent"],"picked":"champ:RapidStrikes","floor":2},{"not_picked":["champ:CrookedStrike","champ:BladeFlurry"],"picked":"champ:EnGarde","floor":5},{"not_picked":["champ:BringItOn","champ:CrownThrow"],"picked":"champ:DefensiveShout","floor":6},{"not_picked":["champ:FlashCut","champ:EnGarde"],"picked":"champ:RisingSlash","floor":8},{"not_picked":["champ:DefensiveShout","champ:FlashCut"],"picked":"champ:GutPunch","floor":9},{"not_picked":["champ:Endure","champ:DeathBlow"],"picked":"champ:EnragedBash","floor":11},{"not_picked":["champ:FocusedDefense","champ:DeathBlow"],"picked":"champ:DancingMaster","floor":12},{"not_picked":["champ:TornadoPunch","champ:ShieldSlam"],"picked":"champ:RisingSlash","floor":14},{"not_picked":["champ:Shatter","champ:TornadoPunch"],"picked":"champ:EnGarde","floor":15},{"not_picked":["champ:Devastate","champ:CheapShot"],"picked":"champ:HeavySlash","floor":16},{"not_picked":["champ:PerfectedStrike","champ:SetATrap"],"picked":"champ:Lariat","floor":17},{"not_picked":["champ:BringItOn","champ:Shatter"],"picked":"champ:FlashCut+1","floor":21},{"not_picked":["champ:DefensiveShout","champ:BerserkersShout"],"picked":"champ:FlashCut","floor":22},{"not_picked":["champ:TornadoPunch","champ:CrownThrow"],"picked":"champ:RapidStrikes","floor":25},{"not_picked":["champ:Shatter+1","champ:Circumvent"],"picked":"champ:HoldFirm","floor":26},{"not_picked":["champ:FlashCut+1","champ:DeathBlow"],"picked":"champ:FocusedDefense","floor":27},{"not_picked":["champ:DefensiveShout","champ:SetATrap"],"picked":"champ:FlashCut","floor":28},{"not_picked":["champ:GladiatorStyle+1","champ:DeathBlow+1"],"picked":"champ:IgnorePain","floor":29},{"not_picked":["champ:BringItOn","champ:FlashCut+1"],"picked":"champ:PreciseThrust+1","floor":30},{"not_picked":["champ:Duel+1","champ:Encircle"],"picked":"champ:BerserkersShout","floor":31},{"not_picked":["champ:Backstep","champ:CrownThrow"],"picked":"champ:Circumvent+1","floor":32},{"not_picked":["champ:DancingMaster","champ:ShieldThrow"],"picked":"champ:UltimateStance","floor":33},{"not_picked":["champ:FanOfKnives+1","champ:IronFortress"],"picked":"champ:StanceDance","floor":36},{"not_picked":["champ:Endure","champ:BladeFlurry"],"picked":"champ:FlashCut+1","floor":39},{"not_picked":["champ:DeathBlow+1","champ:BringItOn","champ:Encircle"],"picked":"SKIP","floor":42},{"not_picked":["champ:CrookedStrike","champ:SkillfulDodge+1","champ:CrownThrow"],"picked":"SKIP","floor":43},{"not_picked":["champ:SteelEdge","champ:FanOfKnives"],"picked":"champ:BringItOn","floor":44},{"not_picked":["champ:DefensiveShout","champ:HeartStrike"],"picked":"champ:FalseCounter+1","floor":45},{"not_picked":["champ:FaceSlap+1","champ:EnGarde+1"],"picked":"champ:CalledShot","floor":46},{"not_picked":["champ:DeathBlow","champ:SetATrap+1"],"picked":"champ:EnGarde+1","floor":47},{"not_picked":["champ:FanOfKnives+1","champ:SetATrap","champ:PreciseThrust+1"],"picked":"SKIP","floor":49}],"player_experience":27748,"relics_obtained":[{"floor":9,"key":"reliquary:PorcupineQuills"},{"floor":14,"key":"Bag of Preparation"},{"floor":24,"key":"InkBottle"},{"floor":27,"key":"Centennial Puzzle"},{"floor":37,"key":"Dream Catcher"},{"floor":37,"key":"Mummified Hand"},{"floor":37,"key":"champ:GladiatorsBookOfMartialProwess"},{"floor":41,"key":"FossilizedHelix"},{"floor":47,"key":"Sundial"}],"event_choices":[{"cards_removed":["champ:Strike"],"damage_healed":0,"gold_gain":0,"player_choice":"Card Removal","damage_taken":0,"max_hp_gain":0,"max_hp_loss":0,"event_name":"The Cleric","floor":3,"gold_loss":0},{"cards_removed":["champ:Defend"],"damage_healed":0,"gold_gain":0,"player_choice":"Offered Basic","damage_taken":0,"max_hp_gain":0,"max_hp_loss":0,"event_name":"Bonfire Elementals","floor":4,"gold_loss":0}],"is_beta":false,"boss_relics":[{"not_picked":["Sozu","reliquary:Ember"],"picked":"Tiny House"},{"not_picked":["StSpp:Balance","reliquary:RedCape"],"picked":"Astrolabe"}],"items_purged_floors":[26,28,31,40],"is_endless":false,"potions_floor_spawned":[5,12,14,22,29,30,32,36,44,46,47],"killed_by":"IC_BLOCK_ARCHETYPE","ascension_level":0}}