{"host":"zq4tmp0p98b2vpa9","time":1614255762,"event":{"mods":["AchievementEnabler","BaseMod","Bestiary","Highlight Path","Minty Spire (QoL Compilation)","Relic Stats","ojb\u0027s Info Mod"],"gold_per_floor":[118,128,43,43,43,43,53,64,64,74,74,84,84,102,102,230,230,246,264,46,61,61,61],"floor_reached":22,"language":"ENG","playtime":1390,"items_purged":["Strike_B"],"score":198,"play_id":"dd80c60e-242e-4da6-9418-90d477b119ca","local_time":"20210225132242","is_ascension_mode":true,"campfire_choices":[{"data":"Seek","floor":6,"key":"SMITH"},{"data":"Defragment","floor":11,"key":"SMITH"},{"floor":15,"key":"REST"}],"circlet_count":0,"master_deck":["Strike_B","Strike_B","Defend_B","Defend_B","Defend_B","Defend_B","Zap","Dualcast","Seek+1","Capacitor","Cold Snap","Conserve Battery","Ball Lightning","Defragment+1","Loop","Buffer","Multi-Cast","Force Field","Undo","Undo+1"],"relics":["Cracked Core","NeowsBlessing","Pear","Golden Idol","Velvet Choker","Medical Kit"],"acts_visited":["Exordium","TheCity"],"potions_floor_usage":[12,16],"damage_taken":[{"damage":0,"enemies":"Jaw Worm","floor":1,"turns":1},{"damage":0,"enemies":"2 Louse","floor":2,"turns":1},{"damage":0,"enemies":"Cultist","floor":7,"turns":1},{"damage":1,"enemies":"Looter","floor":8,"turns":3},{"damage":1,"enemies":"3 Louse","floor":10,"turns":3},{"damage":24,"enemies":"Exordium Thugs","floor":12,"turns":4},{"damage":7,"enemies":"Red Slaver","floor":14,"turns":2},{"damage":4,"enemies":"The Guardian","floor":16,"turns":10},{"damage":15,"enemies":"Spheric Guardian","floor":18,"turns":4},{"damage":0,"enemies":"Chosen","floor":19,"turns":4},{"damage":16,"enemies":"Shelled Parasite and Fungi","floor":21,"turns":10},{"damage":60,"enemies":"Masked Bandits","floor":22,"turns":3}],"seed_played":"8453098420479704813","potions_obtained":[{"floor":7,"key":"LiquidBronze"},{"floor":10,"key":"FocusPotion"},{"floor":14,"key":"EssenceOfSteel"},{"floor":16,"key":"SpeedPotion"},{"floor":21,"key":"SneckoOil"}],"is_trial":false,"path_per_floor":["M","M","$","?","?","R","M","M","T","M","R","M","?","M","R","B",null,"M","M","$","M","?"],"character_chosen":"DEFECT","items_purchased":["Capacitor","Cold Snap","Medical Kit"],"campfire_rested":1,"item_purchase_floors":[3,3,20],"current_hp_per_floor":[75,75,75,75,68,68,68,67,77,76,76,52,31,24,49,45,85,70,70,70,54,0,0],"gold":61,"neow_bonus":"THREE_ENEMY_KILL","is_daily":false,"chose_seed":false,"campfire_upgraded":2,"win_rate":0.0,"timestamp":1614255762,"path_taken":["M","M","$","?","?","R","M","M","T","M","R","M","?","M","R","BOSS","M","M","$","M","?"],"items_purchased_type":["Card","Card","Relic"],"build_version":"2020-12-22","purchased_purges":1,"victory":false,"max_hp_per_floor":[75,75,75,75,75,75,75,75,85,85,85,85,85,85,85,85,85,85,85,85,85,85,85],"relic_stats":{"counters":[12,45],"Golden Idol":47,"Medical Kit":[0],"obtain_stats":[{"Pear":9,"NeowsBlessing":0,"Golden Idol":13,"Velvet Choker":17,"Cracked Core":0,"Medical Kit":20},{"Pear":4,"NeowsBlessing":0,"Golden Idol":6,"Velvet Choker":8,"Cracked Core":0,"Medical Kit":10},{"Pear":6,"NeowsBlessing":0,"Golden Idol":13,"Velvet Choker":24,"Cracked Core":0,"Medical Kit":32}]},"card_choices":[{"not_picked":["Compile Driver","Streamline","Rebound"],"picked":"SKIP","floor":1},{"not_picked":["Go for the Eyes","Ball Lightning"],"picked":"Seek","floor":2},{"not_picked":["Auto Shields","Go for the Eyes"],"picked":"Conserve Battery","floor":7},{"not_picked":["Capacitor","Steam"],"picked":"Ball Lightning","floor":8},{"not_picked":["Go for the Eyes","Hologram"],"picked":"Defragment","floor":10},{"not_picked":["Beam Cell","Redo"],"picked":"Loop","floor":12},{"not_picked":["Coolheaded","White Noise"],"picked":"Buffer","floor":14},{"not_picked":["All For One","Hyperbeam"],"picked":"Multi-Cast","floor":16},{"not_picked":["Melter","Blizzard+1"],"picked":"Force Field","floor":18},{"not_picked":["Blizzard+1","Hologram"],"picked":"Undo","floor":19},{"not_picked":["Turbo","Compile Driver"],"picked":"Undo+1","floor":21}],"player_experience":306264,"relics_obtained":[{"floor":9,"key":"Pear"}],"event_choices":[{"damage_healed":0,"gold_gain":0,"player_choice":"Leave","damage_taken":0,"max_hp_gain":0,"max_hp_loss":0,"event_name":"The Cleric","floor":4,"gold_loss":0},{"cards_removed":["Strike_B"],"damage_healed":0,"gold_gain":0,"player_choice":"Card Removal","damage_taken":7,"max_hp_gain":0,"max_hp_loss":0,"event_name":"Golden Wing","floor":5,"gold_loss":0},{"damage_healed":0,"gold_gain":0,"player_choice":"Take Damage","damage_taken":21,"relics_obtained":["Golden Idol"],"max_hp_gain":0,"max_hp_loss":0,"event_name":"Golden Idol","floor":13,"gold_loss":0},{"damage_healed":0,"gold_gain":0,"player_choice":"Fought Bandits","damage_taken":0,"max_hp_gain":0,"max_hp_loss":0,"event_name":"Masked Bandits","floor":22,"gold_loss":0}],"is_beta":false,"boss_relics":[{"not_picked":["Empty Cage","Black Star"],"picked":"Velvet Choker"}],"items_purged_floors":[20],"is_endless":false,"potions_floor_spawned":[7,10,14,16,21],"killed_by":"Masked Bandits","ascension_level":2}}