{"host":"2se5dq1do2gp0x9k","time":1614237994,"event":{"mods":["AchievementEnabler","BaseMod","Block Reminder","Colored Map","Colored Powertips","Minty Spire (QoL Compilation)","Relic Stats","StSLib","SuperFastMode"],"gold_per_floor":[112,124,35,45,62,90,90,119,144,162,181,208,220,234,234,310,310,320,334,14,24,24,24,44,44,113,146,165,165,194,214,214,289,289,306,143,143,157,157,157],"floor_reached":39,"language":"ENG","playtime":1686,"items_purged":["Strike_P","Worship"],"score":1092,"play_id":"18e666c1-fd54-4f9a-b3ea-9e41c9ab238c","local_time":"20210224232634","is_ascension_mode":true,"campfire_choices":[{"data":"Tantrum","floor":7.0,"key":"SMITH"},{"data":"Eruption","floor":15.0,"key":"SMITH"},{"floor":23.0,"key":"REST"},{"data":"ForeignInfluence","floor":29.0,"key":"SMITH"},{"floor":32.0,"key":"REST"}],"circlet_count":0,"master_deck":["AscendersBane","Strike_P","Strike_P","Strike_P","Defend_P","Defend_P","Defend_P","Defend_P","Eruption+1","Vigilance","Weave","JustLucky","Wireheading","CutThroughFate","Tantrum+1","ForeignInfluence+1","Nirvana","BowlingBash","Halt","CutThroughFate","Prostrate","ThirdEye","DeusExMachina","Wireheading+1","Pray","Nirvana","ThirdEye","Tantrum","Halt","CutThroughFate","Brilliance","Blasphemy","Wallop","Prostrate","Fasting2","Weave"],"relics":["HolyWater","NeowsBlessing","Akabeko","Bag of Preparation","Ancient Tea Set","PreservedInsect","SlaversCollar","Membership Card","Pear","Prayer Wheel","Centennial Puzzle","Oddly Smooth Stone"],"acts_visited":["Exordium","TheCity","TheBeyond"],"potions_floor_usage":[],"damage_taken":[{"damage":0.0,"enemies":"Cultist","floor":1.0,"turns":1.0},{"damage":0.0,"enemies":"2 Louse","floor":2.0,"turns":1.0},{"damage":0.0,"enemies":"Jaw Worm","floor":4.0,"turns":1.0},{"damage":0.0,"enemies":"2 Fungi Beasts","floor":5.0,"turns":2.0},{"damage":0.0,"enemies":"Gremlin Nob","floor":6.0,"turns":2.0},{"damage":12.0,"enemies":"Lagavulin","floor":8.0,"turns":7.0},{"damage":12.0,"enemies":"Exordium Wildlife","floor":10.0,"turns":3.0},{"damage":0.0,"enemies":"Looter","floor":11.0,"turns":1.0},{"damage":0.0,"enemies":"3 Sentries","floor":12.0,"turns":2.0},{"damage":2.0,"enemies":"Blue Slaver","floor":13.0,"turns":2.0},{"damage":0.0,"enemies":"Exordium Wildlife","floor":14.0,"turns":2.0},{"damage":7.0,"enemies":"Hexaghost","floor":16.0,"turns":6.0},{"damage":23.0,"enemies":"Shell Parasite","floor":18.0,"turns":6.0},{"damage":2.0,"enemies":"Spheric Guardian","floor":19.0,"turns":3.0},{"damage":0.0,"enemies":"Shelled Parasite and Fungi","floor":21.0,"turns":3.0},{"damage":1.0,"enemies":"Centurion and Healer","floor":24.0,"turns":3.0},{"damage":0.0,"enemies":"Book of Stabbing","floor":27.0,"turns":2.0},{"damage":5.0,"enemies":"3 Cultists","floor":28.0,"turns":6.0},{"damage":0.0,"enemies":"Gremlin Leader","floor":30.0,"turns":3.0},{"damage":21.0,"enemies":"Snake Plant","floor":31.0,"turns":3.0},{"damage":23.0,"enemies":"Automaton","floor":33.0,"turns":4.0},{"damage":19.0,"enemies":"3 Darklings","floor":35.0,"turns":3.0},{"damage":18,"enemies":"3 Shapes","floor":38,"turns":4},{"damage":22,"enemies":"Maw","floor":39,"turns":5}],"seed_played":"6106300642901258783","potions_obtained":[{"floor":1.0,"key":"DistilledChaos"},{"floor":8.0,"key":"StancePotion"},{"floor":12.0,"key":"Fruit Juice"},{"floor":13.0,"key":"Fire Potion"},{"floor":19.0,"key":"SteroidPotion"},{"floor":28.0,"key":"Explosive Potion"},{"floor":30.0,"key":"EssenceOfSteel"},{"floor":31.0,"key":"AttackPotion"},{"floor":35,"key":"EntropicBrew"}],"is_trial":false,"path_per_floor":["M","M","$","M","M","E","R","E","T","M","M","E","M","M","R","B",null,"M","M","$","M","?","R","M","$","T","E","M","R","E","M","R","B",null,"M","$","?","M","M"],"character_chosen":"WATCHER","items_purchased":["Wireheading","CutThroughFate","Nirvana","Membership Card","Worship","ThirdEye","Oddly Smooth Stone","Prostrate"],"campfire_rested":2,"item_purchase_floors":[3,3,20,20,20,20,36,36],"current_hp_per_floor":[61,61,61,61,61,61,61,49,49,37,37,37,40,40,40,33,63,40,38,38,38,28,49,48,48,58,58,53,53,53,32,56,33,71,52,52,52,34,12,12],"gold":157,"neow_bonus":"THREE_ENEMY_KILL","is_daily":false,"chose_seed":false,"campfire_upgraded":3,"win_rate":0.0,"timestamp":1614237994,"path_taken":["M","M","$","M","M","E","R","E","T","M","M","E","M","?","R","BOSS","M","?","$","M","?","R","M","$","T","E","?","R","E","M","R","BOSS","M","$","?","M","M"],"items_purchased_type":["Card","Card","Card","Relic","Card","Card","Relic","Card"],"build_version":"2020-12-22","purchased_purges":2,"victory":false,"max_hp_per_floor":[68,68,68,68,68,68,68,68,68,68,68,68,73,73,73,73,73,73,73,73,73,73,73,73,73,83,83,83,83,83,83,83,83,83,83,83,83,83,83,83],"relic_stats":{"Centennial Puzzle":[15],"counters":[24,74],"Prayer Wheel":5,"PreservedInsect":92,"Bag of Preparation":[36],"obtain_stats":[{"Pear":26,"NeowsBlessing":0,"Oddly Smooth Stone":36,"PreservedInsect":12,"Bag of Preparation":8,"Ancient Tea Set":9,"Akabeko":6,"SlaversCollar":17,"Centennial Puzzle":30,"HolyWater":34,"Prayer Wheel":27,"Membership Card":20,"PureWater":0},{"Pear":16,"NeowsBlessing":0,"Oddly Smooth Stone":22,"PreservedInsect":9,"Bag of Preparation":6,"Ancient Tea Set":6,"Akabeko":5,"SlaversCollar":12,"Centennial Puzzle":19,"HolyWater":21,"Prayer Wheel":17,"Membership Card":14,"PureWater":0},{"Pear":45,"NeowsBlessing":0,"Oddly Smooth Stone":66,"PreservedInsect":20,"Bag of Preparation":14,"Ancient Tea Set":14,"Akabeko":7,"SlaversCollar":30,"Centennial Puzzle":56,"HolyWater":63,"Prayer Wheel":47,"Membership Card":39,"PureWater":0}]},"card_choices":[{"not_picked":["Halt","SashWhip"],"picked":"Weave","floor":1.0},{"not_picked":["FearNoEvil","WheelKick"],"picked":"JustLucky","floor":2.0},{"not_picked":["Fasting2","EmptyFist"],"picked":"Tantrum","floor":4.0},{"not_picked":["BattleHymn","ClearTheMind"],"picked":"ForeignInfluence","floor":5.0},{"not_picked":["Study","Vault"],"picked":"Nirvana","floor":6.0},{"not_picked":["EmptyFist","Collect"],"picked":"BowlingBash","floor":8.0},{"not_picked":["SashWhip","FlurryOfBlows"],"picked":"Halt","floor":10.0},{"not_picked":["EmptyBody","Protect"],"picked":"CutThroughFate","floor":11.0},{"not_picked":["DevaForm","FollowUp"],"picked":"Prostrate","floor":12.0},{"not_picked":["Evaluate","Crescendo","WaveOfTheHand"],"picked":"SKIP","floor":13.0},{"not_picked":["Halt","SashWhip"],"picked":"ThirdEye","floor":14.0},{"not_picked":["Blasphemy","Vault"],"picked":"DeusExMachina","floor":16.0},{"not_picked":["SignatureMove+1","SandsOfTime"],"picked":"Wireheading+1","floor":18.0},{"not_picked":["Prostrate","Consecrate+1"],"picked":"Pray","floor":19.0},{"not_picked":["Protect","WaveOfTheHand"],"picked":"Tantrum","floor":21.0},{"not_picked":["CrushJoints+1","SignatureMove","Perseverance"],"picked":"SKIP","floor":24.0},{"not_picked":["FollowUp","EmptyFist","WreathOfFlame"],"picked":"SKIP","floor":27.0},{"not_picked":["Protect","PathToVictory","ThirdEye"],"picked":"SKIP","floor":28.0},{"not_picked":["Wallop","Evaluate","CutThroughFate"],"picked":"SKIP","floor":28.0},{"not_picked":["CarveReality","Halt","Perseverance"],"picked":"SKIP","floor":30.0},{"not_picked":["CarveReality","Perseverance"],"picked":"Halt","floor":30.0},{"not_picked":["Wallop","Adaptation"],"picked":"CutThroughFate","floor":31.0},{"not_picked":["SashWhip","ThirdEye"],"picked":"Brilliance","floor":31.0},{"not_picked":["DeusExMachina","Ragnarok"],"picked":"Blasphemy","floor":33.0},{"not_picked":["Wireheading","Conclude"],"picked":"Wallop","floor":35},{"not_picked":["EmptyBody+1","SashWhip+1","CarveReality"],"picked":"SKIP","floor":35},{"not_picked":["TalkToTheHand","BowlingBash"],"picked":"Fasting2","floor":38},{"not_picked":["FlurryOfBlows","Consecrate+1"],"picked":"Weave","floor":38}],"player_experience":4149387,"relics_obtained":[{"floor":6.0,"key":"Akabeko"},{"floor":8.0,"key":"Bag of Preparation"},{"floor":9.0,"key":"Ancient Tea Set"},{"floor":12.0,"key":"PreservedInsect"},{"floor":26.0,"key":"Pear"},{"floor":27.0,"key":"Prayer Wheel"},{"floor":30.0,"key":"Centennial Puzzle"}],"event_choices":[{"damage_healed":0.0,"max_hp_gain":0.0,"max_hp_loss":0.0,"gold_gain":0.0,"event_name":"Wheel of Change","player_choice":"Damaged","floor":22.0,"gold_loss":0.0,"damage_taken":10.0},{"damage_healed":0,"gold_gain":0,"player_choice":"Ignored","damage_taken":0,"max_hp_gain":0,"max_hp_loss":0,"event_name":"Tomb of Lord Red Mask","floor":37,"gold_loss":0}],"is_beta":false,"boss_relics":[{"not_picked":["Tiny House","Sozu"],"picked":"SlaversCollar"},{"not_picked":["Black Star","Coffee Dripper"],"picked":"HolyWater"}],"items_purged_floors":[20,36],"is_endless":false,"potions_floor_spawned":[1,8,10,12,13,19,28,30,31,35],"killed_by":"Maw","ascension_level":19}}