{"host":"nn0usk9aafse27ii","time":1614283934,"event":{"mods":["BaseMod","Colored Map","Downfall","Highlight Path","Minty Spire (QoL Compilation)","Shop Mod","StSLib"],"gold_per_floor":[99,99,119,119,134,148,148,148,179,179,190,214,114,132,145,246,246,246,261,281,281,281,281,331,351,351,365,107,122,122,142,154,253,253,153,169,181,192,205,237,237,251,151,251,12,23,42,59,72,72,72,98,20,20,20,20,20,20],"floor_reached":56,"language":"ENG","playtime":6039,"items_purged":[],"score":841,"play_id":"1fb42d24-9f96-4b9b-b03f-a1d9f9425a07","local_time":"20210225121214","is_ascension_mode":false,"campfire_choices":[{"data":"Slimebound:CorrosiveSpit","floor":1.0,"key":"SMITH"},{"data":"Slimebound:Strike_Slimebound","floor":8.0,"key":"PURGE"},{"floor":13.0,"key":"REST"},{"data":"Slimebound:Recycling","floor":18.0,"key":"SMITH"},{"data":"Slimebound:OneTwoCombo","floor":26.0,"key":"SMITH"},{"floor":30.0,"key":"RECALL"},{"data":"Slimebound:SplitAcid","floor":35.0,"key":"SMITH"},{"floor":43.0,"key":"REST"},{"data":"Slimebound:MassFeed","floor":54,"key":"PURGE"}],"circlet_count":0,"master_deck":["Slimebound:Strike_Slimebound+1","Slimebound:Tackle","Slimebound:Defend_Slimebound","Slimebound:Defend_Slimebound","Slimebound:Defend_Slimebound","Slimebound:Defend_Slimebound","Slimebound:Split","Slimebound:CorrosiveSpit+1","Slimebound:Dissolve+1","Slimebound:LeechEnergy","Slimebound:SplitAcid+1","Slimebound:Nibble+1","Slimebound:OneTwoCombo+1","Slimebound:LeechingTouch","Slimebound:DouseInSlime+1","Slimebound:Replication+1","Slimebound:Recycling+1","Slimebound:HauntingLick+1","Slimebound:Prepare+1","Slimebound:Prepare+1","Slimebound:SplitMire+1","Slimebound:SplitMire+1","Slimebound:SamplingLick+1","Slimebound:SlimeTap+1","Slimebound:MassRepurpose+1","Slimebound:HauntingLick+1","Slimebound:Teamwork+1","Slimebound:Prepare+1","Slimebound:Schlurp+1","Slimebound:Recollect+1","Slimebound:Schlurp+1","Slimebound:AcidTongue+1","Injury","Slimebound:SplitBruiser+1","Slimebound:GoopSpray+1","Slimebound:Nibble+1","Slimebound:SlimeBarrage+1","Slimebound:RejuvenatingLick+1","Slimebound:RejuvenatingLick+1"],"relics":["Slimebound:AbsorbEndCombat","Slimebound:ScrapOozeRelic","Toxic Egg 2","Peace Pipe","Whetstone","downfall:HeartBlessingGreen","SacredBark","Centennial Puzzle","Slimebound:AggressiveSlimeRelic","Bottled Lightning","Cursed Key","downfall:HeartBlessingRed","Boot","downfall:HeartBlessingBlue","downfall:GremlinWheel","Slimebound:MaxSlimesRelic","TungstenRod","Oddly Smooth Stone"],"acts_visited":["Exordium","TheCity","TheBeyond","TheEnding"],"potions_floor_usage":[56,56],"damage_taken":[{"damage":7.0,"enemies":"Small Slimes","floor":3.0,"turns":4.0},{"damage":6.0,"enemies":"Jaw Worm","floor":5.0,"turns":3.0},{"damage":0.0,"enemies":"Cultist","floor":6.0,"turns":2.0},{"damage":28.0,"enemies":"3 Sentries","floor":9.0,"turns":7.0},{"damage":5.0,"enemies":"3 Louse","floor":11.0,"turns":2.0},{"damage":7.0,"enemies":"Red Slaver","floor":14.0,"turns":2.0},{"damage":9.0,"enemies":"Exordium Wildlife","floor":15.0,"turns":4.0},{"damage":10.0,"enemies":"IC_STATUS_ARCHETYPE","floor":16.0,"turns":3.0},{"damage":3.0,"enemies":"Spheric Guardian","floor":19.0,"turns":4.0},{"damage":0.0,"enemies":"3 Byrds","floor":20.0,"turns":3.0},{"damage":7.0,"enemies":"Shelled Parasite and Fungi","floor":21.0,"turns":3.0},{"damage":5.0,"enemies":"Snake Plant","floor":25.0,"turns":2.0},{"damage":11.0,"enemies":"Centurion and Healer","floor":27.0,"turns":4.0},{"damage":0.0,"enemies":"downfall:FleeingMerchant","floor":28.0,"turns":4.0},{"damage":0.0,"enemies":"Snecko","floor":29.0,"turns":4.0},{"damage":15.0,"enemies":"Chosen and Byrds","floor":31.0,"turns":3.0},{"damage":0.0,"enemies":"3 Cultists","floor":32.0,"turns":3.0},{"damage":0.0,"enemies":"WA_ARCHETYPE_CALM","floor":33.0,"turns":4.0},{"damage":0.0,"enemies":"Orb Walker","floor":36.0,"turns":2.0},{"damage":0.0,"enemies":"3 Shapes","floor":37.0,"turns":2.0},{"damage":3.0,"enemies":"Sphere and 2 Shapes","floor":38.0,"turns":3.0},{"damage":25.0,"enemies":"4 Shapes","floor":39.0,"turns":3.0},{"damage":4.0,"enemies":"Nemesis","floor":40.0,"turns":5.0},{"damage":21.0,"enemies":"Writhing Mass","floor":42.0,"turns":2.0},{"damage":0.0,"enemies":"Writhing Mass","floor":44.0,"turns":2.0},{"damage":0.0,"enemies":"downfall:FleeingMerchant","floor":45.0,"turns":3.0},{"damage":13.0,"enemies":"Jaw Worm Horde","floor":46.0,"turns":2.0},{"damage":0.0,"enemies":"Maw","floor":47.0,"turns":3.0},{"damage":6.0,"enemies":"Writhing Mass","floor":48.0,"turns":2.0},{"damage":0.0,"enemies":"Sphere and 2 Shapes","floor":49.0,"turns":3.0},{"damage":38.0,"enemies":"SI_POISON_ARCHETYPE","floor":50.0,"turns":4.0},{"damage":33.0,"enemies":"downfall:CharBossMerchant","floor":52.0,"turns":5.0},{"damage":38,"enemies":"downfall:NeowBoss","floor":55,"turns":11},{"damage":123,"enemies":"downfall:NeowBossFinal","floor":56,"turns":5}],"seed_played":"4220211044914507971","potions_obtained":[{"floor":5.0,"key":"Block Potion"},{"floor":6.0,"key":"SneckoOil"},{"floor":14.0,"key":"EntropicBrew"},{"floor":16.0,"key":"Block Potion"},{"floor":20.0,"key":"EntropicBrew"},{"floor":27.0,"key":"LiquidMemories"},{"floor":29.0,"key":"FearPotion"},{"floor":31.0,"key":"Slimebound:SlimedPotion"},{"floor":33.0,"key":"SteroidPotion"},{"floor":38.0,"key":"FearPotion"},{"floor":46.0,"key":"Dexterity Potion"},{"floor":47.0,"key":"Weak Potion"},{"floor":52.0,"key":"Regen Potion"}],"is_trial":false,"path_per_floor":["R","?","M","?","M","M","T","R","E","?","M","T","R","M","M","B",null,"R","M","M","M","?","?","T","M","R","M","$","M","R","M","M","B",null,"R","M","M","M","M","E","T","M","R","?","$","M","M","M","M","B",null,"E","$","R","B","B"],"character_chosen":"SLIMEBOUND","items_purchased":["Bottled Lightning","Slimebound:MaxSlimesRelic","TungstenRod","Regen Potion"],"campfire_rested":2,"item_purchase_floors":[28,45,45,53],"current_hp_per_floor":[65,65,60,60,58,64,64,64,44,44,43,43,62,61,60,57,65,65,65,65,62,62,62,62,63,63,56,64,65,65,56,64,65,65,65,65,65,65,46,48,48,31,63,67,71,66,74,69,75,45,75,44,44,75,43,0,0,0],"gold":20,"neow_bonus":"RANDOM_COMMON_RELIC","is_daily":false,"chose_seed":false,"campfire_upgraded":4,"win_rate":0.0,"timestamp":1614283934,"path_taken":["R","?","M","?","?","M","T","R","E","?","?","?","R","M","M","BOSS","R","M","M","M","?","?","T","M","R","M","$","M","R","M","M","BOSS","R","M","M","M","M","E","T","M","R","?","$","M","M","M","M","BOSS","E","$","R","BOSS","BOSS"],"items_purchased_type":["Relic","Relic","Relic","Potion"],"build_version":"2020-12-22","purchased_purges":0,"victory":false,"max_hp_per_floor":[65,65,65,65,65,65,65,65,65,65,65,65,65,65,65,65,65,65,65,65,65,65,65,65,65,65,65,65,65,65,65,65,65,65,65,65,65,65,65,65,65,65,75,75,75,75,75,75,75,75,75,75,75,75,75,75,75,75],"card_choices":[{"not_picked":["Slimebound:GoopSpray","Slimebound:LivingWall"],"picked":"Slimebound:Dissolve","floor":3.0},{"not_picked":["Slimebound:FinishingTackle","Slimebound:RollThrough"],"picked":"Slimebound:LeechEnergy","floor":5.0},{"not_picked":["Slimebound:Grow","Slimebound:GoopTackle"],"picked":"Slimebound:SplitAcid","floor":6.0},{"not_picked":["Slimebound:GoopSpray+1","Slimebound:SplitMire+1"],"picked":"Slimebound:Nibble","floor":9.0},{"not_picked":["Slimebound:ItLooksTasty","Slimebound:Chomp"],"picked":"Slimebound:LeechingTouch","floor":11.0},{"not_picked":["Slimebound:SplitLeeching+1","Slimebound:ItLooksTasty"],"picked":"Slimebound:DouseInSlime+1","floor":14.0},{"not_picked":["Slimebound:GoopSpray+1","Slimebound:SlimeSpikes+1"],"picked":"Slimebound:Replication+1","floor":15.0},{"not_picked":["Slimebound:OozeBath+1","Slimebound:SlimeSlap"],"picked":"Slimebound:Recycling","floor":16.0},{"not_picked":["Slimebound:SplitLeeching+1","Slimebound:FlameTackle"],"picked":"Slimebound:HauntingLick+1","floor":19.0},{"not_picked":["Slimebound:RainOfGoop+1","Slimebound:TongueLash"],"picked":"Slimebound:Prepare+1","floor":20.0},{"not_picked":["Slimebound:ViciousTackle","Slimebound:SplitAcid+1"],"picked":"Slimebound:Prepare+1","floor":21.0},{"not_picked":["Slimebound:Chomp","Slimebound:SplitLeeching+1"],"picked":"Slimebound:SplitMire+1","floor":25.0},{"not_picked":["Slimebound:SlimeSpikes+1","Slimebound:Prepare+1"],"picked":"Slimebound:SplitMire+1","floor":27.0},{"not_picked":["Slimebound:LeechingTouch","Slimebound:ComboTackle"],"picked":"Slimebound:SamplingLick+1","floor":28.0},{"not_picked":["Slimebound:SplitMire+1","Slimebound:ProtectTheBoss"],"picked":"Slimebound:SlimeTap+1","floor":29.0},{"not_picked":["Slimebound:ItLooksTasty+1","Slimebound:SplitMire+1"],"picked":"Slimebound:MassRepurpose+1","floor":31.0},{"not_picked":["Slimebound:SplitMire+1","Slimebound:LivingWall+1"],"picked":"Slimebound:HauntingLick+1","floor":32.0},{"not_picked":["Slimebound:RallyTheTroops","Slimebound:OneTwoCombo"],"picked":"Slimebound:Teamwork+1","floor":33.0},{"not_picked":["Slimebound:LivingWall+1","Slimebound:FinishingTackle+1"],"picked":"Slimebound:Prepare+1","floor":36.0},{"not_picked":["Slimebound:Chomp","Slimebound:Prepare+1"],"picked":"Slimebound:Schlurp+1","floor":37.0},{"not_picked":["Slimebound:TongueLash","Slimebound:LeechEnergy"],"picked":"Slimebound:Recollect+1","floor":38.0},{"not_picked":["Slimebound:LeechEnergy+1","Slimebound:SplitAcid+1"],"picked":"Slimebound:Schlurp+1","floor":39.0},{"not_picked":["Slimebound:GrowthPunch","Slimebound:Repurpose+1"],"picked":"Slimebound:AcidTongue+1","floor":40.0},{"not_picked":["Slimebound:Prepare+1","Slimebound:FinishingTackle+1"],"picked":"Slimebound:SplitBruiser+1","floor":42.0},{"not_picked":["Slimebound:DisruptingSlam","Slimebound:AcidTongue"],"picked":"Slimebound:GoopSpray+1","floor":45.0},{"not_picked":["Slimebound:SplitAcid+1","Slimebound:Gluttony"],"picked":"Slimebound:Nibble+1","floor":46.0},{"not_picked":["Slimebound:LivingWall+1","Slimebound:BestDefense+1"],"picked":"Slimebound:SlimeBarrage+1","floor":47.0},{"not_picked":["Slimebound:SplitLeeching+1","Slimebound:PressTheAttack+1"],"picked":"Slimebound:RejuvenatingLick+1","floor":48.0},{"not_picked":["Slimebound:AcidTongue+1","Slimebound:Repurpose+1"],"picked":"Slimebound:MassFeed","floor":49.0},{"not_picked":["Slimebound:RainOfGoop+1","Slimebound:HauntingLick+1"],"picked":"Slimebound:RejuvenatingLick+1","floor":52.0}],"player_experience":818213,"relics_obtained":[{"floor":7.0,"key":"Toxic Egg 2"},{"floor":9.0,"key":"Peace Pipe"},{"floor":12.0,"key":"Whetstone"},{"floor":23.0,"key":"Centennial Puzzle"},{"floor":24.0,"key":"Slimebound:AggressiveSlimeRelic"},{"floor":40.0,"key":"Boot"},{"floor":44.0,"key":"downfall:GremlinWheel"},{"floor":52.0,"key":"Oddly Smooth Stone"}],"event_choices":[{"damage_healed":0.0,"max_hp_gain":0.0,"max_hp_loss":0.0,"gold_gain":0.0,"event_name":"Vampires","player_choice":"Ignored","floor":22.0,"gold_loss":0.0,"damage_taken":0.0},{"damage_healed":0.0,"max_hp_gain":0.0,"max_hp_loss":0.0,"gold_gain":0.0,"event_name":"Wheel of Change","player_choice":"Relic","floor":23.0,"gold_loss":0.0,"damage_taken":0.0},{"damage_healed":31,"gold_gain":0,"player_choice":"Full Heal","damage_taken":0,"max_hp_gain":0,"max_hp_loss":0,"event_name":"Wheel of Change","floor":54,"gold_loss":0}],"is_beta":false,"boss_relics":[{"not_picked":["SlaversCollar","Velvet Choker"],"picked":"SacredBark"},{"not_picked":["Calling Bell","Slimebound:AbsorbEndCombatUpgraded"],"picked":"Cursed Key"}],"items_purged_floors":[],"is_endless":false,"potions_floor_spawned":[5,6,14,16,20,27,29,31,32,33,36,38,46,47,52],"killed_by":"downfall:NeowBossFinal","ascension_level":0}}