{"host":"ox77rn1xcurm2t5a","time":1614258077,"event":{"mods":["2.2 Compatiblity","AchievementEnabler","Act Like it!","Aspiration","BaseMod","Best Route Mod","Better Match","Better Note","Better Sensory Stone","Block Reminder","Colored Map","Colored Powertips","Conjunction","Conspire","Custom Start","Energized Spire","GifTheSpireLib","Gold Saver","Gremlin Skip","Halation","Highlight Path","Hubris","Infinite Spire","Minty Spire (QoL Compilation)","Pale of the Ancients","Quick Restart","Reliquary","Replay The Spire","Reworked Bosses","ShortenTheSpire","Spire Exporter","StSLib","Stuff the Spire","Wandering Minibosses"],"gold_per_floor":[439,142,142,142,155,188,188,216,261,261,291,291,303,5202,5202,5302,5302,5318,5318,5333,5345,5365,5400,5400,5415,5415,5428,5454,5454,5454,5454],"floor_reached":30,"language":"ENG","playtime":868,"items_purged":["Defend_R","Injury"],"score":606,"play_id":"2829da22-9e17-4f36-a70a-ae72b4777a0d","local_time":"20210225150117","is_ascension_mode":true,"campfire_choices":[{"floor":7.0,"key":"RECALL"},{"data":"Bash","floor":15.0,"key":"SMITH"},{"data":"Dropkick","floor":24.0,"key":"SMITH"},{"floor":29.0,"key":"REST"}],"circlet_count":0,"master_deck":["AscendersBane","Strike_R","Strike_R","Strike_R","Strike_R","Strike_R","Defend_R","Defend_R+1","Defend_R","Bash+1","Dropkick+1","Disarm+1","Headbutt+1","Flame Barrier+1","Heavy Blade+1","Dramatic Entrance+1","Cleave+1","Pummel+1","Clash+1","Sword Boomerang+1","Rampage+1","Spot Weakness"],"relics":["Burning Blood","TheAbacus","Molten Egg 2","ReplayFunnel","King of Hearts","Counterbalance","Replay:Ringing Soul","War Paint","reliquary:Tamtam","StuffTheSpire:RunicConfusion","Paper Frog","reliquary:Sideboard","reliquary:TridentHead"],"acts_visited":["Exordium","TheCity"],"potions_floor_usage":[],"damage_taken":[{"damage":15.0,"enemies":"Small Slimes","floor":1.0,"turns":4.0},{"damage":9.0,"enemies":"Jaw Worm","floor":5.0,"turns":3.0},{"damage":47.0,"enemies":"Lagavulin","floor":6.0,"turns":7.0},{"damage":30.0,"enemies":"3 Sentries","floor":8.0,"turns":6.0},{"damage":0.0,"enemies":"Gremlin Nob","floor":11.0,"turns":2.0},{"damage":6.0,"enemies":"2 Louse","floor":13.0,"turns":4.0},{"damage":0.0,"enemies":"Fading Forest","floor":16.0,"turns":1.0},{"damage":20.0,"enemies":"conspire:FuzzyDice","floor":18.0,"turns":5.0},{"damage":22.0,"enemies":"2 Thieves","floor":20.0,"turns":3.0},{"damage":3.0,"enemies":"Snecko","floor":21.0,"turns":5.0},{"damage":17.0,"enemies":"Snake Plant","floor":22.0,"turns":5.0},{"damage":40.0,"enemies":"Book of Stabbing","floor":23.0,"turns":5.0},{"damage":10.0,"enemies":"Cultist and Chosen","floor":25.0,"turns":5.0},{"damage":0.0,"enemies":"Chosen and Byrds","floor":27.0,"turns":4.0},{"damage":22.0,"enemies":"Gremlin Leader","floor":28.0,"turns":4.0},{"damage":57,"enemies":"Book of Stabbing","floor":30,"turns":5}],"seed_played":"-1469785343038787824","potions_obtained":[{"floor":1.0,"key":"Weak Potion"},{"floor":5.0,"key":"Languid Potion"},{"floor":8.0,"key":"FearPotion"},{"floor":13.0,"key":"Swift Potion"},{"floor":18.0,"key":"conspire:TimeTravelPotion"},{"floor":22.0,"key":"ElixirPotion"},{"floor":27.0,"key":"Conjunction:LightningMarble"}],"is_trial":false,"path_per_floor":["M","$","?","?","M","E","R","E","T","?","E","?","M","$","R","B",null,"M","?","M","M","M","E","R","M","T","M","E","R","E"],"character_chosen":"IRONCLAD","items_purchased":["TheAbacus","Disarm","Heavy Blade+1","Replay:Ringing Soul","War Paint","reliquary:Tamtam","Block Potion","Dramatic Entrance+1"],"campfire_rested":1,"item_purchase_floors":[2,2,14,14,14,14,14,14],"current_hp_per_floor":[63,63,78,78,75,34,34,10,10,10,16,16,16,19,19,25,69,58,58,64,70,62,31,31,30,30,36,20,52,0,0],"gold":5454,"neow_bonus":"HUNDRED_GOLD","is_daily":false,"chose_seed":false,"campfire_upgraded":2,"win_rate":0.0,"timestamp":1614258077,"path_taken":["M","$","?","?","M","E","R","E","T","?","E","?","M","$","R","BOSS","M","?","M","?","M","E","R","M","T","M","E","R","E"],"items_purchased_type":["Relic","Card","Card","Relic","Relic","Relic","Potion","Card"],"build_version":"2020-12-22","purchased_purges":2,"victory":false,"max_hp_per_floor":[80,80,80,80,80,80,80,80,80,80,80,80,80,83,83,83,83,86,86,86,89,92,95,95,98,98,98,98,101,101,101],"card_choices":[{"not_picked":["Anger","Havoc"],"picked":"Dropkick","floor":1.0},{"not_picked":["Massacre+1","Twin Strike+1"],"picked":"Headbutt+1","floor":5.0},{"not_picked":["Wild Strike+1","StuffTheSpire:Resist","ReplayReversal"],"picked":"SKIP","floor":6.0},{"not_picked":["Feel No Pain","Rupture","StuffTheSpire:Slingshot+1"],"picked":"SKIP","floor":8.0},{"not_picked":["Body Slam+1","ReplayTheSpireMod:Strike From Hell+1"],"picked":"Flame Barrier","floor":11.0},{"not_picked":["Abandon","ReplayTheSpireMod:Strike From Hell+1","Body Slam+1"],"picked":"SKIP","floor":13.0},{"not_picked":["Armaments","ReplayTheSpireMod:Corrosion Curse"],"picked":"Cleave+1","floor":18.0},{"not_picked":["Entrench","StuffTheSpire:Resist","Heavy Blade+1"],"picked":"SKIP","floor":20.0},{"not_picked":["Inflame","Hemokinesis+1"],"picked":"Pummel+1","floor":21.0},{"not_picked":["Shrug It Off","Wild Strike+1"],"picked":"Clash+1","floor":22.0},{"not_picked":["Power Through","Whirlwind+1"],"picked":"Sword Boomerang+1","floor":23.0},{"not_picked":["Run Through+1","Shrug It Off"],"picked":"Rampage+1","floor":25.0},{"not_picked":["Havoc","Searing Blow+1","Replay:Undeath\u0027s Touch+1"],"picked":"SKIP","floor":27.0},{"not_picked":["StuffTheSpire:Incineration+1","True Grit"],"picked":"Spot Weakness","floor":28.0}],"player_experience":3258273,"relics_obtained":[{"floor":6.0,"key":"ReplayFunnel"},{"floor":8.0,"key":"King of Hearts"},{"floor":11.0,"key":"Counterbalance"},{"floor":23.0,"key":"Paper Frog"},{"floor":26.0,"key":"reliquary:Sideboard"},{"floor":28.0,"key":"reliquary:TridentHead"}],"event_choices":[{"damage_healed":0.0,"max_hp_gain":0.0,"max_hp_loss":0.0,"gold_gain":0.0,"event_name":"Living Wall","player_choice":"Grow","floor":10.0,"gold_loss":0.0,"damage_taken":0.0,"cards_upgraded":["Disarm"]},{"damage_healed":0.0,"max_hp_gain":0.0,"max_hp_loss":0.0,"gold_gain":0.0,"event_name":"conspire:LoneGhost","player_choice":"Disagree","floor":12.0,"gold_loss":0.0,"damage_taken":0.0},{"damage_healed":0.0,"max_hp_gain":0.0,"max_hp_loss":0.0,"gold_gain":0.0,"event_name":"betterNote:BetterNote","player_choice":"Ignored","floor":19.0,"gold_loss":0.0,"damage_taken":0.0,"cards_obtained":["Strike_P"]}],"is_beta":false,"boss_relics":[{"not_picked":["Pandora\u0027s Box","StuffTheSpire:Kangaroo"],"picked":"StuffTheSpire:RunicConfusion"}],"items_purged_floors":[2,14],"is_endless":false,"potions_floor_spawned":[1,5,8,13,18,22,27],"killed_by":"Book of Stabbing","ascension_level":12}}