{"host":"r6jigiblrojhp6xe","time":1614247917,"event":{"mods":["AchievementEnabler","BaseMod","DeckTracker","Hermit","Minty Spire (QoL Compilation)","Quick Restart","Rare Cards Sparkle","Relic Stats","StSLib","SuperFastMode","everything is the same but u backflip on backflip"],"gold_per_floor":[116,166,91,102,117,117,149,149,149,149,175,175,208,220,220,291,291,304,354,373,184,200,200,213,231,231,231,231,231],"floor_reached":28,"language":"KOR","playtime":808,"items_purged":["Defend_G","Strike_G"],"score":476,"play_id":"7d49404b-3dc2-4098-970a-747d3b498070","local_time":"20210225191157","is_ascension_mode":true,"campfire_choices":[{"data":"Dash","floor":6.0,"key":"SMITH"},{"floor":10.0,"key":"REST"},{"data":"Dagger Throw","floor":12.0,"key":"SMITH"},{"data":"Quick Slash","floor":15.0,"key":"SMITH"},{"data":"Noxious Fumes","floor":23,"key":"SMITH"},{"floor":27,"key":"REST"}],"circlet_count":0,"master_deck":["AscendersBane","Strike_G","Strike_G","Strike_G","Strike_G","Defend_G","Defend_G","Defend_G","Defend_G","Survivor","Neutralize","Dagger Throw+1","Backflip","Dash+1","Quick Slash+1","Crippling Poison","Adrenaline","Eviscerate","Backflip+1","Noxious Fumes+1","Bouncing Flask","Dagger Throw","Masterful Stab"],"relics":["Ring of the Snake","NeowsBlessing","Pocketwatch","StoneCalendar","Ginger","Mango","HoveringKite","FossilizedHelix"],"acts_visited":["Exordium","TheCity"],"potions_floor_usage":[16,28,28],"damage_taken":[{"damage":0.0,"enemies":"2 Louse","floor":1.0,"turns":1.0},{"damage":0.0,"enemies":"Cultist","floor":4.0,"turns":1.0},{"damage":0.0,"enemies":"Jaw Worm","floor":5.0,"turns":1.0},{"damage":34.0,"enemies":"3 Sentries","floor":7.0,"turns":13.0},{"damage":7.0,"enemies":"Lagavulin","floor":11.0,"turns":7.0},{"damage":11.0,"enemies":"Gremlin Nob","floor":13.0,"turns":4.0},{"damage":2.0,"enemies":"Exordium Wildlife","floor":14.0,"turns":3.0},{"damage":19,"enemies":"Slime Boss","floor":16,"turns":7},{"damage":15,"enemies":"3 Byrds","floor":18,"turns":5},{"damage":14,"enemies":"2 Thieves","floor":20,"turns":4},{"damage":8,"enemies":"Centurion and Healer","floor":22,"turns":7},{"damage":0,"enemies":"Snecko","floor":24,"turns":4},{"damage":19,"enemies":"Snake Plant","floor":25,"turns":4},{"damage":31,"enemies":"Slavers","floor":28,"turns":4}],"seed_played":"-6672693681361236701","potions_obtained":[{"floor":5.0,"key":"Ancient Potion"},{"floor":11.0,"key":"LiquidMemories"},{"floor":16,"key":"Ancient Potion"},{"floor":22,"key":"GhostInAJar"},{"floor":25,"key":"Weak Potion"}],"is_trial":false,"path_per_floor":["M","?","$","M","M","R","E","?","T","R","E","R","E","M","R","B",null,"M","?","M","$","M","R","M","M","T","R","E"],"character_chosen":"THE_SILENT","items_purchased":["Noxious Fumes"],"campfire_rested":2,"item_purchase_floors":[21],"current_hp_per_floor":[59,53,53,53,53,53,19,19,19,38,31,31,34,32,32,13,63,48,48,34,34,26,26,26,7,7,31,0,0],"gold":231,"neow_bonus":"THREE_ENEMY_KILL","is_daily":false,"chose_seed":false,"campfire_upgraded":4,"win_rate":0.0,"timestamp":1614247917,"path_taken":["M","?","$","M","?","R","E","?","T","R","E","R","E","M","R","BOSS","M","?","M","$","?","R","M","M","T","R","E"],"items_purchased_type":["Card"],"build_version":"2020-12-22","purchased_purges":2,"victory":false,"max_hp_per_floor":[66,66,66,66,66,66,66,66,66,66,66,66,80,80,80,80,80,80,80,80,80,80,80,80,80,80,80,80,80],"relic_stats":{"counters":[14,65],"HoveringKite":[13],"StoneCalendar":[117],"Ginger":[6],"obtain_stats":[{"NeowsBlessing":0,"HoveringKite":17,"StoneCalendar":9,"Mango":13,"Ginger":11,"FossilizedHelix":26,"Ring of the Snake":0,"Pocketwatch":7},{"NeowsBlessing":0,"HoveringKite":8,"StoneCalendar":4,"Mango":6,"Ginger":5,"FossilizedHelix":13,"Ring of the Snake":0,"Pocketwatch":4},{"NeowsBlessing":0,"HoveringKite":37,"StoneCalendar":16,"Mango":27,"Ginger":23,"FossilizedHelix":61,"Ring of the Snake":0,"Pocketwatch":16}],"Ring of the Snake":[28],"Pocketwatch":[93]},"card_choices":[{"not_picked":["Acrobatics","Outmaneuver"],"picked":"Dagger Throw","floor":1.0},{"not_picked":["Dagger Spray","Underhanded Strike"],"picked":"Backflip","floor":4.0},{"not_picked":["Backstab","Dodge and Roll"],"picked":"Dash","floor":5.0},{"not_picked":["Bullet Time","Backstab","Infinite Blades"],"picked":"SKIP","floor":7.0},{"not_picked":["All Out Attack","PiercingWail","Deadly Poison"],"picked":"SKIP","floor":11.0},{"not_picked":["Underhanded Strike","Backflip"],"picked":"Quick Slash","floor":13.0},{"not_picked":["Setup","Outmaneuver"],"picked":"Crippling Poison","floor":14.0},{"not_picked":["Burst","Die Die Die"],"picked":"Adrenaline","floor":16},{"not_picked":["Slice","Underhanded Strike"],"picked":"Eviscerate","floor":18},{"not_picked":["Endless Agony","Quick Slash"],"picked":"Backflip+1","floor":20},{"not_picked":["Setup","Backflip"],"picked":"Bouncing Flask","floor":22},{"not_picked":["Bane","Poisoned Stab"],"picked":"Dagger Throw","floor":24},{"not_picked":["Flying Knee","Unload"],"picked":"Masterful Stab","floor":25}],"player_experience":620909,"relics_obtained":[{"floor":7.0,"key":"Pocketwatch"},{"floor":9.0,"key":"StoneCalendar"},{"floor":11.0,"key":"Ginger"},{"floor":13.0,"key":"Mango"},{"floor":26,"key":"FossilizedHelix"}],"event_choices":[{"damage_healed":0.0,"max_hp_gain":0.0,"max_hp_loss":0.0,"gold_gain":50.0,"event_name":"FaceTrader","player_choice":"Touch","floor":2.0,"gold_loss":0.0,"damage_taken":6.0},{"damage_healed":0.0,"max_hp_gain":0.0,"max_hp_loss":0.0,"gold_gain":0.0,"event_name":"Dead Adventurer","player_choice":"Searched \u00270\u0027 times","floor":8.0,"gold_loss":0.0,"damage_taken":0.0},{"damage_healed":0,"gold_gain":100,"player_choice":"Bet on Murderer","damage_taken":0,"max_hp_gain":0,"max_hp_loss":0,"event_name":"The Joust","floor":19,"gold_loss":50}],"is_beta":false,"boss_relics":[{"not_picked":["Ring of the Serpent","Ectoplasm"],"picked":"HoveringKite"}],"items_purged_floors":[3,21],"is_endless":false,"potions_floor_spawned":[5,11,16,22,25],"killed_by":"Slavers","ascension_level":20}}