{"host":"1e3ivg30op4goso1","time":1614262062,"event":{"mods":["AchievementEnabler","Ascension Unlocker","BaseMod","Colored Map","Minty Spire (QoL Compilation)","Permanent Neow","Quick Restart","Relic Filter","StSLib","SuperFastMode"],"gold_per_floor":[111,43,43,43,43,83,97,97,148,148,168,239,239,189,189,309,309,333,333,358,278,296,296,310,310,379,379,393,10,33,52,52,175,175,175,175,199,84,147,147,165,165,165,165,189,140,140,184,184,184],"floor_reached":51,"language":"ENG","playtime":1727,"items_purged":["Strike_G"],"score":1010,"play_id":"ab7a8df3-9321-42ac-a3a0-a96dd29c5911","local_time":"20210225090742","is_ascension_mode":true,"campfire_choices":[{"data":"Neutralize","floor":8.0,"key":"SMITH"},{"floor":13.0,"key":"REST"},{"data":"Choke","floor":15.0,"key":"SMITH"},{"data":"Infinite Blades","floor":23.0,"key":"SMITH"},{"floor":25.0,"key":"REST"},{"data":"After Image","floor":32.0,"key":"SMITH"},{"floor":40.0,"key":"REST"},{"data":"Cloak And Dagger","floor":44.0,"key":"SMITH"},{"data":"Blade Dance","floor":49.0,"key":"SMITH"}],"circlet_count":0,"master_deck":["AscendersBane","Defend_G+1","Defend_G","Defend_G","Defend_G+1","Survivor","Neutralize+1","Infinite Blades","Choke+1","Iron Wave+1","Infinite Blades+1","After Image+1","Blade Dance","Choke+1","Accuracy","Blade Dance+1","Cloak And Dagger+1","Accuracy","Burst+1","Accuracy+1","Parasite","Blade Dance+1","Madness"],"relics":["WristBlade","Golden Idol","Pear","Toy Ornithopter","Torii","Empty Cage","Meat on the Bone","Vajra","Membership Card","Molten Egg 2","Whetstone","SacredBark","Nunchaku","WingedGreaves","Unceasing Top","Lizard Tail"],"acts_visited":["Exordium","TheCity","TheBeyond"],"potions_floor_usage":[50],"damage_taken":[{"damage":14.0,"enemies":"Cultist","floor":1.0,"turns":6.0},{"damage":9.0,"enemies":"Lagavulin","floor":6.0,"turns":7.0},{"damage":7.0,"enemies":"Jaw Worm","floor":7.0,"turns":4.0},{"damage":9.0,"enemies":"Small Slimes","floor":11.0,"turns":4.0},{"damage":26.0,"enemies":"Lagavulin Event","floor":12.0,"turns":6.0},{"damage":35.0,"enemies":"The Guardian","floor":16.0,"turns":9.0},{"damage":14.0,"enemies":"Shell Parasite","floor":18.0,"turns":5.0},{"damage":10.0,"enemies":"Chosen","floor":20.0,"turns":6.0},{"damage":7.0,"enemies":"Snake Plant","floor":22.0,"turns":4.0},{"damage":15.0,"enemies":"Shelled Parasite and Fungi","floor":24.0,"turns":4.0},{"damage":9.0,"enemies":"Snecko","floor":28.0,"turns":3.0},{"damage":24.0,"enemies":"Snake Plant","floor":30.0,"turns":3.0},{"damage":6.0,"enemies":"Chosen and Byrds","floor":31.0,"turns":4.0},{"damage":25.0,"enemies":"Champ","floor":33.0,"turns":8.0},{"damage":0.0,"enemies":"3 Shapes","floor":35.0,"turns":1.0},{"damage":3.0,"enemies":"Orb Walker","floor":37.0,"turns":4.0},{"damage":57.0,"enemies":"2 Orb Walkers","floor":39.0,"turns":5.0},{"damage":31.0,"enemies":"Transient","floor":41.0,"turns":5.0},{"damage":19.0,"enemies":"Writhing Mass","floor":45.0,"turns":5.0},{"damage":17.0,"enemies":"Nemesis","floor":48.0,"turns":7.0},{"damage":95,"enemies":"Awakened One","floor":50,"turns":9}],"seed_played":"668558644117196003","potions_obtained":[{"floor":1.0,"key":"AttackPotion"},{"floor":6.0,"key":"CultistPotion"},{"floor":20.0,"key":"AttackPotion"},{"floor":28.0,"key":"Regen Potion"},{"floor":30.0,"key":"SmokeBomb"},{"floor":39.0,"key":"Block Potion"},{"floor":48.0,"key":"Strength Potion"}],"is_trial":false,"path_per_floor":["M","$","?","?","?","E","M","R","T","?","M","?","R","?","R","B",null,"M","?","M","$","M","R","M","R","T","?","M","$","M","M","R","B",null,"M","?","M","$","?","R","M","?","T","R","M","$","?","E","R","B",null],"character_chosen":"THE_SILENT","items_purchased":["Infinite Blades","Accuracy","Membership Card","Accuracy","Molten Egg 2","Whetstone","Nunchaku","Madness"],"campfire_rested":3,"item_purchase_floors":[2,21,29,29,29,29,38,46],"current_hp_per_floor":[49,49,70,56,56,57,50,50,50,50,41,15,37,37,37,7,58,44,44,34,34,32,32,17,39,39,39,42,42,30,36,36,23,62,67,67,64,64,19,41,27,27,27,27,20,20,20,53,53,26],"gold":184,"neow_bonus":"BOSS_RELIC","is_daily":false,"chose_seed":false,"campfire_upgraded":6,"win_rate":0.0,"timestamp":1614262062,"path_taken":["M","$","?","?","?","E","M","R","T","?","?","?","R","?","R","BOSS","M","?","M","$","M","R","M","R","T","?","M","$","M","M","R","BOSS","M","?","?","$","?","R","M","?","T","R","?","$","?","E","R","BOSS"],"items_purchased_type":["Card","Card","Relic","Card","Relic","Relic","Relic","Card"],"build_version":"2020-12-22","purchased_purges":1,"victory":true,"max_hp_per_floor":[70,70,70,70,65,75,75,75,75,75,75,75,75,75,75,75,75,75,75,75,75,75,75,75,75,75,75,75,75,75,75,75,75,75,75,75,75,75,75,75,75,75,75,75,75,75,75,75,75,75],"card_choices":[{"not_picked":["Quick Slash","Reflex","Well Laid Plans"],"picked":"SKIP","floor":1.0},{"not_picked":["Backflip","Prepared"],"picked":"Choke","floor":6.0},{"not_picked":["Noxious Fumes","Acrobatics","Quick Slash"],"picked":"SKIP","floor":7.0},{"not_picked":["Dagger Throw","Bouncing Flask","Deflect"],"picked":"SKIP","floor":11.0},{"not_picked":["Backflip","Outmaneuver"],"picked":"Infinite Blades","floor":12.0},{"not_picked":["Envenom","Glass Knife"],"picked":"After Image","floor":16.0},{"not_picked":["Dodge and Roll+1","All Out Attack"],"picked":"Blade Dance","floor":18.0},{"not_picked":["Prepared","Skewer+1","Dagger Throw"],"picked":"SKIP","floor":20.0},{"not_picked":["Tactician","Backstab"],"picked":"Blade Dance+1","floor":22.0},{"not_picked":["Deadly Poison","Calculated Gamble"],"picked":"Cloak And Dagger","floor":24.0},{"not_picked":["Sucker Punch+1","Eviscerate","Underhanded Strike"],"picked":"SKIP","floor":28.0},{"not_picked":["Deflect","Prepared","Backflip"],"picked":"SKIP","floor":30.0},{"not_picked":["Dodge and Roll","Acrobatics+1","Bane+1"],"picked":"SKIP","floor":31.0},{"not_picked":["Night Terror","Unload+1"],"picked":"Burst","floor":33.0},{"not_picked":["Quick Slash+1","Slice+1","Flying Knee+1"],"picked":"SKIP","floor":37.0},{"not_picked":["Sucker Punch+1","Dagger Throw+1"],"picked":"Accuracy","floor":39.0},{"not_picked":["Dagger Throw+1","PiercingWail"],"picked":"Accuracy+1","floor":41.0},{"not_picked":["Dash+1","Crippling Poison"],"picked":"Blade Dance","floor":45.0},{"not_picked":["Outmaneuver+1","Backflip+1","Tactician"],"picked":"SKIP","floor":48.0}],"player_experience":39001,"relics_obtained":[{"floor":6.0,"key":"Pear"},{"floor":9.0,"key":"Toy Ornithopter"},{"floor":26.0,"key":"Meat on the Bone"},{"floor":39.0,"key":"WingedGreaves"},{"floor":43.0,"key":"Unceasing Top"},{"floor":48.0,"key":"Lizard Tail"}],"event_choices":[{"damage_healed":23.0,"max_hp_gain":0.0,"max_hp_loss":0.0,"gold_gain":0.0,"event_name":"Big Fish","player_choice":"Banana","floor":3.0,"gold_loss":0.0,"damage_taken":0.0},{"damage_healed":0.0,"max_hp_gain":0.0,"max_hp_loss":0.0,"gold_gain":0.0,"event_name":"Shining Light","player_choice":"Entered Light","floor":4.0,"gold_loss":0.0,"damage_taken":14.0,"cards_upgraded":["Defend_G","Defend_G"]},{"damage_healed":0.0,"max_hp_gain":0.0,"max_hp_loss":5.0,"gold_gain":0.0,"event_name":"Golden Idol","player_choice":"Lose Max HP","floor":5.0,"gold_loss":0.0,"damage_taken":0.0,"relics_obtained":["Golden Idol"]},{"cards_removed":["Strike_G"],"damage_healed":0.0,"max_hp_gain":0.0,"max_hp_loss":0.0,"gold_gain":0.0,"event_name":"NoteForYourself","player_choice":"Took Card","floor":10.0,"gold_loss":0.0,"damage_taken":0.0,"cards_obtained":["Iron Wave"]},{"damage_healed":0.0,"max_hp_gain":0.0,"max_hp_loss":0.0,"gold_gain":0.0,"event_name":"Dead Adventurer","player_choice":"Searched \u00272\u0027 times","floor":12.0,"gold_loss":0.0,"damage_taken":0.0,"relics_obtained":["Torii"]},{"cards_removed":["Strike_G"],"damage_healed":0.0,"max_hp_gain":0.0,"max_hp_loss":0.0,"gold_gain":0.0,"event_name":"The Cleric","player_choice":"Card Removal","floor":14.0,"gold_loss":50.0,"damage_taken":0.0},{"damage_healed":0.0,"max_hp_gain":0.0,"max_hp_loss":0.0,"gold_gain":0.0,"event_name":"The Library","player_choice":"Read","floor":19.0,"gold_loss":0.0,"damage_taken":0.0,"cards_obtained":["Choke"]},{"damage_healed":0.0,"max_hp_gain":0.0,"max_hp_loss":0.0,"gold_gain":0.0,"event_name":"The Mausoleum","player_choice":"Opened","floor":27.0,"gold_loss":0.0,"damage_taken":0.0,"relics_obtained":["Vajra"]},{"damage_healed":0.0,"max_hp_gain":0.0,"max_hp_loss":0.0,"gold_gain":0.0,"event_name":"Accursed Blacksmith","player_choice":"Forge","floor":36.0,"gold_loss":0.0,"damage_taken":0.0,"cards_upgraded":["Burst"]},{"damage_healed":0.0,"max_hp_gain":0.0,"max_hp_loss":0.0,"gold_gain":0.0,"event_name":"Mysterious Sphere","player_choice":"Fight","floor":39.0,"gold_loss":0.0,"damage_taken":0.0},{"cards_removed":["Defend_G"],"damage_healed":0.0,"max_hp_gain":0.0,"max_hp_loss":0.0,"gold_gain":0.0,"event_name":"Bonfire Elementals","player_choice":"Offered Basic","floor":42.0,"gold_loss":0.0,"damage_taken":0.0},{"cards_removed":["Accuracy"],"damage_healed":0.0,"max_hp_gain":0.0,"max_hp_loss":0.0,"gold_gain":0.0,"event_name":"Falling","player_choice":"Removed Power","floor":47.0,"gold_loss":0.0,"damage_taken":0.0}],"is_beta":false,"boss_relics":[{"not_picked":["Philosopher\u0027s Stone","Cursed Key"],"picked":"Empty Cage"},{"not_picked":["Runic Pyramid","Fusion Hammer"],"picked":"SacredBark"}],"items_purged_floors":[38],"is_endless":false,"potions_floor_spawned":[1,6,20,28,30,39,48],"ascension_level":10}}