{"host":"1q3j0ei39r3fhrcd","time":1614277650,"event":{"mods":["2.2 Compatiblity","Astrologer","Bard","Bartender","BaseMod","Beaked The Cultist","Better Note","Better Skull","Better Third Choice","BetterRewards","Challenge The Spire","Clockwork Mod","Conspire","Dio Mod","Downfall","Duelist Mod","Gremlin Mod","GungeonMod","Hermit","Hubris","Infinite Spire","Jorbs\u0027s Wanderer Trilogy","Marisa????????","Minty Spire (QoL Compilation)","Replay The Spire","Robot Space Explorer","SIMod","Shop Mod","Somnambulant","Spicy Shops","Spire Arcade","StSLib","The Blackbeard","The Bug Knight","The Clintock","The Construct","The Cursed","The Death Knight","The Disciple","The Dragon Tamer","The Druid","The Forsaken","The Hierophant","The Judge","The Mystic","The Necromancer","The Runesmith","The Sage","The Servant 0.9.4","The Showman","The Valiant","The Vixen","The Wild Card","The Witch","TheFirefly","Yuri Mod","[IsaacMod]????","thorton"],"gold_per_floor":[117,117,132,142,92,92,124,184,211,23,432,445,445,463,630,741,741,1036,782,796,796,848,848,874,874,874,874,874,901,912,1261,1261,1356,1356,1454,1560,1679,1679,1802,1969,1969,2111,2136,2143,2143,2150,2204,2396,2396,2410],"floor_reached":51,"language":"ENG","playtime":3707,"items_purged":["theWildCard:BasicDefend","theWildCard:BasicStrike","theWildCard:BasicStrike"],"score":1207,"play_id":"8204988e-38c9-40b3-9747-b159138d653e","local_time":"20210225192730","is_ascension_mode":false,"campfire_choices":[{"data":"theWildCard:PowerOfTheArcana","floor":6,"key":"SMITH"},{"floor":11,"key":"REST"},{"data":"theWildCard:Providence","floor":13,"key":"SMITH"},{"data":"theWildCard:Patience","floor":15,"key":"SMITH"},{"data":"theWildCard:ArchaicAssault","floor":23,"key":"SMITH"},{"data":"theWildCard:Caesar","floor":27,"key":"SMITH"},{"data":"theWildCard:PowerOfTheArcana","floor":32,"key":"SMITH"},{"data":"theWildCard:Abstinence","floor":41,"key":"SMITH"},{"data":"Discovery","floor":49,"key":"SMITH"}],"circlet_count":0,"master_deck":["theWildCard:BasicStrike","theWildCard:BasicDefend+1","theWildCard:BasicDefend+1","theWildCard:BasicDefend+1","theWildCard:CallToAdventure+1","theWildCard:Arsene","theWildCard:ArcaneArts","theWildCard:PowerOfTheArcana+1","theWildCard:Patience+1","theWildCard:Providence+1","theWildCard:EnergizedStroke","theWildCard:Caesar+1","AbeCurse","theWildCard:ArchaicAssault+1","theWildCard:PowerOfTheArcana+1","theWildCard:Abstinence+1","theWildCard:TheArcanaUnleashed","theWildCard:ArcaneArts+1","theWildCard:Abstinence+1","Replay:BasicMightCard","Secret Technique","Discovery+1"],"relics":["theWildCard:VelvetContract","HushsDoor","BookOfRevelations","hubris:Icosahedron","Kunai","SalivaCoin","hubris:OldNail","theForsaken:Lifeblossom","Anchor","Habit","Abe\u0027s Treasure","Vajra","Replay:Bottled Eggs","BloodBag","infinitespire:EvilPickle","Philosopher\u0027s Stone","Runesmith:Nanobots","HowToJump","Blue Candle","HornCleat","CatCart","GuppysTail"],"acts_visited":["Exordium","TheCity","TheBeyond"],"potions_floor_usage":[7,8,18,24,33,35,47,50,50],"damage_taken":[{"damage":0,"enemies":"Small Slimes","floor":1,"turns":4},{"damage":0,"enemies":"conspire:RoseBush","floor":3,"turns":2},{"damage":0,"enemies":"2 Louse","floor":4,"turns":2},{"damage":0,"enemies":"HollowMod:MossKnight","floor":7,"turns":5},{"damage":0,"enemies":"Lagavulin Event","floor":8,"turns":5},{"damage":0,"enemies":"Red Slaver","floor":12,"turns":3},{"damage":0,"enemies":"Looter","floor":14,"turns":2},{"damage":0,"enemies":"Slime Boss","floor":16,"turns":7},{"damage":0,"enemies":"3 Byrds","floor":18,"turns":4},{"damage":0,"enemies":"Chosen","floor":20,"turns":4},{"damage":0,"enemies":"Snake Plant","floor":24,"turns":3},{"damage":0,"enemies":"Snecko","floor":29,"turns":4},{"damage":0,"enemies":"3 Cultists","floor":30,"turns":2},{"damage":0,"enemies":"Centurion and Healer","floor":31,"turns":6},{"damage":0,"enemies":"Pondfish","floor":33,"turns":8},{"damage":0,"enemies":"3 Darklings","floor":35,"turns":5},{"damage":0,"enemies":"3 Shapes","floor":36,"turns":5},{"damage":0,"enemies":"Spire Growth","floor":37,"turns":5},{"damage":0,"enemies":"Writhing Mass","floor":39,"turns":4},{"damage":0,"enemies":"Nightmare","floor":40,"turns":7},{"damage":0,"enemies":"3 Darklings","floor":42,"turns":6},{"damage":0,"enemies":"Orin","floor":47,"turns":9},{"damage":0,"enemies":"Giant Head","floor":48,"turns":5},{"damage":0,"enemies":"Time Eater","floor":50,"turns":13}],"seed_played":"7384557770010497615","potions_obtained":[{"floor":1,"key":"DuplicationPotion"},{"floor":7,"key":"PowerPotion"},{"floor":8,"key":"Reflective Coating"},{"floor":12,"key":"Elixir"},{"floor":20,"key":"champ:CounterPotion"},{"floor":24,"key":"LiquidBronze"},{"floor":31,"key":"Guardian:BlockOnCardUsePotion"},{"floor":33,"key":"Swift Potion"},{"floor":37,"key":"sneckomod:MuddlingPotion"},{"floor":42,"key":"PowerPotion"},{"floor":48,"key":"Strength Potion"}],"is_trial":false,"path_per_floor":["M","?","M","M","?","R","E","?","T","$","R","M","R","M","R","B",null,"M","$","M","?","?","R","M","?","T","R","?","M","M","M","R","B",null,"M","M","M","AVR","M","NM","R","M","T","?","T","?","?","E","R","B",null],"character_chosen":"THE_WILD_CARD","items_purchased":["hubris:OldNail","theForsaken:Lifeblossom","Anchor","Habit","Vajra"],"campfire_rested":1,"item_purchase_floors":[10,10,10,10,19],"current_hp_per_floor":[60,60,60,60,60,60,60,60,60,22,15,22,22,27,15,25,60,45,45,55,55,40,40,47,47,47,47,47,56,60,51,51,63,67,67,67,67,67,67,67,67,67,67,62,62,52,62,67,67,67],"gold":2410,"neow_bonus":"UPGRADE_CARD","is_daily":false,"chose_seed":false,"campfire_upgraded":8,"win_rate":0.0,"timestamp":1614277650,"path_taken":["M","?","?","M","?","R","E","?","T","$","R","M","R","?","R","BOSS","M","$","M","?","?","R","M","?","T","R","?","?","M","M","R","BOSS","M","M","M","AVR","M","NM","R","M","T","?","?","?","?","E","R","BOSS"],"items_purchased_type":["Relic","Relic","Relic","Relic","Relic"],"build_version":"2020-12-22","purchased_purges":3,"victory":true,"max_hp_per_floor":[60,60,60,60,60,60,60,60,60,60,60,60,60,60,60,60,60,60,60,60,60,60,60,60,60,60,60,60,60,60,67,67,67,67,67,67,67,67,67,67,67,67,67,67,67,67,67,67,67,67],"card_choices":[{"not_picked":["theWildCard:SeveringSlash","theWildCard:SacrificialStroke"],"picked":"theWildCard:ArcaneArts","floor":1},{"not_picked":["theWildCard:Deicide","theWildCard:BladeOfGenerations"],"picked":"theWildCard:PowerOfTheArcana","floor":3},{"not_picked":["theWildCard:BladeOfGenerations","theWildCard:ArcaneArts"],"picked":"theWildCard:Patience","floor":4},{"not_picked":["theWildCard:Patience","theWildCard:Michael"],"picked":"theWildCard:Providence","floor":7},{"not_picked":["theWildCard:SeveringSlash","theWildCard:MagicalMight"],"picked":"theWildCard:EnergizedStroke","floor":8},{"not_picked":["theWildCard:ArcaneArts","theWildCard:EnergizedStroke","theWildCard:Impatience"],"picked":"SKIP","floor":12},{"not_picked":["theWildCard:Desolation","theWildCard:ArcaneArts"],"picked":"Bomb","floor":14},{"not_picked":["theWildCard:FuelForTheFire","theWildCard:Thanatos"],"picked":"theWildCard:Caesar","floor":16},{"not_picked":["theWildCard:EnergizedStroke","theWildCard:UnderLockAndKey+1"],"picked":"theWildCard:ArchaicAssault","floor":18},{"not_picked":["theWildCard:Safeguard","theWildCard:Proficiency"],"picked":"theWildCard:PowerOfTheArcana","floor":20},{"not_picked":["theWildCard:StalwartBlade","theWildCard:Attunement"],"picked":"theWildCard:Abstinence+1","floor":24},{"not_picked":["theWildCard:LadyLuck","theWildCard:MaskChange+1","theWildCard:SeveringSlash"],"picked":"SKIP","floor":29},{"not_picked":["theWildCard:Patience+1","theWildCard:Impatience","theWildCard:StingingStrike+1"],"picked":"SKIP","floor":30},{"not_picked":["theWildCard:MasterPlan","theWildCard:ArcanaArtistry","theWildCard:StalwartBlade"],"picked":"SKIP","floor":31},{"not_picked":["theWildCard:Desolation","theWildCard:Amaterasu"],"picked":"theWildCard:TheArcanaUnleashed","floor":33},{"not_picked":["theWildCard:Attunement+1","theWildCard:Michael"],"picked":"theWildCard:ArcaneArts+1","floor":35},{"not_picked":["theWildCard:ArcaneArts+1","theWildCard:SeveringSlash"],"picked":"theWildCard:Abstinence","floor":36},{"not_picked":["theWildCard:Sakuya+1","theWildCard:Odin","theWildCard:Attunement+1"],"picked":"SKIP","floor":37},{"not_picked":["theWildCard:Metatron+1","theWildCard:LadyLuck","theWildCard:StingingStrike+1"],"picked":"SKIP","floor":39},{"not_picked":["theWildCard:Providence","theWildCard:MagicalMight+1","theWildCard:Patience+1"],"picked":"SKIP","floor":40},{"not_picked":["theWildCard:SeveringSlash+1","theWildCard:Sakuya","theWildCard:Amaterasu"],"picked":"SKIP","floor":42},{"not_picked":["DoctorFetus","CMC"],"picked":"Replay:BasicMightCard","floor":46},{"not_picked":["BettingIsNotGood","Crow Ritual"],"picked":"Secret Technique","floor":46},{"not_picked":["Good Instincts","Dark Shackles"],"picked":"Discovery","floor":46},{"not_picked":["theWildCard:EnergizedStroke","theWildCard:UnendingRitual","theWildCard:Patience+1"],"picked":"SKIP","floor":48},{"not_picked":["theWildCard:EnergizedStroke","theWildCard:UnendingRitual","theWildCard:Patience+1"],"picked":"SKIP","floor":48}],"player_experience":1798685,"relics_obtained":[{"floor":7,"key":"Kunai"},{"floor":8,"key":"BloodDonationMachine"},{"floor":9,"key":"SalivaCoin"},{"floor":26,"key":"Replay:Bottled Eggs"},{"floor":40,"key":"Runesmith:Nanobots"},{"floor":43,"key":"HowToJump"},{"floor":45,"key":"HornCleat"},{"floor":47,"key":"CatCart"},{"floor":48,"key":"GuppysTail"}],"event_choices":[{"cards_removed":["theWildCard:BasicStrike"],"damage_healed":0,"gold_gain":0,"player_choice":"Card Removal","damage_taken":0,"max_hp_gain":0,"max_hp_loss":0,"event_name":"The Cleric","floor":5,"gold_loss":50},{"damage_healed":0,"gold_gain":0,"player_choice":"Searched \u00271\u0027 times","damage_taken":0,"max_hp_gain":0,"max_hp_loss":0,"event_name":"Dead Adventurer","floor":8,"gold_loss":0},{"damage_healed":0,"gold_gain":0,"player_choice":"Ignored","damage_taken":0,"max_hp_gain":0,"max_hp_loss":0,"event_name":"betterNote:BetterNote","floor":21,"gold_loss":0,"cards_obtained":["DemoMod:FinishedGun"]},{"damage_healed":0,"gold_gain":0,"player_choice":"Ignored","damage_taken":0,"max_hp_gain":0,"max_hp_loss":0,"event_name":"Vampires","floor":25,"gold_loss":0},{"damage_healed":0,"gold_gain":0,"player_choice":"Leave","damage_taken":0,"max_hp_gain":0,"max_hp_loss":0,"event_name":"conspire:Investor","floor":28,"gold_loss":0},{"damage_healed":0,"gold_gain":0,"player_choice":"Memory 3","damage_taken":10,"max_hp_gain":0,"max_hp_loss":0,"event_name":"SensoryStone","floor":46,"gold_loss":0},{"damage_healed":0,"gold_gain":0,"player_choice":"Fight","damage_taken":0,"max_hp_gain":0,"max_hp_loss":0,"event_name":"OrinTheCat","floor":47,"gold_loss":0}],"is_beta":false,"boss_relics":[{"not_picked":["Silver_Glasses","conspire:SlowCooker"],"picked":"Abe\u0027s Treasure"},{"not_picked":[]},{"not_picked":["SacredBark","Kintsugi"],"picked":"Philosopher\u0027s Stone"},{"not_picked":[]}],"items_purged_floors":[10,19,38],"is_endless":false,"potions_floor_spawned":[1,7,8,12,20,24,31,33,37,39,42,48],"ascension_level":0}}