{"host":"sc0o2qwpf9j16a4i","time":1614283757,"event":{"mods":["AchievementEnabler","BaseMod","BetterRewards","Block Reminder","Colored Map","Colored Powertips","Custom Start","Highlight Path","Minty Spire (QoL Compilation)","Relic Stats"],"gold_per_floor":[113,113,37,57,57,83,83,111,111,136,101,127,127,143,143,244,244,261,271,290,310,310,344,344,369,369,399,349,383,308,308,308,410,410,427,29,47,47,47,81,81,114,114,139,189,219,232,82,82,82],"floor_reached":51,"language":"ENG","playtime":2609,"items_purged":["Pain"],"score":1165,"play_id":"ad0a3e45-dd42-4247-9954-ec1f30d0ee4f","local_time":"20210225220917","daily_mods":["Specialized","Red Cards","Elite Swarm"],"is_ascension_mode":false,"campfire_choices":[{"floor":7,"key":"REST"},{"data":"Malaise","floor":15,"key":"SMITH"},{"data":"1","floor":24,"key":"LIFT"},{"floor":32,"key":"REST"},{"data":"2","floor":41,"key":"LIFT"},{"data":"3","floor":49,"key":"LIFT"}],"circlet_count":0,"master_deck":["Strike_G+1","Strike_G+1","Strike_G+1","Strike_G+1","Strike_G+1","Defend_G+1","Defend_G+1","Defend_G+1","Defend_G+1","Defend_G+1","Survivor","Neutralize+1","Corpse Explosion","Corpse Explosion","Corpse Explosion","Corpse Explosion","Corpse Explosion+1","Shrug It Off","Backstab","Dodge and Roll","Feed","Impervious","Malaise+1","Malaise","Footwork","Venomology","Impervious","Impervious","Feed","Spot Weakness+1","Prepared+1","Madness+1","Madness+1","Finesse+1","Dark Shackles+1","Madness+1","Bullet Time+1","PiercingWail+1","Feed+1"],"relics":["Ring of the Snake","Girya","Juzu Bracelet","Ninja Scroll","Ornamental Fan","Bag of Preparation","Runic Pyramid","WarpedTongs","PreservedInsect","StrikeDummy","Potion Belt","Lantern","Regal Pillow","SacredBark","Sling","Toxic Egg 2","Akabeko","Meat on the Bone","War Paint","Molten Egg 2","Tough Bandages","Shuriken","Lee\u0027s Waffle"],"acts_visited":["Exordium","TheCity","TheBeyond"],"potions_floor_usage":[10,23,33,33,33,42,44,44,45,45,45,50,50,50],"damage_taken":[{"damage":3,"enemies":"Jaw Worm","floor":1,"turns":4},{"damage":0,"enemies":"2 Louse","floor":4,"turns":1},{"damage":23,"enemies":"3 Sentries","floor":6,"turns":5},{"damage":20,"enemies":"Lagavulin","floor":8,"turns":8},{"damage":12,"enemies":"Gremlin Nob","floor":10,"turns":3},{"damage":0,"enemies":"3 Sentries","floor":12,"turns":4},{"damage":0,"enemies":"Small Slimes","floor":14,"turns":4},{"damage":2,"enemies":"The Guardian","floor":16,"turns":10},{"damage":0,"enemies":"Chosen","floor":18,"turns":8},{"damage":0,"enemies":"3 Byrds","floor":19,"turns":2},{"damage":1,"enemies":"3 Cultists","floor":20,"turns":3},{"damage":0,"enemies":"Snake Plant","floor":21,"turns":7},{"damage":19,"enemies":"Gremlin Leader","floor":23,"turns":11},{"damage":0,"enemies":"Slavers","floor":25,"turns":1},{"damage":16,"enemies":"Gremlin Leader","floor":27,"turns":9},{"damage":13,"enemies":"Book of Stabbing","floor":29,"turns":6},{"damage":24,"enemies":"Champ","floor":33,"turns":23},{"damage":0,"enemies":"Orb Walker","floor":35,"turns":3},{"damage":0,"enemies":"3 Darklings","floor":37,"turns":2},{"damage":9,"enemies":"Giant Head","floor":40,"turns":13},{"damage":0,"enemies":"Nemesis","floor":42,"turns":7},{"damage":1,"enemies":"Giant Head","floor":44,"turns":9},{"damage":2,"enemies":"Mind Bloom Boss Battle","floor":45,"turns":14},{"damage":0,"enemies":"Nemesis","floor":46,"turns":5},{"damage":9,"enemies":"Maw","floor":47,"turns":9},{"damage":0,"enemies":"Time Eater","floor":50,"turns":15}],"seed_played":"51218466597573430","potions_obtained":[{"floor":4,"key":"FearPotion"},{"floor":14,"key":"Regen Potion"},{"floor":16,"key":"PowerPotion"},{"floor":19,"key":"Swift Potion"},{"floor":20,"key":"Fire Potion"},{"floor":25,"key":"Strength Potion"},{"floor":40,"key":"Fruit Juice"},{"floor":45,"key":"Fire Potion"}],"is_trial":true,"path_per_floor":["M","?","$","M","?","E","R","E","T","E","?","E","?","M","R","B",null,"M","M","M","M","?","E","R","E","T","E","?","E","$","?","R","B",null,"M","$","M","?","?","E","R","E","T","E","?","E","M","$","R","B",null],"character_chosen":"THE_SILENT","items_purchased":["Backstab","Sling","Toxic Egg 2","Lee\u0027s Waffle"],"campfire_rested":2,"item_purchase_floors":[3,36,36,48],"current_hp_per_floor":[67,67,67,67,67,44,65,45,45,33,50,53,53,56,56,54,76,79,82,84,87,87,72,72,72,72,59,59,50,50,50,94,74,103,106,106,106,93,83,78,78,92,92,95,97,101,96,147,147,151],"gold":82,"neow_bonus":"","is_daily":false,"chose_seed":false,"campfire_upgraded":1,"win_rate":0.0,"timestamp":1614283757,"path_taken":["M","?","?","M","?","E","R","E","T","E","?","E","?","M","R","BOSS","M","M","M","M","?","E","R","E","T","E","?","E","$","?","R","BOSS","M","$","M","?","?","E","R","E","T","E","?","E","M","?","R","BOSS"],"items_purchased_type":["Card","Relic","Relic","Relic"],"build_version":"2020-12-22","purchased_purges":1,"victory":true,"max_hp_per_floor":[70,70,70,70,70,70,70,70,70,70,70,73,73,76,76,76,76,79,82,85,88,88,92,92,92,92,95,95,99,99,99,99,103,103,106,106,106,106,106,110,110,124,124,128,132,136,140,147,147,151],"relic_stats":{"Regal Pillow":15,"Lee\u0027s Waffle":51,"counters":[26,186],"PreservedInsect":471,"Juzu Bracelet":2,"Bag of Preparation":[0],"War Paint":["Corpse Explosion","Spot Weakness"],"WarpedTongs":[111],"Tough Bandages":[27],"Ornamental Fan":[136],"Shuriken":[5],"obtain_stats":[{"Potion Belt":26,"Girya":6,"Lantern":27,"Regal Pillow":29,"Lee\u0027s Waffle":48,"SacredBark":34,"PreservedInsect":23,"Juzu Bracelet":8,"Bag of Preparation":12,"War Paint":43,"Sling":36,"Akabeko":40,"WarpedTongs":22,"Tough Bandages":45,"Ninja Scroll":9,"Ornamental Fan":10,"Shuriken":46,"Molten Egg 2":44,"Toxic Egg 2":36,"StrikeDummy":25,"Ring of the Snake":0,"Runic Pyramid":17,"Meat on the Bone":42},{"Potion Belt":14,"Girya":3,"Lantern":15,"Regal Pillow":16,"Lee\u0027s Waffle":25,"SacredBark":17,"PreservedInsect":13,"Juzu Bracelet":4,"Bag of Preparation":6,"War Paint":21,"Sling":18,"Akabeko":20,"WarpedTongs":12,"Tough Bandages":23,"Ninja Scroll":4,"Ornamental Fan":5,"Shuriken":24,"Molten Egg 2":22,"Toxic Egg 2":18,"StrikeDummy":14,"Ring of the Snake":0,"Runic Pyramid":8,"Meat on the Bone":21},{"Potion Belt":71,"Girya":10,"Lantern":80,"Regal Pillow":86,"Lee\u0027s Waffle":171,"SacredBark":109,"PreservedInsect":70,"Juzu Bracelet":18,"Bag of Preparation":25,"War Paint":134,"Sling":112,"Akabeko":127,"WarpedTongs":59,"Tough Bandages":157,"Ninja Scroll":18,"Ornamental Fan":21,"Shuriken":162,"Molten Egg 2":143,"Toxic Egg 2":112,"StrikeDummy":71,"Ring of the Snake":0,"Runic Pyramid":39,"Meat on the Bone":134}],"Ring of the Snake":[52],"Meat on the Bone":0},"card_choices":[{"not_picked":["Backflip","Poisoned Stab"],"picked":"Shrug It Off","floor":1},{"not_picked":["Caltrops","Concentrate"],"picked":"Dodge and Roll","floor":4},{"not_picked":["Burst","Immolate"],"picked":"Feed","floor":6},{"not_picked":["Burst","A Thousand Cuts"],"picked":"Impervious","floor":8},{"not_picked":["Unload","Grand Finale","Corruption"],"picked":"SKIP","floor":10},{"not_picked":["Impervious","Glass Knife"],"picked":"Malaise","floor":12},{"not_picked":["Combust","Acrobatics","Cloak And Dagger"],"picked":"SKIP","floor":14},{"not_picked":["After Image","Doppelganger"],"picked":"Malaise","floor":16},{"not_picked":["Underhanded Strike+1","Carnage"],"picked":"Footwork","floor":18},{"not_picked":["Quick Slash","Outmaneuver","Riddle With Holes"],"picked":"SKIP","floor":19},{"not_picked":["Infernal Blade","Thunderclap","Infinite Blades+1"],"picked":"SKIP","floor":20},{"not_picked":["Skewer","Headbutt","Dagger Spray"],"picked":"SKIP","floor":21},{"not_picked":["Brutality","Phantasmal Killer"],"picked":"Venomology","floor":23},{"not_picked":["Night Terror","Double Tap"],"picked":"Impervious","floor":25},{"not_picked":["Offering","Phantasmal Killer","Envenom"],"picked":"SKIP","floor":27},{"not_picked":["Unload","After Image"],"picked":"Impervious","floor":29},{"not_picked":["Phantasmal Killer","Fiend Fire"],"picked":"Feed","floor":33},{"not_picked":["Riddle With Holes+1","Sword Boomerang"],"picked":"Spot Weakness","floor":35},{"not_picked":["Headbutt+1","Fire Breathing+1"],"picked":"Prepared+1","floor":37},{"not_picked":["Magnetism","Swift Strike"],"picked":"Finesse+1","floor":39},{"not_picked":["Trip+1","Finesse+1"],"picked":"Dark Shackles+1","floor":39},{"not_picked":["Mind Blast","Impatience+1"],"picked":"Madness+1","floor":39},{"not_picked":["Juggernaut","Venomology+1"],"picked":"Bullet Time+1","floor":40},{"not_picked":["Glass Knife","Corpse Explosion+1","Fiend Fire"],"picked":"SKIP","floor":42},{"not_picked":["Adrenaline+1","Bludgeon+1","Demon Form"],"picked":"SKIP","floor":44},{"not_picked":["Hemokinesis+1","Endless Agony+1"],"picked":"PiercingWail+1","floor":45},{"not_picked":["Phantasmal Killer+1","Corpse Explosion+1"],"picked":"Feed+1","floor":46},{"not_picked":["Dash+1","Bane+1","Poisoned Stab+1"],"picked":"SKIP","floor":47}],"player_experience":1569456,"relics_obtained":[{"floor":6,"key":"Girya"},{"floor":8,"key":"Juzu Bracelet"},{"floor":9,"key":"Ninja Scroll"},{"floor":10,"key":"Ornamental Fan"},{"floor":12,"key":"Bag of Preparation"},{"floor":23,"key":"PreservedInsect"},{"floor":25,"key":"StrikeDummy"},{"floor":26,"key":"Potion Belt"},{"floor":27,"key":"Lantern"},{"floor":29,"key":"Regal Pillow"},{"floor":40,"key":"Akabeko"},{"floor":42,"key":"Meat on the Bone"},{"floor":43,"key":"War Paint"},{"floor":44,"key":"Molten Egg 2"},{"floor":45,"key":"Tough Bandages"},{"floor":46,"key":"Shuriken"}],"event_choices":[{"damage_healed":0,"gold_gain":0,"player_choice":"Upgraded","damage_taken":0,"max_hp_gain":0,"max_hp_loss":0,"event_name":"Upgrade Shrine","floor":2,"gold_loss":0,"cards_upgraded":["Neutralize"]},{"damage_healed":0,"gold_gain":0,"player_choice":"Ignored","damage_taken":0,"max_hp_gain":0,"max_hp_loss":0,"event_name":"Liars Game","floor":5,"gold_loss":0},{"damage_healed":17,"gold_gain":0,"player_choice":"Healed","damage_taken":0,"max_hp_gain":0,"max_hp_loss":0,"event_name":"The Cleric","floor":11,"gold_loss":35},{"damage_healed":0,"gold_gain":0,"player_choice":"Ignored","damage_taken":0,"max_hp_gain":0,"max_hp_loss":0,"event_name":"NoteForYourself","floor":13,"gold_loss":0},{"damage_healed":0,"gold_gain":0,"player_choice":"Rummage","damage_taken":0,"relics_obtained":["WarpedTongs"],"max_hp_gain":0,"max_hp_loss":0,"event_name":"Accursed Blacksmith","floor":22,"gold_loss":0,"cards_obtained":["Pain"]},{"damage_healed":0,"gold_gain":0,"player_choice":"Bet on Murderer","damage_taken":0,"max_hp_gain":0,"max_hp_loss":0,"event_name":"The Joust","floor":28,"gold_loss":50},{"damage_healed":0,"gold_gain":0,"player_choice":"Simplicity","damage_taken":0,"max_hp_gain":0,"max_hp_loss":0,"event_name":"Back to Basics","floor":31,"gold_loss":0,"cards_upgraded":["Strike_G","Strike_G","Strike_G","Strike_G","Strike_G","Defend_G","Defend_G","Defend_G","Defend_G","Defend_G"]},{"damage_healed":0,"gold_gain":0,"player_choice":"Embrace Madness","damage_taken":13,"max_hp_gain":0,"max_hp_loss":0,"event_name":"Winding Halls","floor":38,"gold_loss":0,"cards_obtained":["Madness","Madness"]},{"damage_healed":0,"gold_gain":0,"player_choice":"Memory 3","damage_taken":10,"max_hp_gain":0,"max_hp_loss":0,"event_name":"SensoryStone","floor":39,"gold_loss":0},{"damage_healed":0,"gold_gain":0,"player_choice":"Fight","damage_taken":0,"max_hp_gain":0,"max_hp_loss":0,"event_name":"MindBloom","floor":45,"gold_loss":0}],"is_beta":false,"boss_relics":[{"not_picked":["Fusion Hammer","Empty Cage"],"picked":"Runic Pyramid"},{"not_picked":["Ring of the Serpent","Tiny House"],"picked":"SacredBark"}],"items_purged_floors":[30],"is_endless":false,"potions_floor_spawned":[4,14,16,19,20,21,25,40,42,45,47],"ascension_level":0}}