{"host":"bzq0skgbben6khkk","time":1614254400,"event":{"mods":["Act Like it!","BaseMod","Minty Spire (QoL Compilation)","MostiFishMod","StSLib"],"gold_per_floor":[114,131,131,116,49,-11,-11],"floor_reached":6,"language":"ZHS","playtime":318,"items_purged":["Strike_G"],"score":70,"play_id":"1c87720c-7bab-4f83-97ed-31e851b88b2c","local_time":"20210225200000","is_ascension_mode":true,"campfire_choices":[],"circlet_count":0,"master_deck":["AscendersBane","Strike_G","Strike_G","Strike_G","Strike_G","Defend_G","Defend_G","Defend_G","Defend_G","Defend_G","Survivor","Neutralize","MostiFishMod:InvigoratingSolution","Acrobatics","MostiFishMod:Opportunism","Dagger Throw","MostiFishMod:StoryBook","Madness","Underhanded Strike"],"relics":["DaveBox","JellyFishMachine","DiscerningMonocle","SynthV:TestCard","TimeFreeze","Lantern","InkBottle"],"acts_visited":["Exordium"],"potions_floor_usage":[],"damage_taken":[{"damage":20,"enemies":"Cultist","floor":1,"turns":5},{"damage":8,"enemies":"Small Slimes","floor":2,"turns":6},{"damage":0,"enemies":"2 Louse","floor":4,"turns":3},{"damage":5,"enemies":"Lagavulin","floor":6,"turns":3}],"seed_played":"6324444173991874748","potions_obtained":[{"floor":1,"key":"EntropicBrew"},{"floor":2,"key":"BlessingOfTheForge"}],"is_trial":false,"path_per_floor":["M","M","$","M","?","E"],"character_chosen":"THE_SILENT","items_purchased":["TimeFreeze","Lantern","InkBottle","MostiFishMod:Opportunism","Dagger Throw","MostiFishMod:StoryBook","Madness"],"campfire_rested":0,"item_purchase_floors":[3,3,3,3,3,3,3],"current_hp_per_floor":[39,31,31,31,31,26,26],"gold":-11,"neow_bonus":"BOSS_RELIC","is_daily":false,"chose_seed":false,"campfire_upgraded":0,"win_rate":0.0,"timestamp":1614254400,"path_taken":["M","M","$","M","?","E"],"items_purchased_type":["Relic","Relic","Relic","Card","Card","Card","Card"],"build_version":"2020-12-22","purchased_purges":1,"victory":false,"max_hp_per_floor":[66,66,66,66,66,66,66],"card_choices":[{"not_picked":["Poisoned Stab","Flying Knee"],"picked":"MostiFishMod:InvigoratingSolution","floor":1},{"not_picked":["Caltrops","Underhanded Strike","Dodge and Roll","All Out Attack"],"picked":"Acrobatics","floor":2},{"not_picked":["Bane","Backstab","Reflex","Riddle With Holes"],"picked":"Underhanded Strike","floor":4}],"player_experience":483137,"relics_obtained":[{"floor":1,"key":"SynthV:TestCard"}],"event_choices":[{"damage_healed":0,"gold_gain":0,"player_choice":"Left Gold","damage_taken":0,"max_hp_gain":0,"max_hp_loss":0,"event_name":"World of Goop","floor":5,"gold_loss":67}],"is_beta":false,"boss_relics":[],"items_purged_floors":[3],"is_endless":false,"potions_floor_spawned":[1,2],"killed_by":"Lagavulin","ascension_level":19}}