{"host":"7jbuhzz8yy5cuou7","time":1614295548,"event":{"mods":["AchievementEnabler","Act Like it!","BaseMod","Better Third Choice","Bossed Relics","Colored Map","Colored Powertips","Dark Map","DeckTracker","Minty Spire (QoL Compilation)","Permanent Neow","Quick Restart","Ruina","StSLib","The Cursed","The Hierophant","Weighted Paths"],"gold_per_floor":[368,386,31,43,43,74,74,108,108,136,136,150,183,183,183,281,281,263,263,263,443,443,443,242,242,242,242,96,130,7,32,32,32,32],"floor_reached":33,"language":"ENG","playtime":1363,"items_purged":["Strike_G+1","Strike_G+1"],"score":426,"play_id":"bcc13ee0-07e8-48f6-99b7-4c5e7e72f90b","local_time":"20210225162548","is_ascension_mode":true,"campfire_choices":[{"floor":7,"key":"REST"},{"data":"Noxious Fumes","floor":15,"key":"SMITH"},{"floor":23,"key":"REST"},{"data":"Noxious Fumes","floor":25,"key":"SMITH"},{"floor":32,"key":"REST"}],"circlet_count":0,"master_deck":["Strike_G+1","Strike_G+1","Defend_G+1","Defend_G+1","Defend_G+1","Defend_G+1","Defend_G+1","Survivor","Neutralize","Riddle With Holes","Noxious Fumes+1","Poisoned Stab","Flechettes","Quick Slash","Deadly Poison+1","Crippling Poison","Noxious Fumes+1","Backflip+1","Bane","Backstab","Backstab"],"relics":["Ring of the Snake","Sling","Juzu Bracelet","Potion Belt","FossilizedHelix","Singing Bowl","Letter Opener","Eternal Feather","Black Star","Snake Skull","Bag of Preparation","Peace Pipe","War Paint","Dream Catcher","Bottled Flame"],"acts_visited":["Exordium","TheCity"],"potions_floor_usage":[10,16,16,33],"damage_taken":[{"damage":0,"enemies":"Jaw Worm","floor":1,"turns":5},{"damage":3,"enemies":"2 Louse","floor":2,"turns":3},{"damage":0,"enemies":"Cultist","floor":4,"turns":4},{"damage":20,"enemies":"3 Sentries","floor":6,"turns":8},{"damage":8,"enemies":"Gremlin Nob","floor":8,"turns":3},{"damage":0,"enemies":"Lagavulin","floor":10,"turns":6},{"damage":0,"enemies":"Exordium Thugs","floor":12,"turns":5},{"damage":0,"enemies":"Gremlin Nob","floor":13,"turns":3},{"damage":46,"enemies":"Hexaghost","floor":16,"turns":9},{"damage":25,"enemies":"2 Thieves","floor":18,"turns":4},{"damage":25,"enemies":"Book of Stabbing","floor":29,"turns":5},{"damage":21,"enemies":"Slavers","floor":31,"turns":4},{"damage":93,"enemies":"Collector","floor":33,"turns":7}],"seed_played":"-8381969688516213307","potions_obtained":[{"floor":2,"key":"SpeedPotion"},{"floor":10,"key":"Fire Potion"},{"floor":13,"key":"Explosive Potion"},{"floor":31,"key":"Strength Potion"}],"is_trial":false,"path_per_floor":["M","M","$","M","?","E","R","E","T","E","?","M","E","?","R","B",null,"M","?","?","?","?","R","$","R","T","T","$","E","$","E","R","B"],"character_chosen":"THE_SILENT","items_purchased":["Sling","Juzu Bracelet","Poisoned Stab","Noxious Fumes","Backflip","Bag of Preparation","Bane"],"campfire_rested":3,"item_purchase_floors":[3,3,3,24,24,28,30],"current_hp_per_floor":[49,46,46,46,39,19,40,32,32,34,34,34,36,60,69,25,76,53,53,53,34,34,66,66,75,75,75,75,52,52,31,67,0,0],"gold":32,"neow_bonus":"TWO_FIFTY_GOLD","is_daily":false,"chose_seed":false,"campfire_upgraded":2,"win_rate":0.0,"timestamp":1614295548,"path_taken":["M","M","$","M","?","E","R","E","T","E","?","M","E","?","R","BOSS","M","?","?","?","?","R","$","R","T","?","$","E","?","E","R","BOSS"],"items_purchased_type":["Relic","Relic","Card","Card","Card","Relic","Card"],"build_version":"2020-12-22","purchased_purges":2,"victory":false,"max_hp_per_floor":[70,70,70,70,70,70,70,70,70,72,72,72,74,74,74,76,76,78,78,78,78,78,78,78,78,78,78,78,80,80,80,80,80,80],"card_choices":[{"not_picked":["Sucker Punch","Tactician"],"picked":"Riddle With Holes","floor":1},{"not_picked":["Sucker Punch","Calculated Gamble"],"picked":"Noxious Fumes","floor":2},{"not_picked":["Blade Dance","Dodge and Roll","Distraction"],"picked":"SKIP","floor":4},{"not_picked":["Deadly Poison","Blur"],"picked":"Flechettes","floor":6},{"not_picked":["Acrobatics","After Image"],"picked":"Quick Slash","floor":8},{"not_picked":["Choke","Poisoned Stab","Expertise"],"picked":"Singing Bowl","floor":10},{"not_picked":["Bane","Deflect"],"picked":"Deadly Poison","floor":12},{"not_picked":["Choke","Wraith Form v2","Outmaneuver"],"picked":"Singing Bowl","floor":13},{"not_picked":["Unload","Burst","Tools of the Trade"],"picked":"Singing Bowl","floor":16},{"not_picked":["Cloak And Dagger","Acrobatics","Slice"],"picked":"Singing Bowl","floor":18},{"not_picked":["Infinite Blades","Predator","Dagger Throw+1"],"picked":"Singing Bowl","floor":29},{"not_picked":["Blade Dance+1","Dagger Throw"],"picked":"Backstab","floor":31},{"not_picked":["Accuracy+1","Dagger Throw+1"],"picked":"Backstab","floor":32}],"player_experience":444960,"relics_obtained":[{"floor":6,"key":"Potion Belt"},{"floor":8,"key":"FossilizedHelix"},{"floor":9,"key":"Singing Bowl"},{"floor":10,"key":"Letter Opener"},{"floor":13,"key":"Eternal Feather"},{"floor":27,"key":"Snake Skull"},{"floor":29,"key":"Peace Pipe"},{"floor":29,"key":"War Paint"},{"floor":31,"key":"Dream Catcher"},{"floor":31,"key":"Bottled Flame"}],"event_choices":[{"cards_removed":["Strike_G"],"damage_healed":0,"gold_gain":0,"player_choice":"Card Removal","damage_taken":7,"max_hp_gain":0,"max_hp_loss":0,"event_name":"Golden Wing","floor":5,"gold_loss":0},{"damage_healed":0,"gold_gain":0,"player_choice":"Searched \u00270\u0027 times","damage_taken":0,"max_hp_gain":0,"max_hp_loss":0,"event_name":"Dead Adventurer","floor":11,"gold_loss":0},{"damage_healed":24,"gold_gain":0,"player_choice":"Banana","damage_taken":0,"max_hp_gain":0,"max_hp_loss":0,"event_name":"Big Fish","floor":14,"gold_loss":0},{"damage_healed":0,"gold_gain":0,"player_choice":"Read","damage_taken":0,"max_hp_gain":0,"max_hp_loss":0,"event_name":"The Library","floor":19,"gold_loss":0,"cards_obtained":["Crippling Poison"]},{"damage_healed":0,"gold_gain":0,"player_choice":"Ignored","damage_taken":0,"max_hp_gain":0,"max_hp_loss":0,"event_name":"Ghosts","floor":20,"gold_loss":0},{"damage_healed":0,"gold_gain":180,"player_choice":"GOLD GOLD ","damage_taken":19,"max_hp_gain":0,"max_hp_loss":0,"event_name":"Knowing Skull","floor":21,"potions_obtained":[],"gold_loss":0,"cards_obtained":[]},{"damage_healed":0,"gold_gain":0,"player_choice":"Simplicity","damage_taken":0,"max_hp_gain":0,"max_hp_loss":9,"event_name":"betterThird:BetterWriting","floor":22,"gold_loss":0}],"is_beta":false,"boss_relics":[{"not_picked":["Pandora\u0027s Box","SlaversCollar"],"picked":"Black Star"}],"items_purged_floors":[24,30],"is_endless":false,"potions_floor_spawned":[2,10,13,31],"killed_by":"Collector","ascension_level":4}}