{"host":"w7luwlzeuqu3cdo6","time":1614290058,"event":{"mods":["BaseMod","Minty Spire (QoL Compilation)","StSLib","Together in Spire"],"gold_per_floor":[115,115,127,146,146,146,157,175,175,207,224,237,267,267,267,364,364,376,392,404,404,404,438,453,487,513,529,543,560,560,594,594,694,694,707,722,337,337,354,381,381,393,393,420,420,453,472,0,0,0],"floor_reached":51,"language":"ENG","playtime":1888,"items_purged":["Sever Soul"],"score":813,"play_id":"96d7bd6b-a4a9-44af-971f-535b1c668139","local_time":"20210225225418","is_ascension_mode":false,"campfire_choices":[{"data":"Pommel Strike","floor":6,"key":"SMITH"},{"data":"Limit Break","floor":15,"key":"SMITH"},{"data":"1","floor":30,"key":"LIFT"},{"data":"2","floor":32,"key":"LIFT"},{"data":"3","floor":41,"key":"LIFT"},{"data":"J.A.X.","floor":45,"key":"SMITH"},{"data":"Flex","floor":49,"key":"SMITH"}],"circlet_count":0,"master_deck":["Bash","Body Slam+1","Pommel Strike+1","Iron Wave","Feel No Pain","Limit Break+1","True Grit","Offering+1","Juggernaut","Bludgeon+1","Flame Barrier","Uppercut+1","Uppercut","Shockwave","Dual Wield","J.A.X.+1","Demon Form","Flex+1","Inflame","Juggernaut","Body Slam+1","Inflame","Rupture"],"relics":["Black Blood","Charon\u0027s Ashes","Ginger","Ice Cream","Pandora\u0027s Box","Incense Burner","Anchor","Girya","Whetstone","Mummified Hand","Turnip","Paper Frog","InkBottle","Happy Flower","Orichalcum","Red Mask"],"acts_visited":["Exordium","TheCity","TheBeyond"],"potions_floor_usage":[16,33],"damage_taken":[{"damage":0,"enemies":"Cultist","floor":1,"turns":2},{"damage":0,"enemies":"Small Slimes","floor":3,"turns":1},{"damage":0,"enemies":"2 Louse","floor":4,"turns":1},{"damage":0,"enemies":"Blue Slaver","floor":7,"turns":1},{"damage":0,"enemies":"Red Slaver","floor":8,"turns":1},{"damage":0,"enemies":"Lagavulin","floor":10,"turns":1},{"damage":1,"enemies":"3 Louse","floor":11,"turns":2},{"damage":0,"enemies":"Exordium Wildlife","floor":12,"turns":2},{"damage":0,"enemies":"3 Sentries","floor":13,"turns":2},{"damage":8,"enemies":"Hexaghost","floor":16,"turns":2},{"damage":0,"enemies":"Spheric Guardian","floor":18,"turns":3},{"damage":0,"enemies":"3 Byrds","floor":19,"turns":2},{"damage":6,"enemies":"Snecko","floor":20,"turns":1},{"damage":9,"enemies":"Gremlin Leader","floor":23,"turns":2},{"damage":9,"enemies":"Shelled Parasite and Fungi","floor":24,"turns":3},{"damage":1,"enemies":"Slavers","floor":25,"turns":1},{"damage":6,"enemies":"Snake Plant","floor":27,"turns":1},{"damage":0,"enemies":"Centurion and Healer","floor":28,"turns":1},{"damage":0,"enemies":"3 Cultists","floor":29,"turns":1},{"damage":0,"enemies":"Gremlin Leader","floor":31,"turns":1},{"damage":3,"enemies":"Automaton","floor":33,"turns":2},{"damage":0,"enemies":"3 Darklings","floor":35,"turns":1},{"damage":0,"enemies":"Orb Walker","floor":36,"turns":1},{"damage":3,"enemies":"Spire Growth","floor":39,"turns":1},{"damage":9,"enemies":"Nemesis","floor":40,"turns":1},{"damage":0,"enemies":"Sphere and 2 Shapes","floor":42,"turns":1},{"damage":0,"enemies":"Giant Head","floor":44,"turns":1},{"damage":3,"enemies":"Nemesis","floor":46,"turns":1},{"damage":6,"enemies":"4 Shapes","floor":47,"turns":1},{"damage":9,"enemies":"Time Eater","floor":50,"turns":1}],"seed_played":"-4087556549061139465","potions_obtained":[{"floor":3,"key":"FairyPotion"},{"floor":8,"key":"DistilledChaos"},{"floor":12,"key":"FearPotion"},{"floor":16,"key":"BlessingOfTheForge"},{"floor":20,"key":"SteroidPotion"},{"floor":35,"key":"Ancient Potion"}],"is_trial":false,"path_per_floor":["M","?","M","M","?","R","M","M","T","E","M","M","E","?","R","B",null,"M","M","M","T","?","E","M","E","T","M","M","M","R","E","R","B",null,"M","M","$","?","M","E","R","M","T","E","R","E","M","?","R","B",null],"character_chosen":"IRONCLAD","items_purchased":["Turnip"],"campfire_rested":0,"item_purchase_floors":[37],"current_hp_per_floor":[88,88,88,88,88,88,88,88,88,88,88,88,88,88,88,86,88,88,88,88,88,88,85,82,87,87,87,88,88,88,88,88,88,88,88,88,88,88,88,88,88,88,88,88,88,88,88,88,88,88],"gold":0,"neow_bonus":"TEN_PERCENT_HP_BONUS","is_daily":false,"chose_seed":false,"campfire_upgraded":4,"win_rate":0.0,"timestamp":1614290058,"path_taken":["M","?","M","?","?","R","M","M","T","E","M","M","E","?","R","BOSS","M","M","?","?","?","E","M","E","T","M","M","M","R","E","R","BOSS","M","M","$","?","M","E","R","?","T","E","R","E","M","?","R","BOSS"],"items_purchased_type":["Relic"],"build_version":"2020-12-22","purchased_purges":1,"victory":true,"max_hp_per_floor":[88,88,88,88,88,88,88,88,88,88,88,88,88,88,88,88,88,88,88,88,88,88,88,88,88,88,88,88,88,88,88,88,88,88,88,88,88,88,88,88,88,88,88,88,88,88,88,88,88,88],"card_choices":[{"not_picked":["Armaments","Thunderclap"],"picked":"Body Slam","floor":1},{"not_picked":["Iron Wave","Perfected Strike"],"picked":"Pommel Strike","floor":3},{"not_picked":["Clash","Perfected Strike","Dual Wield"],"picked":"SKIP","floor":4},{"not_picked":["Reckless Charge","Clothesline"],"picked":"Iron Wave","floor":7},{"not_picked":["Heavy Blade","Flex","Cleave"],"picked":"SKIP","floor":8},{"not_picked":["Second Wind","Seeing Red"],"picked":"Feel No Pain","floor":10},{"not_picked":["Headbutt","Bloodletting","Sentinel"],"picked":"SKIP","floor":11},{"not_picked":["Havoc","Infernal Blade"],"picked":"Limit Break","floor":12},{"not_picked":["Bloodletting","Clothesline"],"picked":"True Grit","floor":13},{"not_picked":["Brutality","Feed"],"picked":"Offering","floor":16},{"not_picked":["Havoc","Twin Strike+1","Thunderclap"],"picked":"SKIP","floor":18},{"not_picked":["Dual Wield+1","Clash","Anger"],"picked":"SKIP","floor":19},{"not_picked":["Uppercut","Headbutt","Twin Strike"],"picked":"SKIP","floor":20},{"not_picked":["Uppercut","Carnage+1"],"picked":"Demon Form","floor":23},{"not_picked":["Heavy Blade","Rage"],"picked":"Flex","floor":24},{"not_picked":["Pommel Strike","Fire Breathing","Pummel"],"picked":"SKIP","floor":25},{"not_picked":["Pommel Strike","Rampage+1","Power Through"],"picked":"SKIP","floor":27},{"not_picked":["Rage","Warcry"],"picked":"Inflame","floor":28},{"not_picked":["Body Slam","Clothesline","Dark Embrace"],"picked":"SKIP","floor":29},{"not_picked":["Clash+1","Blood for Blood"],"picked":"Juggernaut","floor":31},{"not_picked":["Clothesline+1","Carnage"],"picked":"Body Slam+1","floor":35},{"not_picked":["Power Through","Clothesline","Wild Strike+1"],"picked":"SKIP","floor":36},{"not_picked":["Armaments","Clothesline","Infernal Blade"],"picked":"SKIP","floor":39},{"not_picked":["Heavy Blade","Headbutt"],"picked":"Inflame","floor":40},{"not_picked":["Dropkick","Twin Strike+1","Pommel Strike+1"],"picked":"SKIP","floor":42},{"not_picked":["Power Through+1","Impervious","Warcry"],"picked":"SKIP","floor":44},{"not_picked":["Feel No Pain","Corruption"],"picked":"Rupture","floor":46},{"not_picked":["Armaments","Dropkick+1","Warcry"],"picked":"SKIP","floor":47}],"player_experience":230686,"relics_obtained":[{"floor":9,"key":"Charon\u0027s Ashes"},{"floor":10,"key":"Ginger"},{"floor":13,"key":"Ice Cream"},{"floor":21,"key":"Incense Burner"},{"floor":23,"key":"Anchor"},{"floor":25,"key":"Girya"},{"floor":26,"key":"Whetstone"},{"floor":31,"key":"Mummified Hand"},{"floor":40,"key":"Paper Frog"},{"floor":43,"key":"InkBottle"},{"floor":44,"key":"Happy Flower"},{"floor":46,"key":"Orichalcum"}],"event_choices":[{"damage_healed":0,"gold_gain":0,"player_choice":"Upgraded","damage_taken":0,"max_hp_gain":0,"max_hp_loss":0,"event_name":"Upgrade Shrine","floor":2,"gold_loss":0,"cards_upgraded":["Body Slam"]},{"cards_removed":["Strike_R"],"damage_healed":0,"gold_gain":0,"player_choice":"Forget","damage_taken":0,"max_hp_gain":0,"max_hp_loss":0,"event_name":"Living Wall","floor":5,"gold_loss":0},{"damage_healed":0,"gold_gain":0,"player_choice":"Ignored","damage_taken":0,"max_hp_gain":0,"max_hp_loss":0,"event_name":"NoteForYourself","floor":14,"gold_loss":0},{"damage_healed":0,"gold_gain":0,"player_choice":"Obtain J.A.X.","damage_taken":0,"max_hp_gain":0,"max_hp_loss":0,"event_name":"Drug Dealer","floor":22,"gold_loss":0,"cards_obtained":["J.A.X."]},{"damage_healed":0,"gold_gain":0,"player_choice":"Upgraded","damage_taken":0,"max_hp_gain":0,"max_hp_loss":0,"event_name":"Upgrade Shrine","floor":38,"gold_loss":0,"cards_upgraded":["Offering"]},{"damage_healed":0,"gold_gain":0,"player_choice":"Paid","damage_taken":0,"relics_obtained":["Red Mask"],"max_hp_gain":0,"max_hp_loss":0,"event_name":"Tomb of Lord Red Mask","floor":48,"gold_loss":472}],"is_beta":false,"boss_relics":[{"not_picked":["Tiny House","SacredBark"],"picked":"Pandora\u0027s Box"},{"not_picked":["Runic Pyramid","Snecko Eye"],"picked":"Black Blood"}],"items_purged_floors":[37],"is_endless":false,"potions_floor_spawned":[3,8,12,16,20,24,27,28,29,35,40,46],"ascension_level":0}}