{"host":"gcjbq24aew6ut89u","time":1614242997,"event":{"mods":["BaseMod","Colored Powertips","Highlight Path","KomeijiMod","Lobotomy","Marisa£®ÏF”Í°°ƒß¿Ì…≥£©","Minty Spire (QoL Compilation)","Replay The Spire","Shop Mod","StSLib","The Jungle","Waifu the Spire"],"gold_per_floor":[111,111,127,127,143,175,175,208,208,233,247,258,270,287,287,287,287],"floor_reached":16,"language":"ZHS","playtime":816,"items_purged":[],"score":130,"play_id":"60b0232f-c227-4858-9972-3b2deb626a6a","local_time":"20210225164957","is_ascension_mode":true,"campfire_choices":[{"data":"Neutralize","floor":7.0,"key":"SMITH"},{"floor":15,"key":"REST"}],"circlet_count":0,"master_deck":["Strike_G","Strike_G+1","Strike_G+1","Strike_G","Strike_G","Defend_G","Defend_G","Defend_G","Defend_G","Defend_G","Survivor","Neutralize+1","Tactician","Backflip","Footwork","Blade Dance","Tactician","Blade Dance","Storm of Steel","Well Laid Plans"],"relics":["Ring of the Snake","NeowsBlessing","CultistMask","Whetstone","Chameleon Ring","ReplayFunnel","Pen Nib"],"acts_visited":["Exordium"],"potions_floor_usage":[],"damage_taken":[{"damage":0.0,"enemies":"Small Slimes","floor":1.0,"turns":1.0},{"damage":0.0,"enemies":"Cultist","floor":3.0,"turns":1.0},{"damage":0.0,"enemies":"Jaw Worm","floor":5.0,"turns":1.0},{"damage":31.0,"enemies":"3 Sentries","floor":6.0,"turns":16.0},{"damage":21.0,"enemies":"Lagavulin","floor":8.0,"turns":7.0},{"damage":8.0,"enemies":"3 Sentries","floor":10.0,"turns":8.0},{"damage":3.0,"enemies":"Red Slaver","floor":11.0,"turns":6.0},{"damage":8.0,"enemies":"2 Fungi Beasts","floor":12.0,"turns":3.0},{"damage":0.0,"enemies":"Blue Slaver","floor":13.0,"turns":5.0},{"damage":3,"enemies":"Looter","floor":14,"turns":3},{"damage":27,"enemies":"The Guardian","floor":16,"turns":11}],"seed_played":"2614124904087270221","potions_obtained":[{"floor":1.0,"key":"Poison Potion"},{"floor":4.0,"key":"Fruit Juice"},{"floor":4.0,"key":"Reflective Coating"},{"floor":4.0,"key":"Reflective Coating"},{"floor":6.0,"key":"AttackPotion"},{"floor":8.0,"key":"Dexterity Potion"},{"floor":12.0,"key":"CalmPotion"}],"is_trial":false,"path_per_floor":["M","?","M","?","M","E","R","E","T","E","M","M","M","M","R","B"],"character_chosen":"THE_SILENT","items_purchased":[],"campfire_rested":1,"item_purchase_floors":[],"current_hp_per_floor":[70,70,70,75,75,44,44,23,23,15,12,4,4,1,23,0,0],"gold":287,"neow_bonus":"THREE_ENEMY_KILL","is_daily":false,"chose_seed":false,"campfire_upgraded":1,"win_rate":0.0,"timestamp":1614242997,"path_taken":["M","?","?","?","M","E","R","E","T","E","M","M","?","M","R","BOSS"],"items_purchased_type":[],"build_version":"2020-12-22","purchased_purges":0,"victory":false,"max_hp_per_floor":[70,70,70,75,75,75,75,75,75,75,75,75,75,75,75,75,75],"card_choices":[{"not_picked":["ReplayTheSpireMod:Tripwire","Toxin Wave"],"picked":"Tactician","floor":1.0},{"not_picked":["Dagger Throw","Bane"],"picked":"Backflip","floor":3.0},{"not_picked":["Dodge and Roll","Deflect"],"picked":"Footwork","floor":5.0},{"not_picked":["Tactician","Outmaneuver"],"picked":"Blade Dance","floor":6.0},{"not_picked":["ReplayTheSpireMod:Necrosis","Deadly Poison"],"picked":"Tactician","floor":8.0},{"not_picked":["Flechettes","Poisoned Stab"],"picked":"Blade Dance","floor":10.0},{"not_picked":["All Out Attack","Bouncing Flask","Tactician"],"picked":"SKIP","floor":11.0},{"not_picked":["Cloak And Dagger","Flying Knee"],"picked":"Storm of Steel","floor":12.0},{"not_picked":["Quick Slash","ReplayTheSpireMod:Exploit Weakness","Backstab"],"picked":"SKIP","floor":13},{"not_picked":["Backflip","Outmaneuver"],"picked":"Well Laid Plans","floor":14}],"player_experience":72807,"relics_obtained":[{"floor":6.0,"key":"Whetstone"},{"floor":8.0,"key":"Chameleon Ring"},{"floor":9.0,"key":"ReplayFunnel"},{"floor":10.0,"key":"Pen Nib"}],"event_choices":[{"damage_healed":0.0,"max_hp_gain":0.0,"max_hp_loss":0.0,"gold_gain":0.0,"event_name":"FaceTrader","player_choice":"Trade","floor":2.0,"gold_loss":0.0,"damage_taken":0.0,"relics_obtained":["CultistMask"]},{"damage_healed":0.0,"max_hp_gain":0.0,"max_hp_loss":0.0,"gold_gain":0.0,"event_name":"Lab","player_choice":"Got Potions","floor":4.0,"gold_loss":0.0,"damage_taken":0.0}],"is_beta":false,"boss_relics":[],"items_purged_floors":[],"is_endless":false,"potions_floor_spawned":[1,6,8,12,13],"killed_by":"The Guardian","ascension_level":1}}