{"host":"gfmcepcjap0l8d24","time":1614254824,"event":{"mods":["AchievementEnabler","Act Like it!","BaseMod","BetterRewards","Card Filter","Card Forge","Colored Map","Colored Powertips","Custom Start","DeckTracker","Defuse TimeMaze Blight","Gold Saver","Key Reminder","Minty Spire (QoL Compilation)","Permanent Neow","Practice Mode","Quick Restart","Relic Filter","Shop Mod","StSLib","SuperFastMode"],"gold_per_floor":[156,156,81,81,94,94,121,21,21,32,32,60,60,70,70,173,173,192,192,206,206,232,232,244,244,244,119,119,146,173,202,202,303,303,322,172,187,201,215,244,244,258,306,306,306,306,306],"floor_reached":46,"language":"JPN","playtime":2121,"items_purged":["Strike_B","Defend_B","Defend_B","Defend_B+1"],"score":544,"play_id":"33a7cafb-e37f-4541-a6cc-3077d7505ca8","local_time":"20210225210704","is_ascension_mode":false,"campfire_choices":[{"data":"Hologram","floor":6,"key":"SMITH"},{"floor":13,"key":"RECALL"},{"floor":15,"key":"REST"},{"data":"Creative AI","floor":23,"key":"SMITH"},{"data":"Lockon","floor":25,"key":"SMITH"},{"data":"Coolheaded","floor":32,"key":"SMITH"},{"data":"Chaos","floor":41,"key":"SMITH"},{"data":"Coolheaded","floor":44,"key":"SMITH"}],"circlet_count":0,"master_deck":["Defend_B+1","Zap+1","Dualcast+1","Gash","Hologram+1","Defragment+1","Sunder","Coolheaded+1","Chill+1","Cold Snap+1","Creative AI+1","Doom and Gloom+1","Bite","Bite","Bite","Bite","Bite","Capacitor+1","Necronomicurse","Coolheaded+1","Lockon+1","Coolheaded","Coolheaded+1","Multi-Cast","Compile Driver+1","Steam Power+1","Chaos+1","Doom and Gloom+1","Streamline","Madness","Madness"],"relics":["Cracked Core","Hammer of Thor","Seething Fire","Anvil of the Gods","Mercury Hourglass","Strawberry","Symbiotic Virus","MealTicket","War Paint","Coffee Dripper","Necronomicon","Red Mask","MutagenicStrength","HornCleat","Boot","StrikeDummy","Cursed Key","Dead Branch"],"acts_visited":["Exordium","TheCity","TheBeyond"],"potions_floor_usage":[],"damage_taken":[{"damage":10,"enemies":"Small Slimes","floor":1,"turns":3},{"damage":0,"enemies":"Cultist","floor":5,"turns":3},{"damage":25,"enemies":"3 Sentries","floor":7,"turns":5},{"damage":6,"enemies":"Jaw Worm","floor":10,"turns":2},{"damage":12,"enemies":"Gremlin Nob","floor":12,"turns":3},{"damage":0,"enemies":"2 Fungi Beasts","floor":14,"turns":1},{"damage":11,"enemies":"Hexaghost","floor":16,"turns":9},{"damage":0,"enemies":"Spheric Guardian","floor":18,"turns":4},{"damage":8,"enemies":"Chosen","floor":20,"turns":3},{"damage":0,"enemies":"Masked Bandits","floor":22,"turns":2},{"damage":0,"enemies":"3 Cultists","floor":24,"turns":3},{"damage":8,"enemies":"Slavers","floor":29,"turns":5},{"damage":14,"enemies":"Book of Stabbing","floor":31,"turns":5},{"damage":12,"enemies":"Champ","floor":33,"turns":8},{"damage":2,"enemies":"3 Shapes","floor":35,"turns":3},{"damage":0,"enemies":"Orb Walker","floor":37,"turns":3},{"damage":29,"enemies":"Transient","floor":38,"turns":5},{"damage":15,"enemies":"Spire Growth","floor":39,"turns":4},{"damage":22,"enemies":"Reptomancer","floor":40,"turns":4},{"damage":0,"enemies":"Sphere and 2 Shapes","floor":42,"turns":6},{"damage":19,"enemies":"Maw","floor":46,"turns":7}],"seed_played":"-7289083313910493490","potions_obtained":[{"floor":2,"key":"Block Potion"},{"floor":2,"key":"EntropicBrew"},{"floor":2,"key":"PowerPotion"},{"floor":14,"key":"LiquidBronze"}],"is_trial":false,"path_per_floor":["M","?","$","T","M","R","E","$","T","M","?","E","R","M","R","B",null,"M","?","M","?","?","R","M","R","T","$","?","E","T","E","R","B",null,"M","$","M","M","M","E","R","M","T","R","?","M"],"character_chosen":"DEFECT","items_purchased":[],"campfire_rested":1,"item_purchase_floors":[],"current_hp_per_floor":[65,65,65,65,65,65,47,47,47,41,41,29,29,29,53,42,82,82,57,53,37,41,41,45,45,45,57,57,55,55,47,47,39,57,55,57,57,30,21,3,3,9,9,9,2,0,0],"gold":306,"neow_bonus":"THREE_CARDS","is_daily":false,"chose_seed":false,"campfire_upgraded":6,"win_rate":0.0,"timestamp":1614254824,"path_taken":["M","?","?","?","M","R","E","$","T","M","?","E","R","?","R","BOSS","M","?","M","?","?","R","M","R","T","$","?","E","?","E","R","BOSS","M","$","?","M","M","E","R","M","T","R","?","M"],"items_purchased_type":[],"build_version":"2020-12-22","purchased_purges":4,"victory":false,"max_hp_per_floor":[75,75,75,75,75,75,82,82,82,82,82,82,82,82,82,82,82,82,57,57,57,57,57,57,57,57,57,57,57,57,57,57,57,57,57,57,57,57,57,57,57,57,57,57,57,57,57],"card_choices":[{"not_picked":["Reprogram","Turbo"],"picked":"Gash","floor":0},{"not_picked":["Stack","Streamline"],"picked":"Hologram","floor":1},{"not_picked":["Tempest","Rip and Tear"],"picked":"Defragment","floor":5},{"not_picked":["Stack","Sweeping Beam"],"picked":"Sunder","floor":7},{"not_picked":["Beam Cell","Rip and Tear"],"picked":"Coolheaded","floor":10},{"not_picked":["Melter","Aggregate"],"picked":"Chill","floor":12},{"not_picked":["Sweeping Beam","Hello World"],"picked":"Cold Snap","floor":14},{"not_picked":["Core Surge","Rainbow"],"picked":"Creative AI","floor":16},{"not_picked":["Sweeping Beam","Streamline"],"picked":"Doom and Gloom+1","floor":18},{"not_picked":["FTL","Static Discharge"],"picked":"Capacitor+1","floor":20},{"not_picked":["Beam Cell","Ball Lightning"],"picked":"Coolheaded","floor":22},{"not_picked":["Streamline+1","Steam"],"picked":"Lockon","floor":24},{"not_picked":["Conserve Battery","Leap"],"picked":"Coolheaded","floor":29},{"not_picked":["Sunder","Cold Snap"],"picked":"Coolheaded","floor":31},{"not_picked":["Echo Form","Hyperbeam"],"picked":"Multi-Cast","floor":33},{"not_picked":["Streamline+1","Beam Cell"],"picked":"Compile Driver+1","floor":35},{"not_picked":["Auto Shields+1","Leap"],"picked":"Steam Power+1","floor":37},{"not_picked":["Loop","Sweeping Beam"],"picked":"Chaos","floor":38},{"not_picked":["Redo","Sweeping Beam+1"],"picked":"Doom and Gloom+1","floor":39},{"not_picked":["Recycle","Go for the Eyes","Barrage+1"],"picked":"SKIP","floor":40},{"not_picked":["Self Repair","Leap+1"],"picked":"Streamline","floor":42}],"player_experience":219158,"relics_obtained":[{"floor":4,"key":"Mercury Hourglass"},{"floor":7,"key":"Strawberry"},{"floor":9,"key":"Symbiotic Virus"},{"floor":12,"key":"War Paint"},{"floor":21,"key":"Necronomicon"},{"floor":22,"key":"Red Mask"},{"floor":29,"key":"HornCleat"},{"floor":30,"key":"Boot"},{"floor":31,"key":"StrikeDummy"},{"floor":40,"key":"Dead Branch"}],"event_choices":[{"damage_healed":0,"gold_gain":0,"player_choice":"Got Potions","damage_taken":0,"max_hp_gain":0,"max_hp_loss":0,"event_name":"Lab","floor":2,"gold_loss":0},{"damage_healed":0,"gold_gain":0,"player_choice":"Searched \u00271\u0027 times","damage_taken":0,"relics_obtained":["MealTicket"],"max_hp_gain":0,"max_hp_loss":0,"event_name":"Dead Adventurer","floor":11,"gold_loss":0},{"damage_healed":0,"gold_gain":0,"player_choice":"Became a vampire","damage_taken":0,"max_hp_gain":0,"max_hp_loss":25,"event_name":"Vampires","floor":19,"gold_loss":0,"cards_obtained":["Bite","Bite","Bite","Bite","Bite"]},{"damage_healed":0,"gold_gain":0,"player_choice":"Obtained Book","damage_taken":16,"max_hp_gain":0,"max_hp_loss":0,"event_name":"Cursed Tome","floor":21,"gold_loss":0},{"damage_healed":0,"gold_gain":0,"player_choice":"Fought Bandits","damage_taken":0,"max_hp_gain":0,"max_hp_loss":0,"event_name":"Masked Bandits","floor":22,"gold_loss":0},{"damage_healed":0,"gold_gain":0,"player_choice":"Inject Mutagens","damage_taken":0,"relics_obtained":["MutagenicStrength"],"max_hp_gain":0,"max_hp_loss":0,"event_name":"Drug Dealer","floor":28,"gold_loss":0},{"damage_healed":0,"gold_gain":0,"player_choice":"Embrace Madness","damage_taken":7,"max_hp_gain":0,"max_hp_loss":0,"event_name":"Winding Halls","floor":45,"gold_loss":0,"cards_obtained":["Madness","Madness"]}],"is_beta":false,"boss_relics":[{"not_picked":["Tiny House","Ectoplasm"],"picked":"Coffee Dripper"},{"not_picked":["Runic Pyramid","Astrolabe"],"picked":"Cursed Key"}],"items_purged_floors":[3,8,27,36],"is_endless":false,"potions_floor_spawned":[7,12,14,18,24,29,31,35,42],"killed_by":"Maw","ascension_level":0}}