{"host":"o88u0awh8mkwl1l8","time":1614265814,"event":{"mods":["BaseMod","Colored Map","Highlight Path","Minty Spire (QoL Compilation)","Relic Sorter"],"gold_per_floor":[111,123,141,160,310,310,329,329,329,361,373,373,399,458,458,458,458],"floor_reached":16,"language":"JPN","playtime":947,"items_purged":[],"score":324,"play_id":"d6c123b9-c7e0-4fea-9ad1-ccf8fe1e21d6","local_time":"20210226001014","is_ascension_mode":true,"campfire_choices":[{"data":"Study","floor":6.0,"key":"SMITH"},{"data":"Wallop","floor":8.0,"key":"SMITH"},{"data":"Eruption","floor":12.0,"key":"SMITH"},{"data":"Vigilance","floor":15,"key":"SMITH"}],"circlet_count":0,"master_deck":["AscendersBane","Strike_P","Strike_P","Strike_P","Strike_P","Defend_P","Defend_P","Defend_P","Defend_P","Eruption+1","Vigilance+1","EmptyBody","WheelKick","Wallop+1","Study+1","Doubt","FollowUp","Protect+1","InnerPeace+1","EmptyBody+1"],"relics":["PureWater","Yang","Dead Branch","Toxic Egg 2","The Courier","Sundial"],"acts_visited":["Exordium"],"potions_floor_usage":[13,14],"damage_taken":[{"damage":0.0,"enemies":"Small Slimes","floor":1.0,"turns":3.0},{"damage":3.0,"enemies":"2 Louse","floor":2.0,"turns":3.0},{"damage":7.0,"enemies":"Jaw Worm","floor":3.0,"turns":2.0},{"damage":0.0,"enemies":"2 Fungi Beasts","floor":4.0,"turns":4.0},{"damage":4.0,"enemies":"Looter","floor":7.0,"turns":4.0},{"damage":0.0,"enemies":"3 Sentries","floor":10.0,"turns":3.0},{"damage":13.0,"enemies":"Exordium Wildlife","floor":11.0,"turns":7.0},{"damage":0,"enemies":"Gremlin Nob","floor":13,"turns":3},{"damage":23,"enemies":"3 Sentries","floor":14,"turns":8},{"damage":18,"enemies":"Hexaghost","floor":16,"turns":11}],"seed_played":"8573821568733597549","potions_obtained":[{"floor":4.0,"key":"AttackPotion"},{"floor":7.0,"key":"Fire Potion"},{"floor":10.0,"key":"SkillPotion"},{"floor":13,"key":"Regen Potion"}],"is_trial":false,"path_per_floor":["M","M","M","M","?","R","M","R","T","E","M","R","E","?","R","B"],"character_chosen":"WATCHER","items_purchased":[],"campfire_rested":0,"item_purchase_floors":[],"current_hp_per_floor":[61,58,51,51,51,51,47,47,47,47,34,34,34,26,26,8,8],"gold":458,"neow_bonus":"ONE_RARE_RELIC","is_daily":false,"chose_seed":false,"campfire_upgraded":4,"win_rate":0.0,"timestamp":1614265814,"path_taken":["M","M","M","M","?","R","M","R","T","E","M","R","E","?","R","BOSS"],"items_purchased_type":[],"build_version":"2020-12-22","purchased_purges":0,"victory":false,"max_hp_per_floor":[62,62,62,62,62,62,62,62,62,62,62,62,62,62,62,62,62],"card_choices":[{"not_picked":["EmptyFist","Halt"],"picked":"EmptyBody","floor":1.0},{"not_picked":["PathToVictory","Swivel"],"picked":"WheelKick","floor":2.0},{"not_picked":["SignatureMove","ForeignInfluence"],"picked":"Wallop","floor":3.0},{"not_picked":["Halt","WreathOfFlame"],"picked":"Study","floor":4.0},{"not_picked":["WindmillStrike","Protect"],"picked":"FollowUp","floor":7.0},{"not_picked":["Crescendo+1","FearNoEvil"],"picked":"Protect+1","floor":10.0},{"not_picked":["EmptyBody+1","SashWhip"],"picked":"InnerPeace+1","floor":11.0},{"not_picked":["SashWhip","Weave"],"picked":"EmptyBody+1","floor":13}],"player_experience":1353636,"relics_obtained":[{"floor":9.0,"key":"Toxic Egg 2"},{"floor":10.0,"key":"The Courier"},{"floor":13,"key":"Sundial"},{"floor":14,"key":"Yang"}],"event_choices":[{"damage_healed":0.0,"max_hp_gain":0.0,"max_hp_loss":0.0,"gold_gain":150.0,"event_name":"Liars Game","player_choice":"AGREE","floor":5.0,"gold_loss":0.0,"damage_taken":0.0,"cards_obtained":["Doubt"]},{"damage_healed":0,"gold_gain":0,"player_choice":"Searched \u00271\u0027 times","damage_taken":0,"max_hp_gain":0,"max_hp_loss":0,"event_name":"Dead Adventurer","floor":14,"gold_loss":0}],"is_beta":false,"boss_relics":[],"items_purged_floors":[],"is_endless":false,"potions_floor_spawned":[4,7,10,13],"killed_by":"Hexaghost","ascension_level":20}}