{"host":"ywpzupyaj0gx28qd","time":1614261187,"event":{"mods":["AchievementEnabler","BaseMod","Minty Spire (QoL Compilation)","Quick Restart","Rare Cards Sparkle"],"gold_per_floor":[109,124,144,164,164,164,198,198,224,224,249,214,245,313,313,409,409,420,430,23,39,39,39,39,39],"floor_reached":24,"language":"ENG","playtime":1933,"items_purged":[],"score":225,"play_id":"177bb960-0df4-492e-b59e-61cff037e781","local_time":"20210225055307","is_ascension_mode":true,"campfire_choices":[{"floor":6,"key":"REST"},{"floor":8,"key":"REST"},{"floor":10,"key":"REST"},{"floor":15,"key":"REST"},{"floor":23,"key":"REST"}],"circlet_count":0,"master_deck":["Strike_G","Strike_G","Strike_G","Strike_G","Strike_G","Defend_G","Defend_G","Defend_G","Defend_G","Defend_G","Survivor","Neutralize","Dark Shackles+1","Outmaneuver","Deflect","Terror+1","Backstab","Slice","Terror","Infinite Blades","Envenom","Deadly Poison","Sucker Punch+1","Noxious Fumes+1"],"relics":["Ring of the Snake","Strawberry","Blood Vial","Toy Ornithopter","InkBottle","Bottled Lightning","Medical Kit","Ninja Scroll"],"acts_visited":["Exordium","TheCity"],"potions_floor_usage":[11,16,18,19,19,24,24],"damage_taken":[{"damage":0,"enemies":"Cultist","floor":1,"turns":5},{"damage":0,"enemies":"2 Louse","floor":2,"turns":3},{"damage":0,"enemies":"Small Slimes","floor":3,"turns":4},{"damage":0,"enemies":"Looter","floor":4,"turns":4},{"damage":40,"enemies":"3 Sentries","floor":7,"turns":17},{"damage":46,"enemies":"Gremlin Nob","floor":11,"turns":5},{"damage":26,"enemies":"3 Sentries","floor":13,"turns":12},{"damage":49,"enemies":"The Guardian","floor":16,"turns":12},{"damage":17,"enemies":"Chosen","floor":18,"turns":6},{"damage":14,"enemies":"Shell Parasite","floor":19,"turns":6},{"damage":52,"enemies":"3 Cultists","floor":21,"turns":7},{"damage":52,"enemies":"Slavers","floor":24,"turns":4}],"seed_played":"-857202980100709886","potions_obtained":[{"floor":2,"key":"SteroidPotion"},{"floor":3,"key":"GamblersBrew"},{"floor":13,"key":"Explosive Potion"},{"floor":18,"key":"EntropicBrew"},{"floor":19,"key":"SkillPotion"}],"is_trial":false,"path_per_floor":["M","M","M","M","?","R","E","R","T","R","E","?","E","?","R","B",null,"M","M","$","M","?","R","E"],"character_chosen":"THE_SILENT","items_purchased":["Bottled Lightning","Medical Kit"],"campfire_rested":5,"item_purchase_floors":[20,20],"current_hp_per_floor":[70,70,70,70,56,70,37,60,60,77,31,50,26,26,49,7,77,65,63,63,13,13,36,0,0],"gold":39,"neow_bonus":"RANDOM_COLORLESS","is_daily":false,"chose_seed":false,"campfire_upgraded":0,"win_rate":0.0,"timestamp":1614261187,"path_taken":["M","?","M","?","?","R","E","R","T","R","E","?","E","?","R","BOSS","M","M","$","M","?","R","E"],"items_purchased_type":["Relic","Relic"],"build_version":"2020-12-22","purchased_purges":0,"victory":false,"max_hp_per_floor":[70,70,70,70,70,70,77,77,77,77,77,77,77,77,77,77,77,77,77,77,77,77,77,77,77],"card_choices":[{"not_picked":["Deep Breath","Bandage Up"],"picked":"Dark Shackles","floor":0},{"not_picked":["Bane","Masterful Stab"],"picked":"Outmaneuver","floor":1},{"not_picked":["Reflex","Caltrops"],"picked":"Deflect","floor":2},{"not_picked":["Escape Plan","Poisoned Stab"],"picked":"Terror","floor":3},{"not_picked":["Finisher","Expertise"],"picked":"Backstab","floor":4},{"not_picked":["Escape Plan","Masterful Stab"],"picked":"Slice","floor":7},{"not_picked":["Underhanded Strike","Heel Hook"],"picked":"Terror","floor":11},{"not_picked":["Underhanded Strike","Endless Agony"],"picked":"Infinite Blades","floor":13},{"not_picked":["Phantasmal Killer","Doppelganger"],"picked":"Envenom","floor":16},{"not_picked":["Flying Knee","Catalyst"],"picked":"Deadly Poison","floor":18},{"not_picked":["Dodge and Roll+1","Predator"],"picked":"Sucker Punch+1","floor":19},{"not_picked":["Flechettes","Blade Dance"],"picked":"Noxious Fumes+1","floor":21}],"player_experience":78880,"relics_obtained":[{"floor":7,"key":"Strawberry"},{"floor":9,"key":"Blood Vial"},{"floor":11,"key":"Toy Ornithopter"},{"floor":13,"key":"InkBottle"}],"event_choices":[{"damage_healed":0,"gold_gain":0,"player_choice":"Entered Light","damage_taken":14,"max_hp_gain":0,"max_hp_loss":0,"event_name":"Shining Light","floor":5,"gold_loss":0,"cards_upgraded":["Terror","Dark Shackles"]},{"damage_healed":19,"gold_gain":0,"player_choice":"Healed","damage_taken":0,"max_hp_gain":0,"max_hp_loss":0,"event_name":"The Cleric","floor":12,"gold_loss":35},{"damage_healed":0,"gold_gain":68,"player_choice":"Gained Gold","damage_taken":0,"max_hp_gain":0,"max_hp_loss":0,"event_name":"Golden Wing","floor":14,"gold_loss":0},{"damage_healed":0,"gold_gain":0,"player_choice":"Gave Potion","damage_taken":0,"relics_obtained":["Ninja Scroll"],"max_hp_gain":0,"max_hp_loss":0,"event_name":"WeMeetAgain","floor":22,"gold_loss":0}],"is_beta":false,"boss_relics":[{"not_picked":["Coffee Dripper","Philosopher\u0027s Stone","Runic Dome"]}],"items_purged_floors":[],"is_endless":false,"potions_floor_spawned":[2,3,13,18,19],"killed_by":"Slavers","ascension_level":1}}