{"host":"Jz","time":1614259105,"event":{"mods":["AchievementEnabler","BaseMod","Colored Map","Colored Powertips","Minty Spire (QoL Compilation)","Relic Stats","Slay-I","StSLib"],"gold_per_floor":[209,209,221,235,130,130,157,157,184,184,334,344,379,392,392,392,392],"floor_reached":16,"language":"ENG","playtime":834,"items_purged":["Strike_G"],"score":220,"play_id":"43607c82-3ba9-48ac-8188-f9bd3bc77093","local_time":"20210225201825","is_ascension_mode":true,"campfire_choices":[{"data":"Neutralize","floor":6,"key":"SMITH"},{"data":"A Thousand Cuts","floor":8,"key":"SMITH"},{"floor":10,"key":"REST"},{"floor":15,"key":"REST"}],"circlet_count":0,"master_deck":["AscendersBane","Strike_G","Strike_G","Strike_G","Defend_G","Defend_G","Defend_G","Defend_G","Defend_G","Survivor","Neutralize+1","All Out Attack","PiercingWail","A Thousand Cuts+1","Cloak And Dagger","Predator","Doubt","Caltrops","Bouncing Flask","Catalyst"],"relics":["Ring of the Snake","Happy Flower","PreservedInsect","Tingsha"],"acts_visited":["Exordium"],"potions_floor_usage":[7,13],"damage_taken":[{"damage":7,"enemies":"Jaw Worm","floor":1,"turns":4},{"damage":1,"enemies":"Cultist","floor":3,"turns":4},{"damage":1,"enemies":"Small Slimes","floor":4,"turns":3},{"damage":30,"enemies":"Lagavulin","floor":7,"turns":10},{"damage":10,"enemies":"2 Fungi Beasts","floor":12,"turns":3},{"damage":24,"enemies":"Gremlin Nob","floor":13,"turns":4},{"damage":2,"enemies":"Looter","floor":14,"turns":4},{"damage":24,"enemies":"Hexaghost","floor":16,"turns":9}],"seed_played":"1312509319453159283","potions_obtained":[{"floor":1,"key":"GamblersBrew"},{"floor":4,"key":"BlessingOfTheForge"}],"is_trial":false,"path_per_floor":["M","?","M","M","$","R","E","R","T","R","?","M","E","M","R","B"],"character_chosen":"THE_SILENT","items_purchased":["Cloak And Dagger"],"campfire_rested":2,"item_purchase_floors":[5],"current_hp_per_floor":[52,52,51,50,50,50,20,20,20,39,39,29,5,3,22,0,0],"gold":392,"neow_bonus":"HUNDRED_GOLD","is_daily":false,"chose_seed":false,"campfire_upgraded":2,"win_rate":0.0,"timestamp":1614259105,"path_taken":["M","?","M","?","$","R","E","R","T","R","?","M","E","M","R","BOSS"],"items_purchased_type":["Card"],"build_version":"2020-12-18","purchased_purges":1,"victory":false,"max_hp_per_floor":[66,66,66,66,66,66,66,66,66,66,66,66,66,66,66,66,66],"relic_stats":{"Happy Flower":[6],"counters":[8,41],"Tingsha":[12],"PreservedInsect":23,"obtain_stats":[{"Happy Flower":7,"Tingsha":13,"PreservedInsect":9,"Ring of the Snake":0},{"Happy Flower":4,"Tingsha":6,"PreservedInsect":4,"Ring of the Snake":0},{"Happy Flower":21,"Tingsha":28,"PreservedInsect":21,"Ring of the Snake":0}],"Ring of the Snake":[16]},"card_choices":[{"not_picked":["Escape Plan","Accuracy"],"picked":"All Out Attack","floor":1},{"not_picked":["Underhanded Strike","Bane"],"picked":"PiercingWail","floor":3},{"not_picked":["Sucker Punch","Underhanded Strike"],"picked":"A Thousand Cuts","floor":4},{"not_picked":["Setup","Infinite Blades"],"picked":"Predator","floor":7},{"not_picked":["Predator","Sucker Punch"],"picked":"Caltrops","floor":12},{"not_picked":["Deadly Poison","Choke"],"picked":"Bouncing Flask","floor":13},{"not_picked":["Blade Dance","Underhanded Strike"],"picked":"Catalyst","floor":14}],"player_experience":405334,"relics_obtained":[{"floor":7,"key":"Happy Flower"},{"floor":9,"key":"PreservedInsect"},{"floor":13,"key":"Tingsha"}],"event_choices":[{"cards_removed":["Strike_G"],"damage_healed":0,"gold_gain":0,"player_choice":"Offered Basic","damage_taken":0,"max_hp_gain":0,"max_hp_loss":0,"event_name":"Bonfire Elementals","floor":2,"gold_loss":0},{"damage_healed":0,"gold_gain":150,"player_choice":"AGREE","damage_taken":0,"max_hp_gain":0,"max_hp_loss":0,"event_name":"Liars Game","floor":11,"gold_loss":0,"cards_obtained":["Doubt"]}],"is_beta":true,"boss_relics":[],"items_purged_floors":[5],"is_endless":false,"potions_floor_spawned":[1,4],"killed_by":"Hexaghost","ascension_level":20}}