{"host":"ef0di4u2iht71tvj","time":1614218553,"event":{"mods":["2.2 Compatiblity","Act Like it!","BaseMod","DeckTracker","Downfall","Hermit","HololiveMod","JesterMod","Koishi","Marisa????????","Minty Spire (QoL Compilation)","StSLib","SuperFastMode","Synergy Search","The Animator","The Bug Knight","The Clintock","The Construct","The Cursed","The Disciple","The Forsaken","The Gatherer","The Hierophant","The Jungle","The Servant 0.9.4"],"gold_per_floor":[117,135,154,166,184,184,220,244,320,320,270,302,328,371,371,479,479,490,509,249,260,6,6,6,6],"floor_reached":24,"language":"ENG","playtime":2345,"items_purged":["HollowMod:NailStrikeStart"],"score":231,"play_id":"d15d844f-ec1c-4b39-b1d9-fcee4de9c487","local_time":"20210225030233","is_ascension_mode":true,"campfire_choices":[{"data":"HollowMod:FocusHealStart","floor":6.0,"key":"SMITH"},{"data":"HollowMod:ZotesMagnificence","floor":10.0,"key":"SMITH"},{"data":"HollowMod:MantisMark","floor":15.0,"key":"SMITH"},{"floor":23.0,"key":"REST"}],"circlet_count":0,"master_deck":["HollowMod:NailStrikeStart","HollowMod:NailStrikeStart","HollowMod:QuickDashStart","HollowMod:QuickDashStart","HollowMod:QuickDashStart","HollowMod:QuickDashStart","HollowMod:FocusHealStart+1","HollowMod:PogoStrike","HollowMod:AbyssShriek","HollowMod:MantisMark+1","HollowMod:DescendingDark","HollowMod:DescendingDark","HollowMod:ZotesMagnificence+1","HollowMod:ShadowDash","HollowMod:NewLittleFool","HollowMod:GrimmsGift","HollowMod:SlysStrikes","HollowMod:CloakDash","HollowMod:CloakDash"],"relics":["HollowMod:VesselMask","CeramicFish","Bottled Flame","Incense Burner","Turnip","Philosopher\u0027s Stone","Vajra","White Beast Statue"],"acts_visited":["Exordium","TheCity"],"potions_floor_usage":[24],"damage_taken":[{"damage":1.0,"enemies":"Cultist","floor":1.0,"turns":4.0},{"damage":3.0,"enemies":"Small Slimes","floor":2.0,"turns":4.0},{"damage":1.0,"enemies":"Jaw Worm","floor":3.0,"turns":3.0},{"damage":14.0,"enemies":"Exordium Wildlife","floor":4.0,"turns":8.0},{"damage":0.0,"enemies":"Gremlin Gang","floor":5.0,"turns":8.0},{"damage":11.0,"enemies":"3 Sentries","floor":7.0,"turns":2.0},{"damage":0.0,"enemies":"Large Slime","floor":8.0,"turns":5.0},{"damage":7.0,"enemies":"Gremlin Nob","floor":12.0,"turns":3.0},{"damage":0.0,"enemies":"Blue Slaver","floor":13.0,"turns":1.0},{"damage":8.0,"enemies":"3 Sentries","floor":14.0,"turns":6.0},{"damage":53.0,"enemies":"Hexaghost","floor":16.0,"turns":8.0},{"damage":23.0,"enemies":"2 Thieves","floor":18.0,"turns":5.0},{"damage":22.0,"enemies":"Shell Parasite","floor":19.0,"turns":4.0},{"damage":41.0,"enemies":"Shelled Parasite and Fungi","floor":21.0,"turns":6.0},{"damage":68,"enemies":"Gremlin Leader","floor":24,"turns":5}],"seed_played":"-8628846416327373226","potions_obtained":[{"floor":2.0,"key":"SpeedPotion"},{"floor":5.0,"key":"SkillPotion"},{"floor":8.0,"key":"Weak Potion"},{"floor":13.0,"key":"PowerPotion"},{"floor":14.0,"key":"Fire Potion"},{"floor":16.0,"key":"EssenceOfSteel"},{"floor":21.0,"key":"Dexterity Potion"}],"is_trial":false,"path_per_floor":["M","M","M","M","M","R","E","M","T","R","?","E","M","E","R","B",null,"M","M","$","M","$","R","E"],"character_chosen":"THE_BUGKNIGHT","items_purchased":["Vajra","HollowMod:CloakDash","White Beast Statue"],"campfire_rested":1,"item_purchase_floors":[20,20,22],"current_hp_per_floor":[82,79,82,74,82,82,71,82,82,82,82,81,81,82,82,29,82,65,53,53,22,22,46,0,0],"gold":6,"neow_bonus":"TEN_PERCENT_HP_BONUS","is_daily":false,"chose_seed":false,"campfire_upgraded":3,"win_rate":0.0,"timestamp":1614218553,"path_taken":["M","?","M","M","M","R","E","M","T","R","?","E","M","E","R","BOSS","M","M","$","M","$","R","E"],"items_purchased_type":["Relic","Card","Relic"],"build_version":"2020-12-22","purchased_purges":1,"victory":false,"max_hp_per_floor":[82,82,82,82,82,82,82,82,82,82,82,82,82,82,82,82,82,82,82,82,82,82,82,82,82],"card_choices":[{"not_picked":["HollowMod:VengefulVoid","HollowMod:CycloneSlash"],"picked":"HollowMod:AbyssShriek","floor":1.0},{"not_picked":["HollowMod:CrystalDash","HollowMod:PureNailStrike"],"picked":"HollowMod:MantisMark","floor":2.0},{"not_picked":["HollowMod:DoubleDash","HollowMod:HeavyBlow"],"picked":"HollowMod:DescendingDark","floor":3.0},{"not_picked":["HollowMod:Grubsong","HollowMod:NewJinnsSoul","HollowMod:InfectedAttack"],"picked":"SKIP","floor":4.0},{"not_picked":["HollowMod:SoulVessel","HollowMod:GreatSlash"],"picked":"HollowMod:DescendingDark","floor":5.0},{"not_picked":["HollowMod:WraithStrike","HollowMod:FastStrike"],"picked":"HollowMod:ZotesMagnificence","floor":7.0},{"not_picked":["HollowMod:InfectedAttack","HollowMod:BrokenVessel"],"picked":"HollowMod:ShadowDash","floor":8.0},{"not_picked":["HollowMod:SoulEater","HollowMod:BaldurShell","HollowMod:FallenFury"],"picked":"SKIP","floor":12.0},{"not_picked":["HollowMod:DescendingDark","HollowMod:GrimmsGift"],"picked":"HollowMod:NewLittleFool","floor":13.0},{"not_picked":["HollowMod:NewLittleFool","HollowMod:DoubleDash"],"picked":"HollowMod:GrimmsGift","floor":14.0},{"not_picked":["HollowMod:PureVessel","HollowMod:MidwifesHunger"],"picked":"HollowMod:SlysStrikes","floor":16.0},{"not_picked":["HollowMod:SiblingsSouls","HollowMod:NewGlowingWomb","HollowMod:InfectedCysts+1"],"picked":"SKIP","floor":18.0},{"not_picked":["HollowMod:VengefulSpirit","HollowMod:RecoilStrike"],"picked":"HollowMod:CloakDash","floor":19.0},{"not_picked":["HollowMod:SoulStrike","HollowMod:DescendingDark","HollowMod:CornifersMapStart"],"picked":"SKIP","floor":21.0}],"player_experience":1851435,"relics_obtained":[{"floor":7.0,"key":"CeramicFish"},{"floor":9.0,"key":"Bottled Flame"},{"floor":12.0,"key":"Incense Burner"},{"floor":14.0,"key":"Turnip"}],"event_choices":[{"cards_removed":["HollowMod:NailStrikeStart"],"damage_healed":0.0,"max_hp_gain":0.0,"max_hp_loss":0.0,"gold_gain":0.0,"event_name":"The Cleric","player_choice":"Card Removal","floor":11.0,"gold_loss":50.0,"damage_taken":0.0}],"is_beta":false,"boss_relics":[{"not_picked":["Hololive_TopUpMoneyS","Runic Pyramid"],"picked":"Philosopher\u0027s Stone"}],"items_purged_floors":[20],"is_endless":false,"potions_floor_spawned":[2,5,8,13,14,16,21],"killed_by":"Gremlin Leader","ascension_level":1}}