{"host":"j9j3743o1ttcbk0r","time":1614236135,"event":{"mods":["Always Whale","Bard","BaseMod","Conspire","Downfall","Duelist Mod","GifTheSpireLib","Glutton Mod","Halation","Infinite Spire","Library of Ruina","Library of Ruina Extra","MarisaÅiñ∂âJÅ@ñÇóùçπÅj","Minty Spire (QoL Compilation)","READ ME - Guardian Mod","Replay The Spire","StSLib","The Blackbeard","The Construct","The Disciple","The Mystic","The Servant 0.9.4"],"gold_per_floor":[138,149,25,43,60,60,78,90,90,120,136,171,171],"floor_reached":12,"language":"ENG","playtime":1524,"items_purged":["theDuelist:Sparks"],"score":94,"play_id":"fc13eef4-953f-427d-8d97-2c83ca809131","local_time":"20210225015535","is_ascension_mode":false,"campfire_choices":[{"data":"theDuelist:RainbowNeos","floor":6,"key":"SMITH"}],"circlet_count":0,"master_deck":["theDuelist:BeaverWarrior","theDuelist:BeaverWarrior","theDuelist:CastleWalls","theDuelist:CastleWalls","theDuelist:FinalFlame","theDuelist:GiantSoldier","theDuelist:GiantSoldier","theDuelist:ScrapFactory","theDuelist:Sparks","theDuelist:RainbowNeos+1","theDuelist:PowerKaishin","theDuelist:SwordDeepSeated","theDuelist:RainbowKuriboh","theDuelist:WhiteMagicalHat","theDuelist:FusionWeapon","theDuelist:AfterGenocide","theDuelist:MillenniumGolem","theDuelist:MeteorDestruction","theDuelist:Eva"],"relics":["theDuelist:MillenniumPuzzle","theDuelist:CardPoolRelic","theDuelist:CardPoolBasicRelic","theDuelist:BoosterPackPoolRelic","theDuelist:CardPoolAddRelic","theDuelist:CardPoolMinusRelic","theDuelist:CardPoolSaveRelic","theDuelist:CardPoolOptionsRelic","Mango","PageOfTodaysShyLook","theDuelist:MillenniumPeriapt"],"acts_visited":["Exordium"],"potions_floor_usage":[],"damage_taken":[{"damage":0,"enemies":"Cultist","floor":1,"turns":4},{"damage":0,"enemies":"Jaw Worm","floor":2,"turns":4},{"damage":0,"enemies":"2 Louse","floor":4,"turns":2},{"damage":2,"enemies":"Red Slaver","floor":5,"turns":4},{"damage":0,"enemies":"2 Fungi Beasts","floor":7,"turns":3},{"damage":0,"enemies":"Large Slime","floor":8,"turns":3},{"damage":23,"enemies":"Gremlin Nob","floor":10,"turns":4},{"damage":1,"enemies":"Blue Slaver","floor":11,"turns":3},{"damage":10,"enemies":"3 Sentries","floor":12,"turns":7}],"seed_played":"-2168137824953083654","potions_obtained":[{"floor":1,"key":"Strength Potion"},{"floor":4,"key":"ColorlessPotion"},{"floor":5,"key":"theDuelist:BottledKuriboh"},{"floor":10,"key":"theDuelist:WaterBottle"}],"is_trial":false,"path_per_floor":["M","M","$","M","M","R","M","M","T","E","M","E"],"character_chosen":"THE_DUELIST","items_purchased":["theDuelist:SwordDeepSeated"],"campfire_rested":0,"item_purchase_floors":[3],"current_hp_per_floor":[86,86,86,86,84,84,84,84,84,61,60,50,50],"gold":171,"neow_bonus":"ONE_RARE_RELIC","is_daily":false,"chose_seed":false,"campfire_upgraded":1,"win_rate":0.0,"timestamp":1614236135,"path_taken":["M","M","?","M","M","R","M","M","T","E","M","E"],"items_purchased_type":["Card"],"build_version":"2020-12-22","purchased_purges":1,"victory":false,"max_hp_per_floor":[86,86,86,86,86,86,86,86,86,86,86,86,86],"card_choices":[{"not_picked":["theDuelist:SpellShatteringArrow","theDuelist:CoreBlaster","theDuelist:BigFire","theDuelist:AncientGearFist"],"picked":"theDuelist:RainbowNeos","floor":1},{"not_picked":["theDuelist:Hinotama","theDuelist:CoreBlaster","theDuelist:Invigoration","theDuelist:VendreadCharge"],"picked":"theDuelist:PowerKaishin","floor":2},{"not_picked":["theDuelist:RainbowNeos","theDuelist:HappyLover","theDuelist:Eva","theDuelist:RainbowOverdragon"],"picked":"theDuelist:RainbowKuriboh","floor":4},{"not_picked":["theDuelist:MeteorDestruction","theDuelist:SpiritHarp","theDuelist:BigFire","theDuelist:DarkBurningMagic"],"picked":"theDuelist:WhiteMagicalHat","floor":5},{"not_picked":["theDuelist:Sangan","theDuelist:BreakDraw","theDuelist:CrystalRaigeki","theDuelist:LightningBlade"],"picked":"theDuelist:FusionWeapon","floor":7},{"not_picked":["theDuelist:InfernoFireBlast","theDuelist:FuryFire","theDuelist:BlackPendant","theDuelist:SwordsRevealing"],"picked":"theDuelist:AfterGenocide","floor":8},{"not_picked":["theDuelist:LightningRodLord","theDuelist:Mudora","theDuelist:DestroyerGolem","theDuelist:Fissure"],"picked":"theDuelist:MillenniumGolem","floor":10},{"not_picked":["theDuelist:DoubleTool","theDuelist:CoreBlaster","theDuelist:BigFire","theDuelist:SparkBlaster"],"picked":"theDuelist:MeteorDestruction","floor":11},{"not_picked":["theDuelist:Hinotama","theDuelist:RainbowNeos","theDuelist:CombinationAttack","theDuelist:EgoBoost"],"picked":"theDuelist:Eva","floor":12}],"player_experience":217063,"relics_obtained":[{"floor":10,"key":"PageOfTodaysShyLook"},{"floor":12,"key":"theDuelist:MillenniumPeriapt"}],"event_choices":[],"is_beta":false,"boss_relics":[],"items_purged_floors":[3],"is_endless":false,"potions_floor_spawned":[1,4,5,10],"killed_by":"3 Sentries","ascension_level":0}}