{"host":"e14va605tljgvqtz","time":1614279095,"event":{"mods":["BaseMod","Colored Map","Highlight Path","Minty Spire (QoL Compilation)","Relic Stats"],"gold_per_floor":[118,128,141,48,63,63,90,100,100,100,100,154,27,61,61,182,182,201,191,212,66,86,86,86,86],"floor_reached":24,"language":"ENG","playtime":1578,"items_purged":[],"score":312,"play_id":"1228a7c1-724f-493e-8118-f143f61dfa18","local_time":"20210225105135","is_ascension_mode":true,"campfire_choices":[{"data":"Neutralize","floor":6,"key":"SMITH"},{"floor":11,"key":"REST"},{"data":"Adrenaline","floor":15,"key":"SMITH"},{"floor":23,"key":"REST"}],"circlet_count":0,"master_deck":["AscendersBane","Strike_G","Strike_G","Strike_G","Strike_G","Strike_G","Defend_G","Defend_G","Defend_G","Defend_G","Defend_G","Survivor","Neutralize+1","Grand Finale","Crippling Poison","Slice","Bane","Footwork","PiercingWail","Predator","Adrenaline+1","Well Laid Plans","Noxious Fumes","Deadly Poison","Burst","Dagger Throw","Leg Sweep","Reflex","Unload","Blur+1"],"relics":["Ring of the Snake","Ancient Tea Set","Paper Crane","Golden Idol","Tingsha","Cursed Key","Orrery"],"acts_visited":["Exordium","TheCity"],"potions_floor_usage":[7,14,22,24],"damage_taken":[{"damage":4,"enemies":"Jaw Worm","floor":1,"turns":7},{"damage":5,"enemies":"2 Louse","floor":2,"turns":4},{"damage":0,"enemies":"Small Slimes","floor":3,"turns":5},{"damage":0,"enemies":"3 Louse","floor":5,"turns":5},{"damage":28,"enemies":"Lagavulin","floor":7,"turns":13},{"damage":3,"enemies":"Looter","floor":8,"turns":3},{"damage":13,"enemies":"Gremlin Nob","floor":14,"turns":4},{"damage":7,"enemies":"The Guardian","floor":16,"turns":10},{"damage":10,"enemies":"3 Byrds","floor":18,"turns":6},{"damage":7,"enemies":"2 Thieves","floor":19,"turns":4},{"damage":20,"enemies":"Shelled Parasite and Fungi","floor":20,"turns":5},{"damage":12,"enemies":"Snake Plant","floor":22,"turns":3},{"damage":29,"enemies":"Slavers","floor":24,"turns":3}],"seed_played":"-1901702300000815187","potions_obtained":[{"floor":2,"key":"Energy Potion"},{"floor":3,"key":"Explosive Potion"},{"floor":8,"key":"Strength Potion"},{"floor":14,"key":"LiquidBronze"},{"floor":18,"key":"BlessingOfTheForge"}],"is_trial":false,"path_per_floor":["M","M","M","$","M","R","E","M","T","?","R","?","$","E","R","B",null,"M","M","M","$","M","R","E"],"character_chosen":"THE_SILENT","items_purchased":["Footwork","PiercingWail","Noxious Fumes","Poison Potion","Orrery"],"campfire_rested":2,"item_purchase_floors":[4,4,13,13,21],"current_hp_per_floor":[59,54,54,54,54,54,26,23,23,23,42,42,42,29,29,22,54,44,37,17,17,5,24,0,0],"gold":86,"neow_bonus":"ONE_RANDOM_RARE_CARD","is_daily":false,"chose_seed":false,"campfire_upgraded":2,"win_rate":0.0,"timestamp":1614279095,"path_taken":["M","M","M","$","M","R","E","M","T","?","R","?","$","E","R","BOSS","M","M","M","$","M","R","E"],"items_purchased_type":["Card","Card","Card","Potion","Relic"],"build_version":"2020-12-22","purchased_purges":0,"victory":false,"max_hp_per_floor":[70,70,70,70,70,70,70,70,70,65,65,65,65,65,65,65,65,65,65,65,65,65,65,65,65],"relic_stats":{"counters":[13,72],"Golden Idol":47,"Tingsha":[25],"Cursed Key":0,"obtain_stats":[{"Golden Idol":10,"Orrery":21,"Tingsha":14,"Paper Crane":9,"Ancient Tea Set":7,"Cursed Key":17,"Ring of the Snake":0},{"Golden Idol":6,"Orrery":11,"Tingsha":7,"Paper Crane":6,"Ancient Tea Set":5,"Cursed Key":8,"Ring of the Snake":0},{"Golden Idol":37,"Orrery":66,"Tingsha":41,"Paper Crane":37,"Ancient Tea Set":34,"Cursed Key":51,"Ring of the Snake":0}],"Ring of the Snake":[26]},"card_choices":[{"not_picked":["Sucker Punch","Choke"],"picked":"Crippling Poison","floor":1},{"not_picked":["Caltrops","Backflip"],"picked":"Slice","floor":2},{"not_picked":["Outmaneuver","Prepared"],"picked":"Bane","floor":3},{"not_picked":["Backflip","Acrobatics"],"picked":"Predator","floor":5},{"not_picked":["Concentrate","Prepared"],"picked":"Adrenaline","floor":7},{"not_picked":["Distraction","Backstab"],"picked":"Well Laid Plans","floor":8},{"not_picked":["Endless Agony","Slice"],"picked":"Deadly Poison","floor":14},{"not_picked":["Malaise","Doppelganger"],"picked":"Burst","floor":16},{"not_picked":["Blade Dance","Dodge and Roll"],"picked":"Dagger Throw","floor":18},{"not_picked":["Bouncing Flask","Dagger Throw","Underhanded Strike"],"picked":"SKIP","floor":19},{"not_picked":["Deflect","Underhanded Strike+1"],"picked":"Leg Sweep","floor":20},{"not_picked":["Flying Knee","Riddle With Holes"],"picked":"Reflex","floor":21},{"not_picked":["Cloak And Dagger+1","Dagger Throw"],"picked":"Unload","floor":21},{"not_picked":["PiercingWail+1","Dagger Throw"],"picked":"Blur+1","floor":22}],"player_experience":341101,"relics_obtained":[{"floor":7,"key":"Ancient Tea Set"},{"floor":9,"key":"Paper Crane"},{"floor":14,"key":"Tingsha"}],"event_choices":[{"damage_healed":0,"gold_gain":0,"player_choice":"Lose Max HP","damage_taken":0,"relics_obtained":["Golden Idol"],"max_hp_gain":0,"max_hp_loss":5,"event_name":"Golden Idol","floor":10,"gold_loss":0},{"damage_healed":0,"gold_gain":54,"player_choice":"Gained Gold","damage_taken":0,"max_hp_gain":0,"max_hp_loss":0,"event_name":"Golden Wing","floor":12,"gold_loss":0}],"is_beta":false,"boss_relics":[{"not_picked":["Fusion Hammer","Sozu"],"picked":"Cursed Key"}],"items_purged_floors":[],"is_endless":false,"potions_floor_spawned":[2,3,8,14,16,18,19],"killed_by":"Slavers","ascension_level":10}}