{"host":"5tir6155jnoxijqh","time":1614258579,"event":{"mods":["Act Like it!","Arknights","BaseMod","Downfall","Hermit","Library of Ruina","Library of Ruina Extra","Minty Spire (QoL Compilation)","MostiFishMod","Shop Mod","Spicy Shops","StSLib","WarShipGirlsR/战舰少女R mod","【遗物卡牌】REMEMod"],"gold_per_floor":[114,132,151,29,44,44,44,60,60,60,60],"floor_reached":10,"language":"ZHS","playtime":337,"items_purged":["hermit:Strike_Hermit"],"score":69,"play_id":"6d4aae8d-c441-4c67-abe3-f33440ba6bad","local_time":"20210225210939","is_ascension_mode":true,"campfire_choices":[{"data":"MostiFishMod:FlyOverUtopia","floor":6,"key":"SMITH"}],"circlet_count":0,"master_deck":["hermit:Strike_Hermit","hermit:Strike_Hermit","hermit:Defend_Hermit","hermit:Defend_Hermit","hermit:Defend_Hermit","hermit:Defend_Hermit","hermit:Snapshot","hermit:Covet","MostiFishMod:FlyOverUtopia+1","hermit:Gestalt","hermit:ItchyTrigger","hermit:CalledShot","hermit:LuckOfTheDraw","hermit:Grudge","hermit:Spite"],"relics":["hermit:Momento","DaveBox","REME_ComplimentaryCards","The Courier","PageOfLaetitia","SynthV:TestCard"],"acts_visited":["Exordium"],"potions_floor_usage":[],"damage_taken":[{"damage":12,"enemies":"Small Slimes","floor":1,"turns":2},{"damage":8,"enemies":"Jaw Worm","floor":2,"turns":2},{"damage":4,"enemies":"2 Louse","floor":3,"turns":2},{"damage":4,"enemies":"2 Fungi Beasts","floor":5,"turns":3},{"damage":4,"enemies":"Gremlin Gang","floor":8,"turns":3},{"damage":24,"enemies":"Gremlin Nob","floor":10,"turns":2}],"seed_played":"3987638845346436444","potions_obtained":[{"floor":3,"key":"ColorlessPotion"}],"is_trial":false,"path_per_floor":["M","M","M","$","M","R","?","M","T","E"],"character_chosen":"HERMIT","items_purchased":["hermit:LuckOfTheDraw"],"campfire_rested":0,"item_purchase_floors":[4],"current_hp_per_floor":[42,34,30,30,26,26,26,22,22,0,0],"gold":60,"neow_bonus":"ONE_RARE_RELIC","is_daily":false,"chose_seed":false,"campfire_upgraded":1,"win_rate":0.0,"timestamp":1614258579,"path_taken":["M","M","M","$","M","R","?","M","T","E"],"items_purchased_type":["Card"],"build_version":"2020-12-22","purchased_purges":1,"victory":false,"max_hp_per_floor":[75,75,75,75,75,75,75,75,75,75,75],"card_choices":[{"not_picked":["hermit:Coalescence","hermit:Feint"],"picked":"hermit:Gestalt","floor":1},{"not_picked":["hermit:Headshot","hermit:Glare","hermit:SprayPray","hermit:Shortfuse"],"picked":"hermit:ItchyTrigger","floor":2},{"not_picked":["hermit:Misfire","hermit:ItchyTrigger","hermit:Glare","hermit:HighCaliber"],"picked":"hermit:CalledShot","floor":3},{"not_picked":["hermit:Coalescence","hermit:LuckOfTheDraw","hermit:Cheat","hermit:LoneWolf"],"picked":"hermit:Grudge","floor":5},{"not_picked":["hermit:Headshot","hermit:Glare","hermit:SprayPray","hermit:Roulette"],"picked":"hermit:Spite","floor":8}],"player_experience":414425,"relics_obtained":[{"floor":1,"key":"SynthV:TestCard"}],"event_choices":[{"cards_removed":["hermit:Strike_Hermit"],"damage_healed":0,"gold_gain":0,"player_choice":"Forget","damage_taken":0,"max_hp_gain":0,"max_hp_loss":0,"event_name":"Living Wall","floor":7,"gold_loss":0}],"is_beta":false,"boss_relics":[],"items_purged_floors":[4],"is_endless":false,"potions_floor_spawned":[3],"killed_by":"Gremlin Nob","ascension_level":3}}