{"host":"prxrhpgaxnj4om9r","time":1614253035,"event":{"mods":["AchievementEnabler","BaseMod","Colored Map","DeckTracker","Keyboard Shortcuts","Minty Spire (QoL Compilation)"],"gold_per_floor":[110,110,120,120,136,136,166,119,174,25,25,25],"floor_reached":11,"language":"KOR","playtime":445,"items_purged":[],"score":96,"play_id":"97bee6a5-231c-45dd-b1e0-097b65eb51e3","local_time":"20210225203715","is_ascension_mode":true,"campfire_choices":[{"data":"Adrenaline","floor":6,"key":"SMITH"}],"circlet_count":0,"master_deck":["Strike_G","Strike_G","Strike_G","Strike_G","Strike_G","Defend_G","Defend_G","Defend_G","Defend_G","Survivor","Neutralize+1","Deflect","Deadly Poison","Adrenaline+1","Acrobatics","Flying Knee"],"relics":["Ring of the Snake","FaceOfCleric","Juzu Bracelet","Boot","Tiny Chest"],"acts_visited":["Exordium"],"potions_floor_usage":[5,7],"damage_taken":[{"damage":2,"enemies":"Jaw Worm","floor":1,"turns":6},{"damage":0,"enemies":"Cultist","floor":3,"turns":4},{"damage":5,"enemies":"2 Louse","floor":5,"turns":2},{"damage":30,"enemies":"3 Sentries","floor":7,"turns":12},{"damage":51,"enemies":"Gremlin Nob","floor":11,"turns":4}],"seed_played":"5947800025313662386","potions_obtained":[{"floor":3,"key":"Strength Potion"},{"floor":5,"key":"LiquidMemories"}],"is_trial":false,"path_per_floor":["M","?","M","?","M","R","E","$","T","$","E"],"character_chosen":"THE_SILENT","items_purchased":["Flying Knee","Tiny Chest"],"campfire_rested":0,"item_purchase_floors":[8,10],"current_hp_per_floor":[61,61,61,61,57,57,28,28,28,28,0,0],"gold":25,"neow_bonus":"UPGRADE_CARD","is_daily":false,"chose_seed":false,"campfire_upgraded":1,"win_rate":0.0,"timestamp":1614253035,"path_taken":["M","?","?","?","M","R","E","$","T","?","E"],"items_purchased_type":["Card","Relic"],"build_version":"2020-12-22","purchased_purges":0,"victory":false,"max_hp_per_floor":[70,70,70,70,71,71,72,72,72,72,72,72],"card_choices":[{"not_picked":["Underhanded Strike","Sucker Punch"],"picked":"Deflect","floor":1},{"not_picked":["Cloak And Dagger","Expertise"],"picked":"Deadly Poison","floor":3},{"not_picked":["Deflect","PiercingWail"],"picked":"Adrenaline","floor":5},{"not_picked":["Prepared","Reflex"],"picked":"Acrobatics","floor":7}],"player_experience":654177,"relics_obtained":[{"floor":7,"key":"Juzu Bracelet"},{"floor":9,"key":"Boot"}],"event_choices":[{"cards_removed":["Defend_G"],"damage_healed":0,"gold_gain":0,"player_choice":"Offered Basic","damage_taken":0,"max_hp_gain":0,"max_hp_loss":0,"event_name":"Bonfire Elementals","floor":2,"gold_loss":0},{"damage_healed":0,"gold_gain":0,"player_choice":"Trade","damage_taken":0,"relics_obtained":["FaceOfCleric"],"max_hp_gain":0,"max_hp_loss":0,"event_name":"FaceTrader","floor":4,"gold_loss":0}],"is_beta":false,"boss_relics":[],"items_purged_floors":[],"is_endless":false,"potions_floor_spawned":[3,5],"killed_by":"Gremlin Nob","ascension_level":7}}