{"host":"3n5xmnb54n2y5mb4","time":1614295401,"event":{"mods":["BaseMod","Colored Map","Colored Powertips","Minty Spire (QoL Compilation)","Permanent Neow","StSLib","Unceasing Turn Reminder","everything is the same but u backflip on backflip"],"gold_per_floor":[115,133,133,145,71,71,98,98,98,98,47,80,92,104,104,181,181,197,223,242,242,59,59,59],"floor_reached":23,"language":"ENG","playtime":881,"items_purged":[],"score":353,"play_id":"cfd02d71-08fc-43e0-8e2f-1bd46675c0fa","local_time":"20210225182321","is_ascension_mode":true,"campfire_choices":[{"floor":6,"key":"REST"},{"floor":8,"key":"REST"},{"data":"Zap","floor":10,"key":"SMITH"},{"floor":15,"key":"REST"}],"circlet_count":0,"master_deck":["AscendersBane","Strike_B","Strike_B","Strike_B","Strike_B","Defend_B","Defend_B","Defend_B","Defend_B+1","Zap+1","Dualcast","Rainbow+1","Barrage","Doom and Gloom","Reinforced Body","Capacitor","White Noise+1","Coolheaded+1","Electrodynamics","Capacitor","Darkness+1","Buffer","Conserve Battery+1","Redo+1","Ghostly+1","Ghostly+1","Ghostly+1","Ghostly+1","Ghostly+1","Capacitor","Darkness+1","Reinforced Body+1"],"relics":["Cracked Core","Toxic Egg 2","Pantograph","Centennial Puzzle","SlaversCollar","Red Mask"],"acts_visited":["Exordium","TheCity"],"potions_floor_usage":[16],"damage_taken":[{"damage":7,"enemies":"2 Louse","floor":1,"turns":3},{"damage":5,"enemies":"Jaw Worm","floor":2,"turns":3},{"damage":2,"enemies":"Small Slimes","floor":4,"turns":2},{"damage":23,"enemies":"Lagavulin","floor":7,"turns":7},{"damage":34,"enemies":"Gremlin Nob","floor":12,"turns":4},{"damage":2,"enemies":"Exordium Thugs","floor":13,"turns":3},{"damage":9,"enemies":"Looter","floor":14,"turns":3},{"damage":34,"enemies":"Slime Boss","floor":16,"turns":6},{"damage":28,"enemies":"Chosen","floor":18,"turns":6},{"damage":39,"enemies":"Masked Bandits","floor":19,"turns":4},{"damage":20,"enemies":"Shell Parasite","floor":20,"turns":6},{"damage":7,"enemies":"Book of Stabbing","floor":23,"turns":2}],"seed_played":"7276291139787838426","potions_obtained":[{"floor":2,"key":"FairyPotion"},{"floor":4,"key":"SmokeBomb"},{"floor":14,"key":"LiquidMemories"},{"floor":16,"key":"FearPotion"},{"floor":20,"key":"Energy Potion"}],"is_trial":false,"path_per_floor":["M","M","?","M","$","R","E","R","T","R","$","E","M","M","R","B",null,"M","?","M","?","$","E"],"character_chosen":"DEFECT","items_purchased":["Capacitor","Coolheaded+1","Capacitor","Darkness+1","Reinforced Body+1"],"campfire_rested":3,"item_purchase_floors":[5,11,22,22,22],"current_hp_per_floor":[61,56,41,39,39,61,38,60,60,60,60,26,24,15,37,28,63,35,22,2,2,2,0,0],"gold":59,"neow_bonus":"ONE_RANDOM_RARE_CARD","is_daily":false,"chose_seed":false,"campfire_upgraded":1,"win_rate":0.0,"timestamp":1614295401,"path_taken":["M","M","?","M","$","R","E","R","T","R","$","E","M","M","R","BOSS","M","?","M","?","$","E"],"items_purchased_type":["Card","Card","Card","Card","Card"],"build_version":"2020-12-22","purchased_purges":0,"victory":false,"max_hp_per_floor":[75,75,75,75,75,75,75,75,75,75,75,75,75,75,75,75,75,75,75,75,37,37,37,37],"card_choices":[{"not_picked":["Beam Cell","Rebound"],"picked":"Barrage","floor":1},{"not_picked":["Auto Shields","Sweeping Beam"],"picked":"Doom and Gloom","floor":2},{"not_picked":["Stack","Streamline"],"picked":"Reinforced Body","floor":4},{"not_picked":["Turbo+1","Coolheaded+1"],"picked":"White Noise+1","floor":7},{"not_picked":["Stack+1","Blizzard"],"picked":"Electrodynamics","floor":12},{"not_picked":["Steam+1","Heatsinks"],"picked":"Capacitor","floor":13},{"not_picked":["Auto Shields+1","Go for the Eyes"],"picked":"Darkness+1","floor":14},{"not_picked":["All For One","Electrodynamics"],"picked":"Buffer","floor":16},{"not_picked":["Sweeping Beam","Steam Power+1","Ball Lightning"],"picked":"SKIP","floor":18},{"not_picked":["Gash","Self Repair"],"picked":"Conserve Battery+1","floor":19},{"not_picked":["Ball Lightning","Electrodynamics"],"picked":"Redo+1","floor":20}],"player_experience":1036203,"relics_obtained":[{"floor":7,"key":"Toxic Egg 2"},{"floor":9,"key":"Pantograph"},{"floor":12,"key":"Centennial Puzzle"},{"floor":19,"key":"Red Mask"}],"event_choices":[{"damage_healed":0,"gold_gain":0,"player_choice":"Entered Light","damage_taken":15,"max_hp_gain":0,"max_hp_loss":0,"event_name":"Shining Light","floor":3,"gold_loss":0,"cards_upgraded":["Rainbow","Defend_B"]},{"damage_healed":0,"gold_gain":0,"player_choice":"Fought Bandits","damage_taken":0,"max_hp_gain":0,"max_hp_loss":0,"event_name":"Masked Bandits","floor":19,"gold_loss":0},{"damage_healed":0,"gold_gain":0,"player_choice":"Became a Ghost","damage_taken":0,"max_hp_gain":0,"max_hp_loss":38,"event_name":"Ghosts","floor":21,"gold_loss":0,"cards_obtained":["Ghostly","Ghostly","Ghostly","Ghostly","Ghostly"]}],"is_beta":false,"boss_relics":[{"not_picked":["Velvet Choker","Philosopher\u0027s Stone"],"picked":"SlaversCollar"}],"items_purged_floors":[],"is_endless":false,"potions_floor_spawned":[2,4,14,16,20],"killed_by":"Book of Stabbing","ascension_level":13}}