{"host":"ztzf20fs6w35ztzf","time":1614255156,"event":{"mods":["AchievementEnabler","AlwaysNeverKeys","BaseMod","BetterRewards","Colored Powertips","DeckTracker","Downfall","Grow up Mod","Lobotomy","Minty Spire (QoL Compilation)","Rare Cards Sparkle","Remove Card Discount Mod","Replay The Spire","StSLib","SuperFastMode"],"gold_per_floor":[99,111,88,106,106,106,174,149,179,190,323,339,368,388,398,494,494,494,506,506,506,506,518,541,560,574,591,936,1036,1063,1055,1071,1175,1175,1175,1195,1195,1250,1261,1103,1128,1157,1157,1174,1203,1203,1103,1103,1115,1115,1115],"floor_reached":52,"language":"ENG","playtime":1611,"items_purged":["bronze:Defend","bronze:Defend","bronze:Defend","bronze:Defend","bronze:Strike","bronze:Strike","bronze:Strike","bronze:Strike","Parasite","Regret","Doubt","bronze:FindAndReplace","bronze:BronzeOrb","bronze:Goto","downfall:Aged","Purity"],"score":842,"play_id":"04c49267-46ac-441d-bb0c-b72a3a53c8ba","local_time":"20210225201236","is_ascension_mode":false,"campfire_choices":[{"data":"bronze:Replicate","floor":1,"key":"SMITH"},{"data":"bronze:Iterate","floor":6,"key":"SMITH"},{"floor":18,"key":"DIG"},{"data":"bronze:FineTuning","floor":35,"key":"SMITH"},{"data":"bronze:FineTuning","floor":43,"key":"SMITH"}],"circlet_count":0,"master_deck":["bronze:Replicate+1","bronze:Goto+1","bronze:FineTuning+1","bronze:Iterate+1","bronze:FineTuning+1","bronze:FineTuning+1","bronze:ShipIt"],"relics":["bronze:BronzeCore","Mirror","Pear","ReplayTheSpireMod:CursedCoin","Replay:Grab Bag","Velvet Choker","Sozu","SlaversCollar","Singing Bowl","bronze:BottledCode","Enchiridion","downfall:RedIOU","Blood Vial","downfall:GremlinSack","Omamori","Replay:Ancient Bell","Chameleon Ring","WingedGreaves","Gambling Chip","Membership Card","bronze:ProtectiveGoggles","Toy Ornithopter","Bottled Flame","downfall:HeartBlessingGreen"],"acts_visited":["Exordium","TheCity","TheBeyond"],"potions_floor_usage":[50],"damage_taken":[{"damage":6,"enemies":"Cultist","floor":2,"turns":3},{"damage":5,"enemies":"downfall:FleeingMerchant","floor":3,"turns":4},{"damage":6,"enemies":"2 Louse","floor":4,"turns":2},{"damage":15,"enemies":"downfall:FleeingMerchant","floor":8,"turns":4},{"damage":16,"enemies":"Gremlin Nob","floor":9,"turns":3},{"damage":0,"enemies":"Jaw Worm","floor":10,"turns":1},{"damage":20,"enemies":"downfall:FleeingMerchant","floor":11,"turns":4},{"damage":10,"enemies":"downfall:LooterAlt","floor":12,"turns":2},{"damage":36,"enemies":"Lagavulin","floor":13,"turns":4},{"damage":0,"enemies":"Exordium Wildlife","floor":14,"turns":2},{"damage":0,"enemies":"Blue Slaver","floor":15,"turns":1},{"damage":28,"enemies":"IC_STATUS_ARCHETYPE","floor":16,"turns":3},{"damage":8,"enemies":"3 Byrds","floor":19,"turns":3},{"damage":40,"enemies":"downfall:LooterAlt2","floor":23,"turns":3},{"damage":42,"enemies":"Snake Plant","floor":25,"turns":3},{"damage":26,"enemies":"Centurion and Healer","floor":26,"turns":4},{"damage":10,"enemies":"Sentry and Sphere","floor":27,"turns":3},{"damage":0,"enemies":"downfall:FleeingMerchant","floor":28,"turns":1},{"damage":21,"enemies":"downfall:FleeingMerchant","floor":29,"turns":3},{"damage":24,"enemies":"Book of Stabbing","floor":30,"turns":3},{"damage":42,"enemies":"Snake Plant","floor":32,"turns":3},{"damage":22,"enemies":"WA_ARCHETYPE_CALM","floor":33,"turns":5},{"damage":38,"enemies":"3 Shapes","floor":36,"turns":3},{"damage":94,"enemies":"2 Orb Walkers","floor":38,"turns":4},{"damage":28,"enemies":"Orb Walker","floor":39,"turns":3},{"damage":73,"enemies":"Reptomancer","floor":42,"turns":3},{"damage":29,"enemies":"Sphere and 2 Shapes","floor":44,"turns":3},{"damage":18,"enemies":"Giant Head","floor":45,"turns":5},{"damage":48,"enemies":"Maw","floor":49,"turns":6},{"damage":138,"enemies":"DF_ARCHETYPE_ORBS","floor":50,"turns":6}],"seed_played":"-5057949391858424638","potions_obtained":[{"floor":4,"key":"Fire Potion"},{"floor":10,"key":"LiquidMemories"},{"floor":12,"key":"GamblersBrew"}],"is_trial":false,"path_per_floor":["R","M","$","M","?","R","T","$","E","M","$","M","E","M","M","B",null,"R","M","?","?","?","M","T","M","M","M","$","?","E","$","M","B",null,"R","M","?","?","M","$","T","E","R","M","E","?","R","?","M","B",null,null],"character_chosen":"THE_AUTOMATON","items_purchased":["ReplayTheSpireMod:CursedCoin","Membership Card"],"campfire_rested":0,"item_purchase_floors":[11,40],"current_hp_per_floor":[97,101,106,110,120,130,140,135,139,149,139,139,113,123,133,115,264,274,278,286,280,290,262,272,244,232,236,250,243,233,243,215,207,450,460,434,446,366,352,362,372,313,323,308,304,314,324,334,300,179,189],"gold":1115,"neow_bonus":"TEN_PERCENT_HP_BONUS","is_daily":false,"chose_seed":false,"campfire_upgraded":4,"win_rate":0.0,"timestamp":1614255156,"path_taken":["R","?","$","M","?","R","T","$","E","?","?","M","E","?","M","BOSS","R","M","?","?","?","M","T","M","?","M","$","?","E","$","M","BOSS","R","M","?","?","?","$","T","E","R","M","E","?","R","?","M","BOSS"],"items_purchased_type":["Relic","Relic"],"build_version":"2020-12-22","purchased_purges":16,"victory":true,"max_hp_per_floor":[97,107,117,127,137,147,157,164,184,194,204,214,224,234,244,254,264,274,286,286,296,306,318,328,340,352,364,376,388,400,410,422,434,450,460,472,484,496,508,518,528,540,550,562,574,584,594,604,616,626,636],"card_choices":[{"not_picked":["bronze:Overheat","bronze:BitShift"],"picked":"bronze:FineTuning","floor":2},{"not_picked":["bronze:ForLoop","bronze:Backtrace"],"picked":"bronze:Iterate","floor":3},{"not_picked":["bronze:Invalidate","bronze:ItsAFeature","bronze:Turbo"],"picked":"SKIP","floor":4},{"not_picked":["bronze:WildBeam","bronze:FollowUp"],"picked":"bronze:FineTuning","floor":8},{"not_picked":["bronze:Turbo","bronze:Overload","bronze:Repulsor"],"picked":"SKIP","floor":9},{"not_picked":["bronze:Allocate","bronze:DelayedSlice"],"picked":"bronze:Optimize","floor":10},{"not_picked":["bronze:Format","bronze:Iterate","bronze:BurnOut"],"picked":"SKIP","floor":11},{"not_picked":["bronze:FineTuning","bronze:BuggyMess","bronze:OilSpill"],"picked":"SKIP","floor":12},{"not_picked":["bronze:Shell","bronze:ForceShield","bronze:WhirlingStrike"],"picked":"SKIP","floor":13},{"not_picked":["bronze:ChildClass","bronze:Turbo","bronze:GetLatest"],"picked":"SKIP","floor":14},{"not_picked":["bronze:WhirlingStrike","bronze:Turbo","bronze:FollowUp"],"picked":"SKIP","floor":15},{"not_picked":["bronze:BugBarrage","bronze:Safeguard","bronze:NullPointer"],"picked":"Singing Bowl","floor":19},{"not_picked":["bronze:ClassDefault","bronze:ForceShield","bronze:MaxOutput+1"],"picked":"Singing Bowl","floor":23},{"not_picked":["bronze:DelayedGuard","bronze:DelayedSlice","bronze:Allocate"],"picked":"Singing Bowl","floor":25},{"not_picked":["bronze:BitShift","bronze:FollowUp","bronze:BugBarrage"],"picked":"Singing Bowl","floor":26},{"not_picked":["bronze:Overheat","bronze:Shield+1","bronze:Frontload"],"picked":"Singing Bowl","floor":27},{"not_picked":["bronze:ThunderWave","bronze:Overheat","bronze:Iterate"],"picked":"Singing Bowl","floor":28},{"not_picked":["bronze:BitShift","bronze:ForLoop","bronze:ItsAFeature"],"picked":"Singing Bowl","floor":29},{"not_picked":["bronze:GetLatest+1","bronze:Branch+1","bronze:ChildClass"],"picked":"Singing Bowl","floor":30},{"not_picked":["bronze:FollowUp","bronze:Return","bronze:Frontload"],"picked":"Singing Bowl","floor":32},{"not_picked":["bronze:RecursiveStrike","bronze:AlphaBuild","bronze:Assembly"],"picked":"Singing Bowl","floor":33},{"not_picked":["Amnesia","Regret","downfall:Bewildered"],"picked":"Singing Bowl","floor":34},{"not_picked":["Writhe","Injury","downfall:Icky"],"picked":"Singing Bowl","floor":34},{"not_picked":["downfall:Aged","AbeCurse","ReplayTheSpireMod:Restless Dread"],"picked":"Singing Bowl","floor":34},{"not_picked":["bronze:Deprecate+1","bronze:Iterate+1","bronze:Flail"],"picked":"Singing Bowl","floor":36},{"not_picked":["expansioncontent:PolyBeam","expansioncontent:Hexaburn","expansioncontent:YouAreMine"],"picked":"Singing Bowl","floor":37},{"not_picked":["bronze:BronzeArmor+1","bronze:BugBarrage","bronze:Deprecate+1"],"picked":"Singing Bowl","floor":38},{"not_picked":["bronze:Return","bronze:GetLatest","bronze:BuggyMess"],"picked":"Singing Bowl","floor":39},{"not_picked":["bronze:ClassDefault","bronze:Assembly","bronze:Optimize+1"],"picked":"Singing Bowl","floor":42},{"not_picked":["bronze:DelayedGuard+1","bronze:DelayedSlice+1","bronze:Optimize"],"picked":"Singing Bowl","floor":44},{"not_picked":["bronze:Fortify+1","bronze:CutThrough+1","bronze:Branch"],"picked":"Singing Bowl","floor":45},{"not_picked":["bronze:ItsAFeature+1","bronze:ChosenStrike","bronze:Format"],"picked":"Singing Bowl","floor":49}],"player_experience":165800,"relics_obtained":[{"floor":7,"key":"Mirror"},{"floor":9,"key":"Pear"},{"floor":13,"key":"bronze:SilverBullet"},{"floor":18,"key":"Singing Bowl"},{"floor":21,"key":"Enchiridion"},{"floor":24,"key":"Blood Vial"},{"floor":29,"key":"downfall:GremlinSack"},{"floor":30,"key":"Omamori"},{"floor":38,"key":"Gambling Chip"},{"floor":41,"key":"bronze:ProtectiveGoggles"},{"floor":42,"key":"Toy Ornithopter"},{"floor":45,"key":"Bottled Flame"}],"event_choices":[{"damage_healed":0,"gold_gain":0,"player_choice":"Fight","damage_taken":0,"max_hp_gain":0,"max_hp_loss":0,"event_name":"Mysterious Sphere","floor":38,"gold_loss":0},{"cards_removed":["bronze:Optimize"],"damage_healed":0,"gold_gain":0,"player_choice":"Removed Power","damage_taken":0,"max_hp_gain":0,"max_hp_loss":0,"event_name":"Falling","floor":46,"gold_loss":0}],"is_beta":false,"boss_relics":[{"not_picked":["Busted Crown","bronze:PlatinumCore"],"picked":"Replay:Grab Bag"},{"not_picked":["Runic Dome","ReplayTheSpireMod:DimensionalGlitch"],"picked":"Velvet Choker"},{"not_picked":["Painkiller Herb","Fusion Hammer"],"picked":"Sozu"},{"not_picked":["Replay:Drink Me","Empty Cage"],"picked":"SlaversCollar"},{"not_picked":["Pandora\u0027s Box","Kintsugi"],"picked":"Replay:Ancient Bell"},{"not_picked":["Replay:Mystery Machine","Replay:Rubber Ducky"],"picked":"Regal Pillow"},{"not_picked":["InkBottle","Replay:Bottled Steam"],"picked":"Chameleon Ring"},{"not_picked":["Calipers","Mango"],"picked":"WingedGreaves"}],"items_purged_floors":[3,3,3,3,8,8,8,8,8,11,31,31,31,31,40,40],"is_endless":false,"potions_floor_spawned":[4,10,12,13,14,15,26,27,29,30,38,42,49],"ascension_level":0}}