{"host":"jt67skv49snb75sm","time":1614277916,"event":{"mods":["BaseMod","Bestiary","Minty Spire (QoL Compilation)","Relic Stats"],"gold_per_floor":[118,136,153,153,153,178,198,198,221,247,7,22,22,39,39,116,116,129,129,141,52,71,71,105,105,152,152,185,185,204,229,229,300,300,312,312,328,60,60,87,87,87],"floor_reached":41,"language":"ENG","playtime":2014,"items_purged":["Strike_R"],"score":988,"play_id":"4490655c-1d67-4651-b237-fd0f035b562c","local_time":"20210225193156","is_ascension_mode":true,"campfire_choices":[{"floor":8.0,"key":"REST"},{"data":"Fire Breathing","floor":15.0,"key":"SMITH"},{"floor":23.0,"key":"REST"},{"floor":27.0,"key":"REST"},{"floor":32,"key":"REST"}],"circlet_count":0,"master_deck":["AscendersBane","Defend_R","Defend_R","Defend_R","Defend_R","Sword Boomerang","Headbutt","Immolate","Uppercut","Metallicize","True Grit","Armaments+1","Fire Breathing+1","Barricade","Ghostly Armor+1","Shockwave+1","Body Slam","Evolve","Shrug It Off+1","Bloodletting+1","True Grit+1","Inflame","Corruption","Armaments+1","Burning Pact+1","Intimidate+1","Warcry+1","Seeing Red+1"],"relics":["Burning Blood","NeowsBlessing","Dream Catcher","Bag of Marbles","Blood Vial","Toxic Egg 2","Medical Kit","Mummified Hand","Fusion Hammer","Prayer Wheel","Nilry\u0027s Codex","PreservedInsect","Strawberry","Red Mask","Astrolabe","Self Forming Clay","The Courier"],"acts_visited":["Exordium","TheCity","TheBeyond"],"potions_floor_usage":[40],"damage_taken":[{"damage":0.0,"enemies":"Cultist","floor":1.0,"turns":1.0},{"damage":0.0,"enemies":"Jaw Worm","floor":2.0,"turns":1.0},{"damage":0.0,"enemies":"2 Louse","floor":3.0,"turns":1.0},{"damage":32.0,"enemies":"3 Sentries","floor":6.0,"turns":6.0},{"damage":10.0,"enemies":"Red Slaver","floor":7.0,"turns":3.0},{"damage":26.0,"enemies":"Gremlin Nob","floor":10.0,"turns":4.0},{"damage":0.0,"enemies":"3 Louse","floor":12.0,"turns":1.0},{"damage":9.0,"enemies":"Blue Slaver","floor":14.0,"turns":4.0},{"damage":28.0,"enemies":"Hexaghost","floor":16.0,"turns":12.0},{"damage":7.0,"enemies":"3 Byrds","floor":18.0,"turns":4.0},{"damage":0.0,"enemies":"Spheric Guardian","floor":20.0,"turns":3.0},{"damage":13.0,"enemies":"Snake Plant","floor":22.0,"turns":4.0},{"damage":15.0,"enemies":"Gremlin Leader","floor":24.0,"turns":6.0},{"damage":45,"enemies":"Slavers","floor":28,"turns":5},{"damage":7,"enemies":"Cultist and Chosen","floor":30,"turns":5},{"damage":0,"enemies":"Masked Bandits","floor":31,"turns":2},{"damage":35,"enemies":"Champ","floor":33,"turns":20},{"damage":0,"enemies":"Orb Walker","floor":35,"turns":4},{"damage":9,"enemies":"3 Shapes","floor":37,"turns":5},{"damage":54,"enemies":"Reptomancer","floor":40,"turns":7},{"damage":40,"enemies":"Spire Growth","floor":41,"turns":7}],"seed_played":"-1835234551719711561","potions_obtained":[{"floor":2.0,"key":"GamblersBrew"},{"floor":3.0,"key":"Weak Potion"},{"floor":10.0,"key":"DuplicationPotion"},{"floor":16.0,"key":"Weak Potion"},{"floor":18.0,"key":"DuplicationPotion"},{"floor":22.0,"key":"Swift Potion"},{"floor":31,"key":"SteroidPotion"},{"floor":33,"key":"DistilledChaos"}],"is_trial":false,"path_per_floor":["M","M","M","?","?","E","M","R","T","E","$","M","T","M","R","B",null,"M","?","M","$","M","R","E","?","T","R","E","?","M","?","R","B",null,"M","?","M","$","?","E","M"],"character_chosen":"IRONCLAD","items_purchased":["Medical Kit","Evolve","Self Forming Clay"],"campfire_rested":4,"item_purchase_floors":[11,21,38],"current_hp_per_floor":[74,75,75,49,49,23,19,41,41,23,23,31,31,30,30,10,59,60,60,68,68,63,75,66,45,45,67,37,31,32,40,64,37,71,79,79,78,78,78,32,0,0],"gold":87,"neow_bonus":"THREE_ENEMY_KILL","is_daily":false,"chose_seed":false,"campfire_upgraded":1,"win_rate":0.0,"timestamp":1614277916,"path_taken":["M","?","M","?","?","E","M","R","T","E","?","M","?","?","R","BOSS","M","?","?","$","M","R","E","?","T","R","E","?","M","?","R","BOSS","M","?","M","$","?","E","M"],"items_purchased_type":["Relic","Card","Relic"],"build_version":"2020-12-22","purchased_purges":1,"victory":false,"max_hp_per_floor":[75,75,75,75,75,75,75,75,75,75,75,75,75,75,75,75,75,75,75,75,75,75,75,75,75,75,75,82,82,82,82,82,82,82,82,82,82,82,82,82,82,82],"relic_stats":{"Blood Vial":30,"Dream Catcher":4,"counters":[21,105],"Mummified Hand":[50],"Self Forming Clay":[24],"Astrolabe":["Armaments","Burning Pact","Intimidate"],"Prayer Wheel":3,"PreservedInsect":104,"Medical Kit":[27],"obtain_stats":[{"NeowsBlessing":0,"Nilry\u0027s Codex":25,"Self Forming Clay":38,"Astrolabe":34,"PreservedInsect":26,"The Courier":40,"Medical Kit":11,"Burning Blood":0,"Blood Vial":9,"Dream Catcher":4,"Mummified Hand":13,"Strawberry":28,"Prayer Wheel":24,"Fusion Hammer":17,"Bag of Marbles":6,"Red Mask":31,"Toxic Egg 2":10},{"NeowsBlessing":0,"Nilry\u0027s Codex":13,"Self Forming Clay":19,"Astrolabe":17,"PreservedInsect":13,"The Courier":20,"Medical Kit":6,"Burning Blood":0,"Blood Vial":5,"Dream Catcher":3,"Mummified Hand":7,"Strawberry":14,"Prayer Wheel":13,"Fusion Hammer":9,"Bag of Marbles":4,"Red Mask":16,"Toxic Egg 2":6},{"NeowsBlessing":0,"Nilry\u0027s Codex":50,"Self Forming Clay":91,"Astrolabe":82,"PreservedInsect":50,"The Courier":98,"Medical Kit":16,"Burning Blood":0,"Blood Vial":12,"Dream Catcher":3,"Mummified Hand":17,"Strawberry":55,"Prayer Wheel":50,"Fusion Hammer":33,"Bag of Marbles":9,"Red Mask":62,"Toxic Egg 2":16}],"Burning Blood":109},"card_choices":[{"not_picked":["Clash","Cleave"],"picked":"Sword Boomerang","floor":1.0},{"not_picked":["Sword Boomerang","Warcry"],"picked":"Headbutt","floor":2.0},{"not_picked":["Burning Pact","Rampage"],"picked":"Immolate","floor":3.0},{"not_picked":["Inflame","Iron Wave"],"picked":"Uppercut","floor":6.0},{"not_picked":["Anger","Fire Breathing"],"picked":"Metallicize","floor":7.0},{"not_picked":["Iron Wave","Uppercut"],"picked":"True Grit","floor":8.0},{"not_picked":["Metallicize","Burning Pact+1"],"picked":"Armaments+1","floor":10.0},{"not_picked":["Cleave","Dual Wield+1","Clash"],"picked":"SKIP","floor":12.0},{"not_picked":["Perfected Strike","Clash"],"picked":"Fire Breathing","floor":14.0},{"not_picked":["Immolate","Corruption"],"picked":"Barricade","floor":16.0},{"not_picked":["Clothesline","Dual Wield+1"],"picked":"Ghostly Armor+1","floor":18.0},{"not_picked":["Heavy Blade","Headbutt"],"picked":"Body Slam","floor":20.0},{"not_picked":["Second Wind+1","Pummel","Cleave"],"picked":"SKIP","floor":22.0},{"not_picked":["Immolate","Exhume+1"],"picked":"Shrug It Off+1","floor":24.0},{"not_picked":["Shockwave+1","Havoc+1"],"picked":"Bloodletting+1","floor":27.0},{"not_picked":["Infernal Blade+1","Combust","Clash"],"picked":"SKIP","floor":28},{"not_picked":["Havoc+1","Thunderclap"],"picked":"True Grit+1","floor":30},{"not_picked":["Clothesline","Thunderclap","Pommel Strike"],"picked":"SKIP","floor":30},{"not_picked":["Bloodletting+1","Intimidate+1"],"picked":"Inflame","floor":31},{"not_picked":["Immolate","Bludgeon"],"picked":"Corruption","floor":33},{"not_picked":["Shockwave+1","Ghostly Armor+1"],"picked":"Warcry+1","floor":35},{"not_picked":["Armaments+1","Flex+1","Heavy Blade+1"],"picked":"SKIP","floor":35},{"not_picked":["Iron Wave","Body Slam"],"picked":"Seeing Red+1","floor":37},{"not_picked":["Twin Strike","Flex+1","Cleave+1"],"picked":"SKIP","floor":37},{"not_picked":["Wild Strike","Rupture","Fiend Fire"],"picked":"SKIP","floor":40}],"player_experience":901196,"relics_obtained":[{"floor":6.0,"key":"Bag of Marbles"},{"floor":9.0,"key":"Blood Vial"},{"floor":10.0,"key":"Toxic Egg 2"},{"floor":13.0,"key":"Mummified Hand"},{"floor":24.0,"key":"Prayer Wheel"},{"floor":25.0,"key":"Nilry\u0027s Codex"},{"floor":26.0,"key":"PreservedInsect"},{"floor":28,"key":"Strawberry"},{"floor":31,"key":"Red Mask"},{"floor":40,"key":"The Courier"}],"event_choices":[{"damage_healed":0.0,"max_hp_gain":0.0,"max_hp_loss":0.0,"gold_gain":0.0,"event_name":"Scrap Ooze","player_choice":"Success","floor":4.0,"gold_loss":0.0,"damage_taken":26.0,"relics_obtained":["Dream Catcher"]},{"damage_healed":0.0,"max_hp_gain":0.0,"max_hp_loss":0.0,"gold_gain":0.0,"event_name":"Liars Game","player_choice":"Ignored","floor":5.0,"gold_loss":0.0,"damage_taken":0.0},{"damage_healed":0.0,"max_hp_gain":0.0,"max_hp_loss":0.0,"gold_gain":0.0,"cards_transformed":["Strike_R"],"event_name":"Transmorgrifier","player_choice":"Transformed","floor":19.0,"gold_loss":0.0,"damage_taken":0.0,"cards_obtained":["Shockwave"]},{"damage_healed":0.0,"max_hp_gain":0.0,"max_hp_loss":0.0,"gold_gain":0.0,"event_name":"Cursed Tome","player_choice":"Obtained Book","floor":25.0,"gold_loss":0.0,"damage_taken":21.0},{"damage_healed":0,"gold_gain":0,"player_choice":"Joined the Cult","damage_taken":6,"max_hp_gain":0,"max_hp_loss":0,"event_name":"Nest","floor":29,"gold_loss":0,"cards_obtained":["RitualDagger"]},{"damage_healed":0,"gold_gain":0,"player_choice":"Fought Bandits","damage_taken":0,"max_hp_gain":0,"max_hp_loss":0,"event_name":"Masked Bandits","floor":31,"gold_loss":0},{"cards_removed":["RitualDagger"],"damage_healed":0,"gold_gain":0,"player_choice":"Removed Attack","damage_taken":0,"max_hp_gain":0,"max_hp_loss":0,"event_name":"Falling","floor":36,"gold_loss":0},{"cards_removed":["Bash"],"damage_healed":0,"gold_gain":0,"player_choice":"Offered Basic","damage_taken":0,"max_hp_gain":0,"max_hp_loss":0,"event_name":"Bonfire Elementals","floor":39,"gold_loss":0}],"is_beta":false,"boss_relics":[{"not_picked":["Coffee Dripper","Calling Bell"],"picked":"Fusion Hammer"},{"not_picked":["Runic Dome","Pandora\u0027s Box"],"picked":"Astrolabe"}],"items_purged_floors":[11],"is_endless":false,"potions_floor_spawned":[2,3,10,12,16,18,22,31,33],"killed_by":"Spire Growth","ascension_level":20}}