{"host":"5ueuk67tsx07ylcu","time":1614279423,"event":{"mods":["BaseMod","Colored Map","Colored Powertips","Downfall","Duelist Mod","GifTheSpireLib","Hermit","Infinite Spire","Lobotomy","Minty Spire (QoL Compilation)","StSLib","The Animator"],"gold_per_floor":[116,116,116,129,55,55,72,100,100,100,100,116,116,159,159,159,159],"floor_reached":16,"language":"ENG","playtime":821,"items_purged":[],"score":119,"play_id":"4722d420-7a58-447f-bdc4-2900af476fd3","local_time":"20210225135703","is_ascension_mode":true,"campfire_choices":[{"data":"Sever Soul","floor":6,"key":"SMITH"},{"data":"Cleave","floor":10,"key":"SMITH"},{"floor":15,"key":"REST"}],"circlet_count":0,"master_deck":["Strike_R","Strike_R+1","Strike_R+1","Defend_R","Defend_R","Defend_R","Bash","Sever Soul+1","Thunderclap","Fire Breathing","Cleave+1","Shrug It Off","Flame Barrier","Injury","Inflame"],"relics":["Burning Blood","infinitespire:Eraser","Golden Idol","HornCleat"],"acts_visited":["Exordium"],"potions_floor_usage":[14,16],"damage_taken":[{"damage":0,"enemies":"2 Louse","floor":1,"turns":3},{"damage":7,"enemies":"Jaw Worm","floor":4,"turns":2},{"damage":0,"enemies":"Cultist","floor":7,"turns":2},{"damage":18,"enemies":"3 Sentries","floor":8,"turns":5},{"damage":12,"enemies":"Large Slime","floor":12,"turns":3},{"damage":43,"enemies":"Lagavulin","floor":14,"turns":7},{"damage":32,"enemies":"Hexaghost","floor":16,"turns":7}],"seed_played":"4524913222577537683","potions_obtained":[{"floor":4,"key":"PowerPotion"},{"floor":12,"key":"sneckomod:MuddlingPotion"}],"is_trial":false,"path_per_floor":["M","?","?","M","$","R","M","E","T","R","?","M","?","E","R","B"],"character_chosen":"IRONCLAD","items_purchased":["Fire Breathing"],"campfire_rested":1,"item_purchase_floors":[5],"current_hp_per_floor":[80,64,57,56,56,56,62,50,50,50,50,44,44,7,31,0,0],"gold":159,"neow_bonus":"REMOVE_CARD","is_daily":false,"chose_seed":false,"campfire_upgraded":2,"win_rate":0.0,"timestamp":1614279423,"path_taken":["M","?","?","M","$","R","M","E","T","R","?","?","?","E","R","BOSS"],"items_purchased_type":["Card"],"build_version":"2020-12-22","purchased_purges":0,"victory":false,"max_hp_per_floor":[80,80,80,80,80,80,80,80,80,80,80,80,80,80,80,80,80],"card_choices":[{"not_picked":["Anger","Flex"],"picked":"Sever Soul","floor":1},{"not_picked":["Whirlwind","Ghostly Armor"],"picked":"Thunderclap","floor":4},{"not_picked":["Havoc","Perfected Strike","Headbutt"],"picked":"SKIP","floor":7},{"not_picked":["Anger","Intimidate"],"picked":"Cleave","floor":8},{"not_picked":["Havoc","Whirlwind"],"picked":"Flame Barrier","floor":12},{"not_picked":["Shockwave","Sword Boomerang"],"picked":"Inflame","floor":14}],"player_experience":320575,"relics_obtained":[{"floor":8,"key":"infinitespire:Eraser"},{"floor":14,"key":"HornCleat"}],"event_choices":[{"damage_healed":0,"gold_gain":0,"player_choice":"Entered Light","damage_taken":16,"max_hp_gain":0,"max_hp_loss":0,"event_name":"Shining Light","floor":2,"gold_loss":0,"cards_upgraded":["Strike_R","Strike_R"]},{"cards_removed":["Strike_R"],"damage_healed":0,"gold_gain":0,"player_choice":"Card Removal","damage_taken":7,"max_hp_gain":0,"max_hp_loss":0,"event_name":"Golden Wing","floor":3,"gold_loss":0},{"damage_healed":0,"gold_gain":0,"cards_transformed":["Strike_R"],"player_choice":"Transformed","damage_taken":0,"max_hp_gain":0,"max_hp_loss":0,"event_name":"Transmorgrifier","floor":11,"gold_loss":0,"cards_obtained":["Shrug It Off"]},{"damage_healed":0,"gold_gain":0,"player_choice":"Take Wound","damage_taken":0,"relics_obtained":["Golden Idol"],"max_hp_gain":0,"max_hp_loss":0,"event_name":"Golden Idol","floor":13,"gold_loss":0,"cards_obtained":["Injury"]}],"is_beta":false,"boss_relics":[],"items_purged_floors":[],"is_endless":false,"potions_floor_spawned":[4,12],"killed_by":"Hexaghost","ascension_level":2}}