{"host":"kzw87w9fb0mudblt","time":1614276369,"event":{"mods":["BaseMod","Colored Map","Minty Spire (QoL Compilation)","Replay The Spire","StSLib","SuperFastMode"],"gold_per_floor":[115,65,80,5,5,5,36,36,36,55,72,72,84,101,101,205,205,219,229,229,301,317,317,416,416,441,441,85,85,111,62,62,162,162,174,194,194,194,214,214,247,247,247,261,89,119,119,138,138,138],"floor_reached":51,"language":"ENG","playtime":2713,"items_purged":["Strike_R","Strike_R"],"score":778,"play_id":"2d7079a1-fdfd-4081-928c-1bafe6186b2a","local_time":"20210225190609","is_ascension_mode":false,"campfire_choices":[{"data":"Limit Break","floor":6,"key":"SMITH"},{"data":"Flex","floor":8,"key":"SMITH"},{"data":"Inflame","floor":12,"key":"SMITH"},{"floor":15,"key":"DIG"},{"data":"Heavy Blade","floor":23,"key":"SMITH"},{"data":"Heavy Blade","floor":25,"key":"SMITH"},{"data":"Replay:Undeath\u0027s Touch","floor":27,"key":"SMITH"},{"data":"Cleave","floor":29,"key":"SMITH"},{"floor":40,"key":"REST"},{"data":"Bash","floor":42,"key":"SMITH"},{"data":"Replay:Undeath\u0027s Touch","floor":47,"key":"SMITH"}],"circlet_count":0,"master_deck":["Strike_R","Strike_R","Defend_R","Defend_R","Defend_R","Bash+1","Limit Break+1","Inflame+1","Flex+1","Replay:Undeath\u0027s Touch+1","Seeing Red+1","Heavy Blade+1","Offering+1","Cleave+1","Heavy Blade+1","Flex+1","Feed+1","Hemogenesis+1","Replay:Undeath\u0027s Touch+1","Panache+1","Double Tap+1"],"relics":["Burning Blood","Counterbalance","Toxic Egg 2","Pocketwatch","Mark of Pain","Golden Egg","ReplayTheSpireMod:Lightbulb","Kunai","Oddly Smooth Stone","Ring of Chaos","Sundial","Calipers","Garlic"],"acts_visited":["Exordium","TheCity","TheBeyond"],"potions_floor_usage":[10,11,33,33,33,33,36,39,41,46,48,50,50],"damage_taken":[{"damage":8,"enemies":"2 Louse","floor":1,"turns":3},{"damage":2,"enemies":"Small Slimes","floor":3,"turns":3},{"damage":5,"enemies":"Replay:BlueRogue","floor":7,"turns":6},{"damage":3,"enemies":"Jaw Worm","floor":10,"turns":3},{"damage":7,"enemies":"Lots of Slimes","floor":11,"turns":5},{"damage":5,"enemies":"Looter","floor":13,"turns":2},{"damage":13,"enemies":"Exordium Wildlife","floor":14,"turns":3},{"damage":29,"enemies":"The Guardian","floor":16,"turns":6},{"damage":6,"enemies":"Chosen","floor":18,"turns":3},{"damage":6,"enemies":"Shell Parasite","floor":19,"turns":1},{"damage":6,"enemies":"Snecko","floor":22,"turns":2},{"damage":30,"enemies":"Champ","floor":33,"turns":3},{"damage":13,"enemies":"3 Darklings","floor":35,"turns":4},{"damage":6,"enemies":"3 Shapes","floor":36,"turns":2},{"damage":27,"enemies":"Writhing Mass","floor":39,"turns":2},{"damage":6,"enemies":"Reptomancer","floor":41,"turns":3},{"damage":21,"enemies":"Sphere and 2 Shapes","floor":44,"turns":2},{"damage":6,"enemies":"R_Hoarder","floor":46,"turns":5},{"damage":23,"enemies":"4 Shapes","floor":48,"turns":5},{"damage":27,"enemies":"Time Eater","floor":50,"turns":5}],"seed_played":"-6226601784148647846","potions_obtained":[{"floor":3,"key":"Block Potion"},{"floor":7,"key":"SpeedPotion"},{"floor":18,"key":"LiquidBronze"},{"floor":19,"key":"LiquidMemories"},{"floor":32,"key":"EntropicBrew"},{"floor":32,"key":"DistilledChaos"},{"floor":33,"key":"FearPotion"},{"floor":39,"key":"SteroidPotion"},{"floor":41,"key":"Languid Potion"},{"floor":48,"key":"Fruit Juice"},{"floor":49,"key":"ColorlessPotion"},{"floor":49,"key":"LifebloodPotion"}],"is_trial":false,"path_per_floor":["M","?","M","$","?","R","E","R","T","M","M","R","M","M","R_BF","B",null,"M","M","?","T","M","R","?","R","T","R","$","R","T","$","R_BF","B",null,"M","M","?","?","M","R","E","R","T","M","$","E","R","M","R_BF","B",null],"character_chosen":"IRONCLAD","items_purchased":["Kunai","Flex+1","Panache"],"campfire_rested":1,"item_purchase_floors":[28,31,45],"current_hp_per_floor":[54,54,58,58,51,51,52,52,52,55,54,54,55,48,48,25,80,80,80,80,80,80,80,80,80,80,80,80,80,80,80,80,56,80,73,77,77,77,60,86,86,86,86,71,71,75,75,71,71,62],"gold":138,"neow_bonus":"THREE_RARE_CARDS","is_daily":false,"chose_seed":false,"campfire_upgraded":9,"win_rate":0.0,"timestamp":1614276369,"path_taken":["M","?","M","$","?","R","E","R","T","?","?","R","M","M","R_BF","BOSS","M","M","?","?","M","R","?","R","T","R","$","R","?","?","R_BF","BOSS","M","M","?","?","M","R","E","R","T","?","$","E","R","M","R_BF","BOSS"],"items_purchased_type":["Relic","Card","Card"],"build_version":"2020-12-22","purchased_purges":2,"victory":true,"max_hp_per_floor":[80,80,80,80,80,80,80,80,80,80,80,80,80,80,80,80,80,80,80,80,80,80,80,80,80,80,80,80,80,80,80,80,80,80,80,84,84,84,88,88,88,88,88,88,88,88,88,97,97,97],"card_choices":[{"not_picked":["Impervious","Juggernaut"],"picked":"Limit Break","floor":0},{"not_picked":["Iron Wave","Heavy Blade"],"picked":"Inflame","floor":1},{"not_picked":["Iron Wave","Sword Boomerang"],"picked":"Flex","floor":3},{"not_picked":["Twin Strike","Shrug It Off"],"picked":"Replay:Undeath\u0027s Touch","floor":7},{"not_picked":["Berserk","Sword Boomerang"],"picked":"Seeing Red+1","floor":10},{"not_picked":["Pommel Strike","Armaments+1","ReplayReversal+1"],"picked":"SKIP","floor":11},{"not_picked":["Anger","Disarm+1","Warcry+1"],"picked":"SKIP","floor":13},{"not_picked":["Cleave","Thunderclap"],"picked":"Heavy Blade","floor":14},{"not_picked":["Fiend Fire","Demonic Infusion+1"],"picked":"Offering+1","floor":16},{"not_picked":["True Grit+1","ReplayTheSpireMod:Strike From Hell"],"picked":"Cleave","floor":18},{"not_picked":["Pommel Strike","Metallicize"],"picked":"Heavy Blade","floor":19},{"not_picked":["Replay:Undeath\u0027s Touch","ReplayTheSpireMod:LeadingStrike","Shrug It Off+1"],"picked":"SKIP","floor":22},{"not_picked":["Replay:Many Hands+1","Offering+1"],"picked":"Feed","floor":33},{"not_picked":["Anger","Twin Strike","Armaments+1"],"picked":"SKIP","floor":35},{"not_picked":["Iron Wave","Armaments+1","Heavy Blade"],"picked":"SKIP","floor":36},{"not_picked":["Iron Wave","Armaments+1","Heavy Blade"],"picked":"SKIP","floor":36},{"not_picked":["Life Link+1","Perfected Strike+1","Sword Boomerang+1"],"picked":"SKIP","floor":39},{"not_picked":["Pommel Strike+1","Dual Wield+1"],"picked":"Hemogenesis","floor":41},{"not_picked":["Fire Breathing","Clothesline"],"picked":"Replay:Undeath\u0027s Touch","floor":44},{"not_picked":["Dropkick+1","Heavy Blade"],"picked":"Double Tap+1","floor":46},{"not_picked":["Combust+1","Infernal Blade+1","ReplayTheSpireMod:LeadingStrike"],"picked":"SKIP","floor":48}],"player_experience":19313,"relics_obtained":[{"floor":7,"key":"Counterbalance"},{"floor":9,"key":"Toxic Egg 2"},{"floor":15,"key":"Pocketwatch"},{"floor":21,"key":"Golden Egg"},{"floor":26,"key":"ReplayTheSpireMod:Lightbulb"},{"floor":30,"key":"Oddly Smooth Stone"},{"floor":41,"key":"Sundial"},{"floor":43,"key":"Calipers"},{"floor":46,"key":"Garlic"}],"event_choices":[{"cards_removed":["Defend_R"],"damage_healed":0,"gold_gain":0,"player_choice":"Card Removal","damage_taken":0,"max_hp_gain":0,"max_hp_loss":0,"event_name":"The Cleric","floor":2,"gold_loss":50},{"cards_removed":["Strike_R"],"damage_healed":0,"gold_gain":0,"player_choice":"Card Removal","damage_taken":7,"max_hp_gain":0,"max_hp_loss":0,"event_name":"Golden Wing","floor":5,"gold_loss":0},{"damage_healed":0,"gold_gain":0,"player_choice":"Ignored","damage_taken":0,"max_hp_gain":0,"max_hp_loss":0,"event_name":"Ghosts","floor":20,"gold_loss":0},{"damage_healed":0,"gold_gain":99,"player_choice":"Stole From Cult","damage_taken":0,"max_hp_gain":0,"max_hp_loss":0,"event_name":"Nest","floor":24,"gold_loss":0},{"damage_healed":0,"gold_gain":0,"player_choice":"Ignored","damage_taken":0,"max_hp_gain":0,"max_hp_loss":0,"event_name":"Tomb of Lord Red Mask","floor":37,"gold_loss":0},{"damage_healed":0,"gold_gain":0,"player_choice":"Ignored","damage_taken":0,"max_hp_gain":0,"max_hp_loss":0,"event_name":"Accursed Blacksmith","floor":38,"gold_loss":0}],"is_beta":false,"boss_relics":[{"not_picked":["Sozu","Ectoplasm"],"picked":"Mark of Pain"},{"not_picked":["Runic Dome","Kintsugi"],"picked":"Ring of Chaos"}],"items_purged_floors":[4,28],"is_endless":false,"potions_floor_spawned":[3,7,18,19,33,39,41,48],"ascension_level":0}}