{"host":"6gwm7y0tp7acoxay","time":1614254108,"event":{"mods":["BaseMod","Colored Map","Keyboard Shortcuts","Minty Spire (QoL Compilation)","Quick Restart","StSLib","SuperFastMode","everything is the same but u backflip on backflip"],"gold_per_floor":[119,4,4,4,16,54,94,133,169,181,193,240,252,189,201,285,347,378,305,56,56,73,98,131,161,188,213,56,82,82,112,112,186,186,203,257,306,306,286,313,253,282,309,334,359,392,392,82,82,82,82,82,82,39,70,70],"floor_reached":57,"language":"KOR","playtime":2483,"items_purged":["Underhanded Strike","Dagger Spray"],"score":3996,"play_id":"82cdb852-0a0f-4e1e-b4c5-f68251f8ba26","local_time":"20210225205508","daily_mods":["SealedDeck","Heirloom","Flight"],"is_ascension_mode":true,"campfire_choices":[{"data":"Eviscerate","floor":10,"key":"SMITH"},{"data":"Concentrate","floor":11,"key":"SMITH"},{"data":"Calculated Gamble","floor":13,"key":"SMITH"},{"data":"Acrobatics","floor":15,"key":"SMITH"},{"data":"Tactician","floor":32,"key":"SMITH"},{"floor":47,"key":"RECALL"},{"data":"1","floor":49,"key":"LIFT"},{"data":"2","floor":53,"key":"LIFT"}],"circlet_count":0,"master_deck":["AscendersBane","Footwork+1","Terror","Escape Plan","Concentrate+1","Acrobatics+1","Calculated Gamble+1","Blur","Backflip","Eviscerate+1","Well Laid Plans","Phantasmal Killer+1","Deep Breath+1","Tactician+1","A Thousand Cuts","Wraith Form v2","Escape Plan+1","Madness","Madness","Dodge and Roll+1"],"relics":["Ring of the Snake","Lizard Tail","MawBank","The Specimen","Happy Flower","MealTicket","Centennial Puzzle","White Beast Statue","Tiny House","HornCleat","Potion Belt","CultistMask","Anchor","Strawberry","Juzu Bracelet","Lantern","War Paint","Medical Kit","PreservedInsect","Runic Pyramid","Girya","Nunchaku","The Courier","Toxic Egg 2","Toy Ornithopter","Dream Catcher","Peace Pipe","Ancient Tea Set","Kunai","Bronze Scales"],"acts_visited":["Exordium","TheCity","TheBeyond","TheEnding"],"potions_floor_usage":[8,17,27,36,36,46,56,56,56,56],"damage_taken":[{"damage":0,"enemies":"Cultist","floor":1,"turns":2},{"damage":11,"enemies":"Gremlin Nob","floor":6,"turns":3},{"damage":0,"enemies":"Lagavulin","floor":7,"turns":3},{"damage":9,"enemies":"3 Sentries","floor":8,"turns":4},{"damage":0,"enemies":"Lagavulin","floor":12,"turns":3},{"damage":0,"enemies":"Slime Boss","floor":16,"turns":3},{"damage":0,"enemies":"Spheric Guardian","floor":18,"turns":1},{"damage":0,"enemies":"Chosen","floor":22,"turns":2},{"damage":16,"enemies":"Book of Stabbing","floor":23,"turns":2},{"damage":0,"enemies":"Gremlin Leader","floor":24,"turns":3},{"damage":3,"enemies":"Slavers","floor":25,"turns":4},{"damage":0,"enemies":"Gremlin Leader","floor":27,"turns":3},{"damage":0,"enemies":"Book of Stabbing","floor":29,"turns":2},{"damage":0,"enemies":"Gremlin Leader","floor":31,"turns":3},{"damage":0,"enemies":"Collector","floor":33,"turns":2},{"damage":0,"enemies":"3 Shapes","floor":35,"turns":1},{"damage":5,"enemies":"2 Orb Walkers","floor":36,"turns":3},{"damage":0,"enemies":"Nemesis","floor":40,"turns":3},{"damage":0,"enemies":"Giant Head","floor":42,"turns":2},{"damage":0,"enemies":"Nemesis","floor":44,"turns":7},{"damage":0,"enemies":"Mind Bloom Boss Battle","floor":45,"turns":3},{"damage":0,"enemies":"Reptomancer","floor":46,"turns":2},{"damage":0,"enemies":"Donu and Deca","floor":50,"turns":3},{"damage":0,"enemies":"Awakened One","floor":51,"turns":6},{"damage":6,"enemies":"Shield and Spear","floor":55,"turns":3},{"damage":2,"enemies":"The Heart","floor":56,"turns":6}],"seed_played":"7467594291511608294","potions_obtained":[{"floor":6,"key":"Weak Potion"},{"floor":7,"key":"AttackPotion"},{"floor":16,"key":"FearPotion"},{"floor":17,"key":"Fruit Juice"},{"floor":18,"key":"FearPotion"},{"floor":22,"key":"Fire Potion"},{"floor":23,"key":"SkillPotion"},{"floor":24,"key":"PowerPotion"},{"floor":27,"key":"Fruit Juice"},{"floor":29,"key":"Block Potion"},{"floor":35,"key":"LiquidMemories"},{"floor":36,"key":"Fire Potion"},{"floor":39,"key":"GhostInAJar"},{"floor":42,"key":"DuplicationPotion"},{"floor":44,"key":"Swift Potion"},{"floor":46,"key":"BlessingOfTheForge"}],"is_trial":true,"path_per_floor":["M","$","?","?","?","E","E","E","T","R","R","E","R","?","R","B",null,"M","?","$","?","M","E","E","E","T","E","$","E","T","E","R","B",null,"M","?","T","?","?","E","$","E","T","E","?","E","R","$","R","B","B",null,"R","$","E","B",null],"character_chosen":"THE_SILENT","items_purchased":["Backflip","Eviscerate","Potion Belt","Deep Breath","Medical Kit","Kunai","PowerPotion"],"campfire_rested":0,"item_purchase_floors":[2,2,20,20,28,48,54],"current_hp_per_floor":[59,59,64,53,53,42,42,33,33,33,33,33,33,33,33,33,72,72,72,81,81,81,65,72,69,69,74,89,89,89,89,89,89,92,92,87,87,70,70,70,85,85,85,85,85,90,90,93,93,93,93,93,93,93,87,91],"gold":70,"neow_bonus":"","is_daily":false,"chose_seed":false,"campfire_upgraded":5,"win_rate":0.0,"timestamp":1614254108,"path_taken":["M","?","?","?","?","E","E","E","T","R","R","E","R","?","R","BOSS","M","?","$","?","?","E","E","E","T","E","$","E","?","E","R","BOSS","M","?","?","?","?","E","$","E","T","E","?","E","R","$","R","BOSS","BOSS","R","$","E","BOSS"],"items_purchased_type":["Card","Card","Relic","Card","Relic","Relic","Potion"],"build_version":"2020-12-22","purchased_purges":2,"victory":true,"max_hp_per_floor":[66,66,71,71,71,71,71,71,71,71,71,71,71,71,71,71,81,81,81,81,81,81,81,88,88,88,93,93,93,93,93,93,93,93,93,93,93,93,93,93,93,93,93,93,93,93,93,93,93,93,93,93,93,93,93,93],"card_choices":[{"not_picked":["Prepared","Bane","Concentrate"],"picked":"SKIP","floor":1},{"not_picked":["Prepared","Backflip","Acrobatics"],"picked":"SKIP","floor":6},{"not_picked":["Skewer","Dagger Spray","Accuracy"],"picked":"SKIP","floor":7},{"not_picked":["Blade Dance","Bouncing Flask"],"picked":"Well Laid Plans","floor":8},{"not_picked":["Quick Slash","Bouncing Flask","Noxious Fumes"],"picked":"SKIP","floor":12},{"not_picked":["Die Die Die","Unload"],"picked":"Phantasmal Killer","floor":16},{"not_picked":["Deadly Poison","Concentrate","Slice+1"],"picked":"SKIP","floor":18},{"not_picked":["All Out Attack","Accuracy","Predator"],"picked":"SKIP","floor":22},{"not_picked":["Poisoned Stab+1","Quick Slash","Masterful Stab"],"picked":"SKIP","floor":23},{"not_picked":["Phantasmal Killer","Infinite Blades","Caltrops"],"picked":"SKIP","floor":24},{"not_picked":["Slice","PiercingWail","Poisoned Stab"],"picked":"SKIP","floor":25},{"not_picked":["Expertise+1","Cloak And Dagger"],"picked":"Tactician","floor":27},{"not_picked":["Doppelganger","Dagger Spray","Blade Dance"],"picked":"SKIP","floor":29},{"not_picked":["Eviscerate","Flying Knee"],"picked":"A Thousand Cuts","floor":31},{"not_picked":["Envenom","Bullet Time"],"picked":"Wraith Form v2","floor":33},{"not_picked":["Prepared","Well Laid Plans","Flying Knee"],"picked":"SKIP","floor":35},{"not_picked":["Flying Knee","Acrobatics"],"picked":"Escape Plan+1","floor":36},{"not_picked":["Quick Slash","Night Terror","Well Laid Plans"],"picked":"SKIP","floor":40},{"not_picked":["Cloak And Dagger+1","Prepared+1","Deflect+1"],"picked":"SKIP","floor":42},{"not_picked":["Doppelganger+1","Noxious Fumes","Flying Knee"],"picked":"SKIP","floor":44},{"not_picked":["Slice+1","PiercingWail+1"],"picked":"Dodge and Roll+1","floor":45},{"not_picked":["Finisher","Outmaneuver+1","Bouncing Flask+1"],"picked":"SKIP","floor":46},{"not_picked":["Deadly Poison+1","Blur+1","Heel Hook"],"picked":"SKIP","floor":55}],"player_experience":4606582,"relics_obtained":[{"floor":6,"key":"The Specimen"},{"floor":7,"key":"Happy Flower"},{"floor":8,"key":"MealTicket"},{"floor":9,"key":"Centennial Puzzle"},{"floor":12,"key":"White Beast Statue"},{"floor":23,"key":"Anchor"},{"floor":24,"key":"Strawberry"},{"floor":25,"key":"Juzu Bracelet"},{"floor":26,"key":"Lantern"},{"floor":27,"key":"War Paint"},{"floor":29,"key":"PreservedInsect"},{"floor":36,"key":"Girya"},{"floor":37,"key":"Nunchaku"},{"floor":40,"key":"The Courier"},{"floor":42,"key":"Toxic Egg 2"},{"floor":43,"key":"Toy Ornithopter"},{"floor":44,"key":"Dream Catcher"},{"floor":45,"key":"Peace Pipe"},{"floor":46,"key":"Ancient Tea Set"},{"floor":55,"key":"Bronze Scales"}],"event_choices":[{"damage_healed":0,"gold_gain":0,"player_choice":"Donut","damage_taken":0,"max_hp_gain":5,"max_hp_loss":0,"event_name":"Big Fish","floor":3,"gold_loss":0},{"damage_healed":0,"gold_gain":0,"player_choice":"Success","damage_taken":11,"relics_obtained":["MawBank"],"max_hp_gain":0,"max_hp_loss":0,"event_name":"Scrap Ooze","floor":4,"gold_loss":0},{"damage_healed":0,"gold_gain":0,"player_choice":"Ignored","damage_taken":0,"max_hp_gain":0,"max_hp_loss":0,"event_name":"Liars Game","floor":5,"gold_loss":0},{"cards_removed":["Dagger Throw"],"damage_healed":0,"gold_gain":0,"player_choice":"Card Removal","damage_taken":0,"max_hp_gain":0,"max_hp_loss":0,"event_name":"The Cleric","floor":14,"gold_loss":75},{"damage_healed":0,"gold_gain":0,"player_choice":"Obtained Relic","damage_taken":0,"relics_obtained":["HornCleat"],"max_hp_gain":0,"max_hp_loss":0,"event_name":"Addict","floor":19,"gold_loss":85},{"damage_healed":0,"gold_gain":0,"player_choice":"Trade","damage_taken":0,"relics_obtained":["CultistMask"],"max_hp_gain":0,"max_hp_loss":0,"event_name":"FaceTrader","floor":21,"gold_loss":0},{"damage_healed":0,"gold_gain":0,"player_choice":"Fight","damage_taken":0,"max_hp_gain":0,"max_hp_loss":0,"event_name":"Mysterious Sphere","floor":36,"gold_loss":0},{"damage_healed":0,"gold_gain":0,"player_choice":"Embrace Madness","damage_taken":17,"max_hp_gain":0,"max_hp_loss":0,"event_name":"Winding Halls","floor":38,"gold_loss":0,"cards_obtained":["Madness","Madness"]},{"damage_healed":0,"gold_gain":0,"player_choice":"Bought 1 Potion","damage_taken":0,"max_hp_gain":0,"max_hp_loss":0,"event_name":"The Woman in Blue","floor":39,"gold_loss":0},{"damage_healed":0,"gold_gain":0,"player_choice":"Fight","damage_taken":0,"max_hp_gain":0,"max_hp_loss":0,"event_name":"MindBloom","floor":45,"gold_loss":0}],"is_beta":false,"boss_relics":[{"not_picked":["Calling Bell","SacredBark"],"picked":"Tiny House"},{"not_picked":["Coffee Dripper","Astrolabe"],"picked":"Runic Pyramid"}],"items_purged_floors":[41,48],"is_endless":false,"potions_floor_spawned":[6,7,16,18,22,23,24,25,27,29,31,33,35,36,40,42,44,45,46,55],"ascension_level":20}}