{"host":"3l94tha3a4jgu0q4","time":1614253312,"event":{"mods":["2.2 Compatiblity","AchievementEnabler","Aspiration","BaseMod","Better Altar","Better Match","Better Note","Better Sensory Stone","Better Skull","Better Third Choice","Colored Map","Colored Powertips","Fox Events","Highlight Path","Humility","Minty Spire (QoL Compilation)","Permanent Neow","Relic Stats","StSLib","SuperFastMode","Wandering Minibosses"],"gold_per_floor":[110,123,123,143,218,218,232,232,232,261,277,277,277,293,293,390,390,401,91,107,107,107,136,136,136,160,178,194,205,225,248,248,347,347,363,382,382,396,411,411,411],"floor_reached":40,"language":"ENG","playtime":1327,"items_purged":["Strike_G"],"score":412,"play_id":"c2bd7d76-e842-4c04-875f-fa356add0941","local_time":"20210225034152","is_ascension_mode":false,"campfire_choices":[{"data":"Neutralize","floor":6.0,"key":"SMITH"},{"data":"Finisher","floor":8.0,"key":"SMITH"},{"data":"Predator","floor":13.0,"key":"SMITH"},{"data":"Survivor","floor":15.0,"key":"SMITH"},{"floor":24.0,"key":"RECALL"},{"floor":32,"key":"REST"}],"circlet_count":0,"master_deck":["Strike_G","Strike_G","Strike_G","Defend_G","Defend_G","Defend_G","Defend_G","Defend_G","Survivor+1","Neutralize+1","Finisher+1","Masterful Stab","Dash","Terror","Slice","Predator+1","Crippling Poison","Masterful Stab","A Thousand Cuts","Footwork+1","Sucker Punch+1","Quick Slash","Cloak And Dagger+1","Well Laid Plans","Corpse Explosion","Burst","Blur+1","Heel Hook+1","Blade Dance","Flying Knee+1"],"relics":["Ring of the Snake","aspiration:Nostalgia","Burning Blood","aspiration:HummingbirdHeart","Sundial","Fusion Hammer","Membership Card","Paper Crane","Eternal Feather","Tiny Chest","HoveringKite"],"acts_visited":["Exordium","TheCity","TheBeyond"],"potions_floor_usage":[29,30,30,33,38,38,40],"damage_taken":[{"damage":0.0,"enemies":"Small Slimes","floor":1.0,"turns":4.0},{"damage":0.0,"enemies":"2 Louse","floor":2.0,"turns":4.0},{"damage":0.0,"enemies":"Cultist","floor":4.0,"turns":3.0},{"damage":0.0,"enemies":"Large Slime","floor":7.0,"turns":3.0},{"damage":15.0,"enemies":"3 Sentries","floor":10.0,"turns":11.0},{"damage":0.0,"enemies":"Red Slaver","floor":11.0,"turns":1.0},{"damage":0.0,"enemies":"2 Fungi Beasts","floor":14.0,"turns":2.0},{"damage":13.0,"enemies":"Hexaghost","floor":16.0,"turns":9.0},{"damage":2.0,"enemies":"Chosen","floor":18.0,"turns":3.0},{"damage":1.0,"enemies":"3 Byrds","floor":20.0,"turns":4.0},{"damage":12.0,"enemies":"Book of Stabbing","floor":23.0,"turns":5.0},{"damage":5,"enemies":"Shelled Parasite and Fungi","floor":27,"turns":5},{"damage":19,"enemies":"Chosen and Byrds","floor":28,"turns":8},{"damage":3,"enemies":"Snecko","floor":29,"turns":3},{"damage":4,"enemies":"Shelled Parasite and Fungi","floor":30,"turns":3},{"damage":55,"enemies":"Automaton","floor":33,"turns":11},{"damage":27,"enemies":"3 Darklings","floor":35,"turns":4},{"damage":5,"enemies":"Orb Walker","floor":36,"turns":4},{"damage":10,"enemies":"Transient","floor":38,"turns":6},{"damage":10,"enemies":"Writhing Mass","floor":39,"turns":10},{"damage":58,"enemies":"Giant Head","floor":40,"turns":11}],"seed_played":"-4399991585829087076","potions_obtained":[{"floor":1.0,"key":"SneckoOil"},{"floor":2.0,"key":"AttackPotion"},{"floor":10.0,"key":"Energy Potion"},{"floor":16.0,"key":"SkillPotion"},{"floor":23.0,"key":"SpeedPotion"},{"floor":25,"key":"foxEvents:VialedCaress"},{"floor":27,"key":"AttackPotion"},{"floor":29,"key":"Fire Potion"},{"floor":33,"key":"LiquidBronze"},{"floor":36,"key":"Block Potion"},{"floor":39,"key":"GhostInAJar"}],"is_trial":false,"path_per_floor":["M","M","?","M","?","R","M","R","T","E","M","?","R","M","R","B",null,"M","$","M","?","?","E","R","?","T","M","M","M","M","T","R","B",null,"M","M","?","M","M","E"],"character_chosen":"THE_SILENT","items_purchased":["Membership Card","Paper Crane"],"campfire_rested":1,"item_purchase_floors":[19,19],"current_hp_per_floor":[70,70,70,70,59,59,65,65,65,56,62,62,62,68,68,61,70,70,70,70,70,70,64,70,59,59,59,46,49,51,51,59,39,59,38,39,49,45,41,0,0],"gold":411,"neow_bonus":"NOSTALGIA","is_daily":false,"chose_seed":false,"campfire_upgraded":4,"win_rate":0.0,"timestamp":1614253312,"path_taken":["M","M","?","M","?","R","M","R","T","E","M","?","R","?","R","BOSS","M","$","M","?","?","E","R","?","T","?","?","M","?","?","R","BOSS","M","M","?","M","M","E"],"items_purchased_type":["Relic","Relic"],"build_version":"2020-12-22","purchased_purges":1,"victory":false,"max_hp_per_floor":[70,70,70,70,70,70,70,70,70,70,70,70,70,70,70,70,70,70,70,70,70,70,70,70,59,59,59,59,59,59,59,59,59,59,59,59,59,59,59,59,59],"relic_stats":{"counters":[21,114],"Sundial":[8],"HoveringKite":[5],"Eternal Feather":14,"Tiny Chest":1,"obtain_stats":[{"aspiration:Nostalgia":0,"Sundial":10,"HoveringKite":34,"Eternal Feather":23,"Tiny Chest":26,"Fusion Hammer":17,"aspiration:HummingbirdHeart":9,"Membership Card":19,"Paper Crane":19,"Burning Blood":0,"Ring of the Snake":0},{"aspiration:Nostalgia":0,"Sundial":5,"HoveringKite":16,"Eternal Feather":11,"Tiny Chest":11,"Fusion Hammer":8,"aspiration:HummingbirdHeart":4,"Membership Card":9,"Paper Crane":9,"Burning Blood":0,"Ring of the Snake":0},{"aspiration:Nostalgia":0,"Sundial":25,"HoveringKite":79,"Eternal Feather":49,"Tiny Chest":49,"Fusion Hammer":37,"aspiration:HummingbirdHeart":14,"Membership Card":40,"Paper Crane":40,"Burning Blood":0,"Ring of the Snake":0}],"Burning Blood":92,"Ring of the Snake":[42]},"card_choices":[{"not_picked":["Expertise","Cloak And Dagger"],"picked":"Finisher","floor":1.0},{"not_picked":["Deflect","Bouncing Flask"],"picked":"Masterful Stab","floor":2.0},{"not_picked":["Caltrops","Backflip"],"picked":"Dash","floor":4.0},{"not_picked":["Acrobatics","PiercingWail"],"picked":"Terror","floor":7.0},{"not_picked":["PiercingWail","Outmaneuver"],"picked":"Slice","floor":10.0},{"not_picked":["Deflect","Well Laid Plans"],"picked":"Predator","floor":11.0},{"not_picked":["Setup","Expertise"],"picked":"Masterful Stab","floor":14.0},{"not_picked":["Glass Knife","Unload"],"picked":"A Thousand Cuts","floor":16.0},{"not_picked":["Dagger Throw+1","Deflect"],"picked":"Footwork+1","floor":18.0},{"not_picked":["PiercingWail","Masterful Stab"],"picked":"Sucker Punch+1","floor":20.0},{"not_picked":["Poisoned Stab","Eviscerate"],"picked":"Quick Slash","floor":23.0},{"not_picked":["Leg Sweep","Slice"],"picked":"Cloak And Dagger+1","floor":27},{"not_picked":["Bouncing Flask","Noxious Fumes","Outmaneuver"],"picked":"SKIP","floor":28},{"not_picked":["Expertise","Slice"],"picked":"Well Laid Plans","floor":29},{"not_picked":["Slice","Noxious Fumes"],"picked":"Corpse Explosion","floor":30},{"not_picked":["Phantasmal Killer","Bullet Time"],"picked":"Burst","floor":33},{"not_picked":["Choke","Acrobatics+1"],"picked":"Blur+1","floor":35},{"not_picked":["Slice","Flechettes"],"picked":"Heel Hook+1","floor":36},{"not_picked":["Cloak And Dagger","Slice+1"],"picked":"Blade Dance","floor":38},{"not_picked":["Bane","Endless Agony"],"picked":"Flying Knee+1","floor":39}],"player_experience":1963062,"relics_obtained":[{"floor":9.0,"key":"aspiration:HummingbirdHeart"},{"floor":10.0,"key":"Sundial"},{"floor":23.0,"key":"Eternal Feather"},{"floor":26,"key":"Tiny Chest"}],"event_choices":[{"damage_healed":0.0,"max_hp_gain":0.0,"max_hp_loss":0.0,"gold_gain":0.0,"event_name":"betterThird:BetterSerpent","player_choice":"Ignored","floor":3.0,"gold_loss":0.0,"damage_taken":123.0},{"damage_healed":0.0,"max_hp_gain":0.0,"max_hp_loss":0.0,"gold_gain":75.0,"event_name":"betterThird:BetterGoop","player_choice":"Gold","floor":5.0,"gold_loss":0.0,"damage_taken":11.0},{"damage_healed":0.0,"max_hp_gain":0.0,"max_hp_loss":0.0,"gold_gain":1.0,"event_name":"betterStone:BetterStone","player_choice":"4","floor":12.0,"gold_loss":0.0,"damage_taken":0.0,"cards_obtained":["Crippling Poison"]},{"cards_removed":["Predator"],"damage_healed":0.0,"max_hp_gain":0.0,"max_hp_loss":0.0,"gold_gain":0.0,"event_name":"betterNote:BetterNote","player_choice":"Give","floor":21.0,"gold_loss":0.0,"damage_taken":0.0,"cards_obtained":["None"]},{"cards_removed":["Strike_G"],"damage_healed":0.0,"max_hp_gain":0.0,"max_hp_loss":0.0,"gold_gain":0.0,"event_name":"betterThird:BetterWriting","player_choice":"Elegance","floor":22.0,"gold_loss":0.0,"damage_taken":0.0}],"is_beta":false,"boss_relics":[{"not_picked":["aspiration:RunicSpoon","Tiny House"],"picked":"Fusion Hammer"},{"not_picked":["Snecko Eye","aspiration:PoetsPen_weak"],"picked":"HoveringKite"}],"items_purged_floors":[19],"is_endless":false,"potions_floor_spawned":[1,2,10,16,23,27,28,29,33,36,39],"killed_by":"Giant Head","ascension_level":0,"is_humility":true}}