{"host":"jsd6g3c2vo13e69c","time":1614285083,"event":{"mods":["2.2 Compatiblity","Act Like it!","BaseMod","Better Altar","Better Match","Better Note","Better Sensory Stone","Better Third Choice","BetterRewards","Colored Map","Colored Powertips","Downfall","Friendly Minions","GifTheSpireLib","Googly Eyes","Gremlin Mod","Hermit","Hubris","Infinite Spire","Melee Mod","Minty Spire (QoL Compilation)","Permanent Neow","Quick Restart","Random Character Button","Replay The Spire","Shop Mod","Spire Arcade","StSLib","The Cursed","The Disciple","The Forsaken","thorton"],"gold_per_floor":[99,99,99,113,23,23,23,8,33,33,50,50,62,97,116,116,116,116],"floor_reached":16,"language":"ENG","playtime":772,"items_purged":["hexamod:Strike"],"score":108,"play_id":"961786dc-2962-47f2-9e2b-b3db8edc5843","local_time":"20210225153123","is_ascension_mode":false,"campfire_choices":[{"data":"hexamod:Sear","floor":1,"key":"SMITH"},{"data":"hexamod:BurningTouch","floor":6,"key":"SMITH"},{"data":"hexamod:RainOfEmbers","floor":10,"key":"SMITH"},{"data":"hexamod:RainOfEmbers","floor":12,"key":"SMITH"}],"circlet_count":0,"master_deck":["hexamod:Strike","hexamod:Strike","hexamod:Strike","hexamod:Defend+1","hexamod:Defend","hexamod:Defend+1","hexamod:Defend","hexamod:Sear+1","hexamod:Float","hexamod:RainOfEmbers+1","hexamod:BurningTouch+1","hexamod:StepThrough","hexamod:RainOfEmbers+1","hexamod:StepThrough","hexamod:SkipABeat+1","hexamod:SpectersWail"],"relics":["hexamod:SpiritBrand","War Paint","Toxic Egg 2","Kunai"],"acts_visited":["Exordium"],"potions_floor_usage":[16,16],"damage_taken":[{"damage":3,"enemies":"2 Louse","floor":4,"turns":3},{"damage":0,"enemies":"downfall:FleeingMerchant","floor":5,"turns":4},{"damage":10,"enemies":"downfall:FleeingMerchant","floor":8,"turns":4},{"damage":16,"enemies":"Gremlin Nob","floor":9,"turns":3},{"damage":5,"enemies":"Jaw Worm","floor":11,"turns":3},{"damage":0,"enemies":"Cultist","floor":13,"turns":3},{"damage":18,"enemies":"Lagavulin","floor":14,"turns":6},{"damage":0,"enemies":"Blue Slaver","floor":15,"turns":3},{"damage":15,"enemies":"IC_STATUS_ARCHETYPE","floor":16,"turns":4}],"seed_played":"-1883546777617394055","potions_obtained":[{"floor":9,"key":"hexamod:DoubleChargePotion"},{"floor":13,"key":"PowerPotion"}],"is_trial":false,"path_per_floor":["R","?","?","M","$","R","T","$","E","R","M","R","M","E","M","B"],"character_chosen":"THE_SPIRIT","items_purchased":[],"campfire_rested":0,"item_purchase_floors":[],"current_hp_per_floor":[63,63,63,60,60,60,60,50,34,34,29,29,29,11,11,0,0,0],"gold":116,"neow_bonus":"TWENTY_PERCENT_HP_BONUS","is_daily":false,"chose_seed":false,"campfire_upgraded":4,"win_rate":0.0,"timestamp":1614285083,"path_taken":["R","?","?","?","$","R","T","$","E","R","M","R","M","E","M","BOSS"],"items_purchased_type":[],"build_version":"2020-12-22","purchased_purges":1,"victory":false,"max_hp_per_floor":[84,84,84,84,84,84,84,84,84,84,84,84,84,84,84,84,84,84],"card_choices":[{"not_picked":["hexamod:ShieldOfDarkness","hexamod:BurningTouch"],"picked":"hexamod:RainOfEmbers","floor":4},{"not_picked":["hexamod:NightmareGuise","hexamod:HeatMetal"],"picked":"hexamod:BurningTouch","floor":5},{"not_picked":["hexamod:GhostShield","hexamod:NightmareGuise"],"picked":"hexamod:StepThrough","floor":8},{"not_picked":["hexamod:AdvancingGuard+1","hexamod:FourthSeal"],"picked":"hexamod:RainOfEmbers","floor":9},{"not_picked":["hexamod:InspiringFlames+1","hexamod:RadiantFlame","hexamod:ShieldOfDarkness+1"],"picked":"SKIP","floor":11},{"not_picked":["hexamod:FastForward+1","hexamod:NightmareStrike"],"picked":"hexamod:StepThrough","floor":13},{"not_picked":["hexamod:NightmareGuise+1","hexamod:AdvancingGuard+1"],"picked":"hexamod:SkipABeat+1","floor":14},{"not_picked":["hexamod:SwordOfDarkness","hexamod:GiftsFromTheDead"],"picked":"hexamod:SpectersWail","floor":15}],"player_experience":478063,"relics_obtained":[{"floor":7,"key":"War Paint"},{"floor":9,"key":"Toxic Egg 2"},{"floor":14,"key":"Kunai"}],"event_choices":[{"damage_healed":0,"gold_gain":0,"player_choice":"Ignored","damage_taken":0,"max_hp_gain":0,"max_hp_loss":0,"event_name":"betterNote:BetterNote","floor":3,"gold_loss":0,"cards_obtained":["Slimebound:MassFeed"]}],"is_beta":false,"boss_relics":[],"items_purged_floors":[5],"is_endless":false,"potions_floor_spawned":[9,13],"killed_by":"IC_STATUS_ARCHETYPE","ascension_level":0}}