{"host":"ygf22gznhdznt0qf","time":1614242713,"event":{"mods":["10 clothes from DAL","Act Like it!","Arknights","Ascension Reborn","BaseMod","Library of Ruina","Library of Ruina Extra","Lobotomy","LobotomyExtend","Minty Spire (QoL Compilation)","Quick Restart","StSLib","TestMod","The Runesmith","Waifu the Spire","【功能Mod】聪明的最终Boss","篝火指南"],"gold_per_floor":[113,132,149,99,99,99,124,199,199,214,229,199,228,153,153,251,251,245,209,229,244,232,260,260,294,373,373,406,49,148,182,182,283,283,293,293,339,363,363,419,439,457,457,476,507,523,523,546,546,409,409,409,409,409,225,256,262],"floor_reached":58,"language":"ZHS","playtime":2570,"items_purged":["ChopItOff"],"score":1795,"play_id":"ea7afc28-cc21-4049-bbe6-e925397cb2e6","local_time":"20210225164513","is_ascension_mode":true,"campfire_choices":[{"floor":6,"key":"RECALL"},{"floor":15,"key":"REST"},{"data":"DegradedChain","floor":24,"key":"SMITH"},{"data":"DegradedShockwave","floor":27,"key":"SMITH"},{"data":"DegradedLock","floor":32,"key":"SMITH"},{"data":"UnforgettableMelody","floor":47,"key":"SMITH"},{"data":"UnforgettableMelody","floor":49,"key":"SMITH"},{"data":"Suppress","floor":54,"key":"SMITH"}],"circlet_count":0,"master_deck":["CENSORED","Mercenary","LongBird","Funeral","ApocalypseBird","PunishingBird","BigBird","Woodsman","DegradedFairy+1","DegradedFairy+1","DegradedFairy+1","DegradedChain+1","DegradedChain+1","DegradedLock+1","DegradedPillar+1","DegradedPillar+1","DegradedShockwave+1","Quickness","Freischutz","PreemptiveStrike+1","WrathOfTorment+1","TheArtOfRapidSteps+1","SmokingPipe+1","Suppress+1","UnforgettableMelody+1","NothingThere","Faith+1","GuidanceOfTheGears+1","DesperateStruggle+1","StartinOutLightly+1","FrontalAssault+1","SingingMachine","GrazeTheGrass+1","UnforgettableMelody+1","Unlock1","SilentOrchestra","Quickness+1","Unlock1","Metamorphosis+1","QueenOfHatred","GuidanceOfTheGears+1"],"relics":["PageOfLibrarian","testmod-TestBox","testmod-ArcanaOfDestiny","CogitoBucket","HornCleat","Toxic Egg 2","BackwardClock","Tiny Chest","testmod-BloodSacrificeSpiritualization","Lamp_r","LetterFromLob","Logging_r","Happy Flower","Lantern","PageOfQueenBee","PageOfFreischutz","Pear","DALC_TEN","SkinProphecy","testmod-TheFather","Question Card","Twilight","SolemnVow_r","DALC_WAN","PageOfBloodbath","Justitia_r","WantedRequest","CENSORED_r","Oddly Smooth Stone"],"acts_visited":["Exordium","TheCity","TheBeyond","TheEnding"],"potions_floor_usage":[57,57],"damage_taken":[{"damage":0,"enemies":"ats:Genji","floor":1,"turns":1},{"damage":0,"enemies":"2 Louse","floor":2,"turns":1},{"damage":0,"enemies":"Small Slimes","floor":3,"turns":2},{"damage":0,"enemies":"3 Sentries","floor":7,"turns":3},{"damage":0,"enemies":"2 Fungi Beasts","floor":10,"turns":1},{"damage":10,"enemies":"Blue Slaver","floor":11,"turns":2},{"damage":0,"enemies":"Large Slime","floor":12,"turns":2},{"damage":0,"enemies":"Gremlin Nob","floor":13,"turns":2},{"damage":0,"enemies":"Slime Boss","floor":16,"turns":2},{"damage":50,"enemies":"Spheric Guardian","floor":18,"turns":5},{"damage":28,"enemies":"Shell Parasite","floor":19,"turns":4},{"damage":9,"enemies":"Centurion and Healer","floor":20,"turns":1},{"damage":14,"enemies":"Snecko","floor":21,"turns":3},{"damage":31,"enemies":"3 Cultists","floor":22,"turns":4},{"damage":9,"enemies":"Slavers","floor":23,"turns":2},{"damage":9,"enemies":"Gremlin Leader","floor":25,"turns":2},{"damage":9,"enemies":"Book of Stabbing","floor":28,"turns":1},{"damage":13,"enemies":"Slavers","floor":31,"turns":1},{"damage":47,"enemies":"Champ","floor":33,"turns":1},{"damage":15,"enemies":"3 Darklings","floor":35,"turns":1},{"damage":10,"enemies":"2 Orb Walkers","floor":37,"turns":1},{"damage":3,"enemies":"3 Shapes","floor":38,"turns":1},{"damage":56,"enemies":"Nemesis","floor":40,"turns":1},{"damage":10,"enemies":"Jaw Worm Horde","floor":41,"turns":1},{"damage":36,"enemies":"Sphere and 2 Shapes","floor":42,"turns":1},{"damage":11,"enemies":"Spire Growth","floor":44,"turns":1},{"damage":11,"enemies":"Nemesis","floor":45,"turns":1},{"damage":11,"enemies":"Jaw Worm Horde","floor":46,"turns":1},{"damage":0,"enemies":"Writhing Mass","floor":48,"turns":1},{"damage":21,"enemies":"Awakened One","floor":50,"turns":4},{"damage":12,"enemies":"Shield and Spear","floor":56,"turns":1},{"damage":23,"enemies":"The Heart","floor":57,"turns":3}],"seed_played":"7435551740911024776","potions_obtained":[{"floor":3,"key":"FearPotion"},{"floor":10,"key":"GamblersBrew"},{"floor":11,"key":"ColorlessPotion"},{"floor":12,"key":"Strength Potion"},{"floor":46,"key":"CultistPotion"},{"floor":48,"key":"EntropicBrew"}],"is_trial":false,"path_per_floor":["M","M","M","?","$","R","E","?","T","M","M","M","E","$","R","B",null,"M","M","M","M","M","E","R","E","T","R","E","$","?","E","R","B",null,"M","?","?","M","T","E","M","M","T","M","E","M","R","M","R","B",null,null,null,"R","$","E","B",null],"character_chosen":"Librarian","items_purchased":["PageOfFreischutz","GrazeTheGrass","Metamorphosis+1"],"campfire_rested":1,"item_purchase_floors":[29,29,55],"current_hp_per_floor":[60,60,60,60,60,60,60,49,49,49,39,39,39,39,66,66,90,65,85,90,90,73,90,90,90,90,90,90,90,90,100,100,92,100,100,100,102,104,104,106,108,105,105,112,114,116,116,118,118,120,120,120,120,120,120,122,124],"gold":262,"neow_bonus":"","is_daily":false,"chose_seed":false,"campfire_upgraded":6,"win_rate":0.0,"timestamp":1614242713,"path_taken":["M","M","M","?","$","R","E","?","T","M","M","M","E","$","R","BOSS","M","M","M","M","M","E","R","E","T","R","E","$","?","E","R","BOSS","M","?","?","M","?","E","M","M","T","M","E","M","R","M","R","BOSS","R","$","E","BOSS"],"items_purchased_type":["Relic","Card","Card"],"build_version":"2020-12-22","purchased_purges":1,"victory":true,"max_hp_per_floor":[90,90,90,90,90,90,90,90,90,90,90,90,90,90,90,90,90,90,90,90,90,90,90,90,90,90,90,90,90,90,100,100,100,100,100,100,102,104,104,106,108,110,110,112,114,116,116,118,118,120,120,120,120,120,120,122,124],"card_choices":[{"not_picked":["Porccubus","Funeral","BeautyBeast"],"picked":"Singing Bowl","floor":1},{"not_picked":["UniverseFragment","SpiderBud"],"picked":"MHz","floor":1},{"not_picked":["Parry2","FeelinGood","DesperateStruggle","FocusFire","Juggling","Outburst","SmokingPipe","SinglePointStab"],"picked":"Quickness","floor":1},{"not_picked":["Funeral","FairyFestival"],"picked":"BigBird","floor":2},{"not_picked":["Retaliate","StructuralAnalysis","Leap_lor","Pound","GuardingStance","OpportunitySpotted","Diversion","EndlessBattle"],"picked":"ChopItOff","floor":2},{"not_picked":["Murderer","HappyTeddy","Porccubus"],"picked":"Singing Bowl","floor":3},{"not_picked":["VoidDream","Bloodbath"],"picked":"Freischutz","floor":3},{"not_picked":["GreatSerpentsImpact","HiddenBlade","FierceCharge","SpearedSweep","Cruelty","Standoff","EndlessBattle","DesperateStruggle"],"picked":"PreemptiveStrike","floor":3},{"not_picked":["PinpointShot","Gigigig","YoureTooSlow","FierceOnslaught","Parry2","EnergyShield","DestructiveImpact","CookingPrep"],"picked":"WrathOfTorment","floor":7},{"not_picked":["CrumblingArmor","Yin"],"picked":"PunishingBird","floor":7},{"not_picked":["SharpSwipe","DefenseOrder+1","QuickSuppression","PuppetBlockade+1","SilentNight","DeepDrag","Mutilate","Faith+1"],"picked":"TheArtOfRapidSteps+1","floor":10},{"not_picked":["Slice_lor","SinglePointStab","DefenseOrder+1","Standoff","Collision","Leap_lor","EnergyStrike","EnergyShield+1"],"picked":"SmokingPipe+1","floor":11},{"not_picked":["Murderer","Mercenary","ShyLook"],"picked":"Singing Bowl","floor":11},{"not_picked":["FairyFestival","Scorched","CherryBlossoms"],"picked":"Singing Bowl","floor":12},{"not_picked":["ExtremeEdge","Guardian_lor+1","Eradication","GreatSerpentsImpact","IronWall+1","Pound","TendonChords","HandleRequest","RatsGuideToSurvival+1"],"picked":"SKIP","floor":12},{"not_picked":["SnowQueen","Laetitia","Porccubus"],"picked":"Singing Bowl","floor":13},{"not_picked":["AbsorbImpact+1","BladeWhirl","Collision","SearingSword","FleetEdge","Eject","EnergyCycle","Preparation+1"],"picked":"Suppress","floor":13},{"not_picked":["BoundaryOfDeath","MindCrush"],"picked":"UnforgettableMelody","floor":16},{"not_picked":["BlackArmy","MeatLantern","SilentOrchestra"],"picked":"Singing Bowl","floor":16},{"not_picked":["Scarecrow","BeautyBeast"],"picked":"NothingThere","floor":16},{"not_picked":["FieryBird","MHz","BlackSwan"],"picked":"Singing Bowl","floor":18},{"not_picked":["EmotionalTurbulence","StrongStrike+1","Reload+1","WillOfThePrescript+1","ClassAndRespect+1","SunsetBlade","BackAttack+1","Overpower"],"picked":"Faith+1","floor":18},{"not_picked":["FleetEdge","FeelinGood+1","Leap_lor","UndertakePrescript+1","SkitterAway+1","Crush","AsThePrescriptOrders+1","NightInTheBackstreets"],"picked":"GuidanceOfTheGears+1","floor":19},{"not_picked":["BigBadWolf","MHz","MeatLantern"],"picked":"Singing Bowl","floor":19},{"not_picked":["SilentOrchestra","OSAHOGD","Scarecrow"],"picked":"Singing Bowl","floor":20},{"not_picked":["BoundaryOfDeath","Thrust","Creak+1","RushDown","ExtremeEdge","StrikeDown","EnergyCycle+1","BattleCommand+1"],"picked":"DesperateStruggle","floor":20},{"not_picked":["ClassAndRespect","StructuralAnalysis+1","FleetEdge+1","Thrust","MultiBlock+1","SkitterAway+1","WaitUp+1","MultiHit","SunsetBlade"],"picked":"SKIP","floor":21},{"not_picked":["Scorched","ShyLook"],"picked":"Woodsman","floor":21},{"not_picked":["ClassAndRespect","StructuralAnalysis+1","FleetEdge+1","Thrust","MultiBlock+1","SkitterAway+1","WaitUp+1","MultiHit","SunsetBlade"],"picked":"SKIP","floor":21},{"not_picked":["SharpNails","EnergyCycle","Wallop_lor","MultiHit","Leap_lor","PreemptiveStrike","HardRehearsal","DesperateStruggle"],"picked":"StartinOutLightly+1","floor":22},{"not_picked":["CrumblingArmor","DreamingCurrent","OldLady"],"picked":"Singing Bowl","floor":23},{"not_picked":["Gigigig","HiddenBlade+1","FleetFootsteps+1","FleetEdge","DirtyBlow+1","QuickSuppression","ToOvercomeCrisis+1","ShrineToMusic"],"picked":"FrontalAssault+1","floor":23},{"not_picked":["LittlePrince","NakedNest","CherryBlossoms"],"picked":"Singing Bowl","floor":25},{"not_picked":["OldLady","Scorched"],"picked":"SingingMachine","floor":25},{"not_picked":["SweepTheBackstreets","MultiHit","ShrineToMusic+1","CircusKnives","EnergyConversion","Crush+1","EnergyStrike","SharpSwipe","Decapitation"],"picked":"SKIP","floor":25},{"not_picked":["Laetitia","FieryBird","BeautyBeast"],"picked":"Singing Bowl","floor":28},{"not_picked":["SerpentineBarrier+1","SetFire","BizarreAttack","RhinoRam","EndlessBattle","CutIn","DesperateStruggle+1","SunsetBlade","StrikeDown"],"picked":"SKIP","floor":28},{"not_picked":["OSAHOGD","OldLady"],"picked":"Mercenary","floor":31},{"not_picked":["FleetFootsteps+1","SunsetBlade+1","Outburst","GutHarvesting","BurningFlash","UnavoidableGaze+1","Faith+1","SharpSwipe"],"picked":"GrazeTheGrass","floor":31},{"not_picked":["RipSpace","GutHarvesting"],"picked":"UnforgettableMelody","floor":33},{"not_picked":["FairyFestival","OSAHOGD","MHz"],"picked":"Singing Bowl","floor":33},{"not_picked":["Alriune","GalaxyChild"],"picked":"CENSORED","floor":33},{"not_picked":["ShyLook","LittlePrince","OldLady"],"picked":"Singing Bowl","floor":35},{"not_picked":["FierceCharge+1","ReadyUp+1","FleshFillet","FlyingSword+1","ICanCookAnything+1","FleetEdge+1","Mutilate+1","QuickAttack+1"],"picked":"Unlock1","floor":35},{"not_picked":["RedShoes","Porccubus"],"picked":"Funeral","floor":37},{"not_picked":["LittleHelper","LaLuna"],"picked":"LongBird","floor":38},{"not_picked":["Multislash+1","Creak+1","WillOfThePrescript+1","MultiHit","Unlock1+1","PinpointShot+1","Standoff","FierceCharge+1","AGoldenOpportunity+1"],"picked":"SKIP","floor":38},{"not_picked":["CherryBlossoms","Rudolta","LittleHelper"],"picked":"Singing Bowl","floor":40},{"not_picked":["LaLuna","BlackArmy"],"picked":"SilentOrchestra","floor":40},{"not_picked":["HappyTeddy","MeatLantern","OldLady"],"picked":"Singing Bowl","floor":41},{"not_picked":["DirtyBlow","ProselytesBlade","PinpointShot","BlowItUp","StrongStrike+1","InnerArdor+1","FlowOfTheSword","HandleRequest","Multislash+1","SummaryJudgment"],"picked":"SKIP","floor":41},{"not_picked":["Concentration+1","CookingPrep+1","FrontalAssault+1","DesperateStruggle","QuickSuppression+1","MultiHit","Eject+1","BayonetCombat","RulesOfTheBackstreets+1"],"picked":"Quickness+1","floor":42},{"not_picked":["GalaxyChild","LittleHelper","GreedKing"],"picked":"Singing Bowl","floor":42},{"not_picked":["WhitesApple","BigBadWolf","QueenBee"],"picked":"Singing Bowl","floor":44},{"not_picked":["BizarreAttack","EndlessBattle+1","DarkCloud+1","StrikeDown","SkitterAway+1","Rewind+1","YoureAHindrance+1","QuickAttack","Leap_lor","AsThePrescriptOrders+1"],"picked":"SKIP","floor":44},{"not_picked":["MeatLantern","Porccubus","UniverseFragment"],"picked":"Singing Bowl","floor":45},{"not_picked":["ClassAndRespect","DarkCloud","Leap_lor","StrongStrike","Multislash","SinglePointStab","IngredientHunt+1","LeRegole+1","DimensionalRift"],"picked":"Unlock1","floor":45},{"not_picked":["LittleHelper","LittlePrince","CrumblingArmor"],"picked":"Singing Bowl","floor":46},{"not_picked":["HappyTeddy","MeatLantern"],"picked":"DespairKnight","floor":46},{"not_picked":["QuickAttack","Wallop_lor+1","Ripple","PreemptiveStrike+1","UnavoidableGaze+1","DimensionalRift","GatherIntel+1","Unlock1","EnergyShield+1","NightInTheBackstreets+1"],"picked":"SKIP","floor":46},{"not_picked":["Laetitia","Porccubus","FieryBird"],"picked":"Singing Bowl","floor":48},{"not_picked":["RhinoRam+1","EnergyShield+1","MultiHit","Outburst+1","QuickAttack","Multislash","HiddenBlade+1","Wallop_lor+1","NonstopAssault","BlazingStrike"],"picked":"SKIP","floor":48},{"not_picked":["RhinoRam+1","EnergyShield+1","MultiHit","Outburst+1","QuickAttack","Multislash","HiddenBlade+1","Wallop_lor+1","NonstopAssault","BlazingStrike"],"picked":"SKIP","floor":48},{"not_picked":["LittlePrince","DreamingCurrent"],"picked":"QueenOfHatred","floor":56},{"not_picked":["Wallop_lor+1","Zzzzzap+1","DesperateStruggle","EnergyCycle","Leap_lor+1","Unlock1","FierceCharge+1","Quickness+1","ClassAndRespect+1"],"picked":"GuidanceOfTheGears+1","floor":56}],"player_experience":61652,"relics_obtained":[{"floor":7,"key":"HornCleat"},{"floor":9,"key":"Toxic Egg 2"},{"floor":13,"key":"Tiny Chest"},{"floor":18,"key":"LetterFromLob"},{"floor":23,"key":"Happy Flower"},{"floor":25,"key":"Lantern"},{"floor":28,"key":"PageOfQueenBee"},{"floor":31,"key":"Pear"},{"floor":37,"key":"testmod-TheFather"},{"floor":39,"key":"Question Card"},{"floor":40,"key":"Twilight"},{"floor":43,"key":"DALC_WAN"},{"floor":45,"key":"PageOfBloodbath"},{"floor":56,"key":"Oddly Smooth Stone"}],"event_choices":[{"cards_removed":["MHz"],"damage_healed":0,"gold_gain":0,"player_choice":"Card Removal","damage_taken":0,"max_hp_gain":0,"max_hp_loss":0,"event_name":"The Cleric","floor":4,"gold_loss":50},{"damage_healed":0,"gold_gain":75,"player_choice":"Gather Gold","damage_taken":11,"max_hp_gain":0,"max_hp_loss":0,"event_name":"World of Goop","floor":8,"gold_loss":0},{"damage_healed":0,"gold_gain":99,"player_choice":"Stole From Cult","damage_taken":0,"max_hp_gain":0,"max_hp_loss":0,"event_name":"Nest","floor":30,"gold_loss":0},{"damage_healed":0,"gold_gain":0,"player_choice":"Ignored","damage_taken":0,"max_hp_gain":0,"max_hp_loss":0,"event_name":"给自己的盒子","floor":36,"gold_loss":0},{"damage_healed":0,"gold_gain":0,"player_choice":"Fight","damage_taken":0,"max_hp_gain":0,"max_hp_loss":0,"event_name":"Mysterious Sphere","floor":37,"gold_loss":0}],"is_beta":false,"boss_relics":[{"not_picked":["testmod-HarvestTotem","Velvet Choker"],"picked":"testmod-BloodSacrificeSpiritualization"},{"not_picked":["Runic Dome","testmod-StringDisintegrator"],"picked":"DALC_TEN"}],"items_purged_floors":[14],"is_endless":false,"potions_floor_spawned":[3,10,11,12,19,20,23,25,28,35,38,41,45,46,48,56],"ascension_level":1}}