{"host":"545ma68kbj6ggddn","time":1614292265,"event":{"mods":["BaseMod","Colored Map","Colored Powertips","Downfall","Minty Spire (QoL Compilation)","Permanent Neow","Quick Restart","StSLib"],"gold_per_floor":[99,99,99,99,99,116,142,177,327,327,346,362,362,419,436,537,537,537,553,753,765,765,765,820,851,866,766,766,648,548,579,579,579,579],"floor_reached":32,"language":"ENG","playtime":4067,"items_purged":[],"score":299,"play_id":"e6fb28af-b160-4d57-b28b-52e1abe01958","local_time":"20210225163105","is_ascension_mode":false,"campfire_choices":[{"data":"sneckomod:Unknown","floor":1.0,"key":"SMITH"},{"data":"sneckomod:WideSting","floor":10.0,"key":"SMITH"},{"data":"sneckomod:SerpentIdol","floor":13.0,"key":"SMITH"},{"data":"sneckomod:UnlimitedRolls","floor":18.0,"key":"SMITH"},{"floor":27,"key":"RECALL"},{"data":"sneckomod:CheapStock","floor":30,"key":"SMITH"}],"circlet_count":0,"master_deck":["sneckomod:TailWhip","sneckomod:SnekBite","sneckomod:Unknown","sneckomod:Unknown+1","sneckomod:WideSting+1","sneckomod:UnknownUncommonAttack","sneckomod:UnknownX","sneckomod:UnendingSupply","sneckomod:UnknownVulnerable","sneckomod:SerpentIdol+1","sneckomod:UnknownWeak","sneckomod:SerpentIdol","sneckomod:UnknownCommonSkill","sneckomod:UnlimitedRolls+1","sneckomod:UnknownUncommonAttack","sneckomod:UnknownRareSkill","sneckomod:UnknownBoss","sneckomod:SoulCleanse","sneckomod:UnknownBoss","sneckomod:UnknownRareSkill","sneckomod:UnknownUncommonAttack+1","sneckomod:UnknownCommonSkill+1","sneckomod:Unknown0Cost","sneckomod:Unknown0Cost","sneckomod:UnknownStrike","sneckomod:UnknownUncommonSkill+1","sneckomod:UnknownDraw","sneckomod:CheapStock+1"],"relics":["sneckomod:SneckoSoul","downfall:HeartsMalice","Pen Nib","Nunchaku","TungstenRod","Pandora\u0027s Box","Smiling Mask","downfall:HeartBlessingBlue","downfall:HeartBlessingRed","Juzu Bracelet"],"acts_visited":["Exordium","TheCity"],"potions_floor_usage":[25,31],"damage_taken":[{"damage":0.0,"enemies":"Small Slimes","floor":2.0,"turns":1.0},{"damage":0.0,"enemies":"Jaw Worm","floor":3.0,"turns":1.0},{"damage":0.0,"enemies":"Cultist","floor":5.0,"turns":1.0},{"damage":9.0,"enemies":"Blue Slaver","floor":6.0,"turns":3.0},{"damage":10.0,"enemies":"Gremlin Nob","floor":8.0,"turns":3.0},{"damage":1.0,"enemies":"2 Fungi Beasts","floor":11.0,"turns":2.0},{"damage":4.0,"enemies":"3 Louse","floor":12.0,"turns":3.0},{"damage":13.0,"enemies":"3 Sentries","floor":14.0,"turns":4.0},{"damage":9.0,"enemies":"downfall:LooterAlt","floor":15.0,"turns":2.0},{"damage":10.0,"enemies":"SI_SHIV_ARCHETYPE","floor":16.0,"turns":11.0},{"damage":11.0,"enemies":"Spheric Guardian","floor":19.0,"turns":6.0},{"damage":0.0,"enemies":"3 Byrds","floor":21.0,"turns":2.0},{"damage":20,"enemies":"Gremlin Leader","floor":25,"turns":4},{"damage":16,"enemies":"Shelled Parasite and Fungi","floor":26,"turns":6},{"damage":5,"enemies":"downfall:FleeingMerchant","floor":29,"turns":4},{"damage":47,"enemies":"Book of Stabbing","floor":31,"turns":6},{"damage":6,"enemies":"Snake Plant","floor":32,"turns":2}],"seed_played":"8206559766441371261","potions_obtained":[{"floor":6.0,"key":"GamblersBrew"},{"floor":12.0,"key":"GamblersBrew"},{"floor":14.0,"key":"Ancient Potion"},{"floor":25,"key":"EssenceOfSteel"},{"floor":26,"key":"Slimebound:ThreeZeroPotion"},{"floor":31,"key":"Block Potion"}],"is_trial":false,"path_per_floor":["R","M","M","?","M","M","T","E","?","R","M","M","R","?","M","B",null,"R","M","?","M","?","?","T","E","M","R","?","$","R","E","M"],"character_chosen":"THE_SNECKO","items_purchased":["sneckomod:UnknownDraw","sneckomod:CheapStock"],"campfire_rested":0,"item_purchase_floors":[29,29],"current_hp_per_floor":[90,90,90,90,90,81,81,71,71,71,70,66,66,53,44,34,90,90,79,79,79,79,79,79,59,43,53,53,48,48,1,0,0,0],"gold":579,"neow_bonus":"THREE_ENEMY_KILL","is_daily":false,"chose_seed":false,"campfire_upgraded":5,"win_rate":0.0,"timestamp":1614292265,"path_taken":["R","M","M","?","M","M","T","E","?","R","M","M","R","?","M","BOSS","R","M","?","?","?","?","T","E","M","R","?","$","R","E","M"],"items_purchased_type":["Card","Card"],"build_version":"2020-12-22","purchased_purges":0,"victory":false,"max_hp_per_floor":[90,90,90,90,90,90,90,90,90,90,90,90,90,90,90,90,90,90,90,90,90,90,90,90,90,90,100,100,100,100,100,100,100,100],"card_choices":[{"not_picked":["sneckomod:UnknownDraw","sneckomod:IronFang"],"picked":"sneckomod:WideSting","floor":2.0},{"not_picked":["sneckomod:SoulDraw","sneckomod:UnknownUncommonSkill"],"picked":"sneckomod:UnknownUncommonAttack","floor":3.0},{"not_picked":["sneckomod:UnknownUncommonPower","sneckomod:Unknown1Cost"],"picked":"sneckomod:UnknownX","floor":5.0},{"not_picked":["sneckomod:RainOfDice","sneckomod:Restock"],"picked":"sneckomod:UnendingSupply","floor":6.0},{"not_picked":["sneckomod:SnakeSap","sneckomod:QuickBite"],"picked":"sneckomod:UnknownVulnerable","floor":8.0},{"not_picked":["sneckomod:TrashToTreasure","sneckomod:Unknown1Cost"],"picked":"sneckomod:SerpentIdol","floor":11.0},{"not_picked":["sneckomod:TrashToTreasure","sneckomod:RainOfDice"],"picked":"sneckomod:UnknownWeak","floor":12.0},{"not_picked":["sneckomod:ImprovisedGuard","sneckomod:UnknownCommonSkill"],"picked":"sneckomod:SerpentIdol","floor":14.0},{"not_picked":["sneckomod:CheapStock","sneckomod:UnknownCommonAttack"],"picked":"sneckomod:UnknownCommonSkill","floor":15.0},{"not_picked":["sneckomod:UnknownBoss","sneckomod:SerpentMind"],"picked":"sneckomod:UnlimitedRolls","floor":16.0},{"not_picked":["sneckomod:QuickMove","sneckomod:UnknownCommonAttack"],"picked":"sneckomod:UnknownUncommonAttack+1","floor":19.0},{"not_picked":["sneckomod:IronFang+1","sneckomod:UnknownBlock"],"picked":"sneckomod:UnknownCommonSkill+1","floor":21.0},{"not_picked":["sneckomod:UnknownVulnerable","sneckomod:UnknownX"],"picked":"sneckomod:Unknown0Cost","floor":25},{"not_picked":["sneckomod:SnekBeam+1","sneckomod:CheapStock"],"picked":"sneckomod:UnknownStrike","floor":26},{"not_picked":["sneckomod:UnknownBoss","sneckomod:Nope"],"picked":"sneckomod:UnknownUncommonSkill+1","floor":29},{"not_picked":["sneckomod:UnknownCommonAttack","sneckomod:UnknownDraw","sneckomod:SoulDraw+1"],"picked":"SKIP","floor":31}],"player_experience":228269,"relics_obtained":[{"floor":7.0,"key":"Pen Nib"},{"floor":8.0,"key":"Nunchaku"},{"floor":14.0,"key":"TungstenRod"},{"floor":25,"key":"Smiling Mask"},{"floor":31,"key":"Juzu Bracelet"}],"event_choices":[{"damage_healed":0.0,"max_hp_gain":0.0,"max_hp_loss":0.0,"gold_gain":200.0,"event_name":"Wheel of Change","player_choice":"Gold","floor":20.0,"gold_loss":0.0,"damage_taken":0.0},{"damage_healed":0.0,"max_hp_gain":0.0,"max_hp_loss":0.0,"gold_gain":0.0,"event_name":"The Library","player_choice":"Read","floor":22.0,"gold_loss":0.0,"damage_taken":0.0,"cards_obtained":["sneckomod:Unknown0Cost"]},{"damage_healed":0,"gold_gain":0,"player_choice":"Ignored","damage_taken":0,"max_hp_gain":0,"max_hp_loss":0,"event_name":"Vampires","floor":28,"gold_loss":0}],"is_beta":false,"boss_relics":[{"not_picked":["Fusion Hammer","Empty Cage"],"picked":"Pandora\u0027s Box"}],"items_purged_floors":[],"is_endless":false,"potions_floor_spawned":[6,12,14,25,26,31],"killed_by":"Snake Plant","ascension_level":0}}