{"host":"dbkc9h3etq50r1dq","time":1614216510,"event":{"mods":["100% Spire Juice","AchievementEnabler","BaseMod","Block Reminder","Colored Powertips","Curses Come First","Dark Map","Minty Spire (QoL Compilation)","Permanent Neow","Potion Indicator Mod","Random Character Button","Rare Cards Sparkle","StSLib","SuperFastMode","Weighted Paths"],"gold_per_floor":[117,129,148,148,223,223,398,398,452,452,469,469,509,307,316,423,423,74,74,87,87,113,113,132,132,213,255,284,97,97,109,109,109,109],"floor_reached":33,"language":"ZHS","playtime":1044,"items_purged":["Doubt"],"score":265,"play_id":"48e11f4b-3782-4465-af7b-4abf4351e72f","local_time":"20210225092830","is_ascension_mode":false,"campfire_choices":[{"floor":6.0,"key":"REST"},{"data":"Moonworks:IndiscriminateFireSupport","floor":8.0,"key":"SMITH"},{"data":"Moonworks:Ambush","floor":10.0,"key":"SMITH"},{"data":"Moonworks:EvilSpyWorkPreparation","floor":12.0,"key":"SMITH"},{"floor":15.0,"key":"REST"},{"data":"Moonworks:ReflectiveShell","floor":23,"key":"SMITH"},{"data":"Moonworks:EvilSpyWorkPreparation","floor":25,"key":"SMITH"},{"floor":30,"key":"REST"},{"data":"Moonworks:TacticalRetreat","floor":32,"key":"SMITH"}],"circlet_count":0,"master_deck":["Moonworks:Strike","Moonworks:Strike","Moonworks:Strike","Moonworks:Strike","Moonworks:Defend","Moonworks:Defend+1","Moonworks:Defend+1","Moonworks:Defend","Moonworks:Ambush+1","Moonworks:LongDistanceShot","Moonworks:IndiscriminateFireSupport+1","Moonworks:EvilSpyWorkPreparation+1","Moonworks:TacticalRetreat+1","Moonworks:AnotherUltimateWeapon+1","Finesse","Moonworks:EvilSpyWorkPreparation+1","Moonworks:IndiscriminateFireSupport+1","Moonworks:ReflectiveShell+1","Moonworks:NicePresent","Moonworks:SakisCookie","Moonworks:EvilSpyWorkPreparation","Moonworks:Bloodlust"],"relics":["Moonworks:BrokenBomb","Moonworks:Homemark","War Paint","Molten Egg 2","Dream Catcher","CeramicFish","SacredBark","Matryoshka","Juzu Bracelet"],"acts_visited":["Exordium","TheCity"],"potions_floor_usage":[24,28,33],"damage_taken":[{"damage":0.0,"enemies":"Jaw Worm","floor":1.0,"turns":3.0},{"damage":2.0,"enemies":"Small Slimes","floor":2.0,"turns":4.0},{"damage":1.0,"enemies":"Cultist","floor":3.0,"turns":3.0},{"damage":2.0,"enemies":"2 Fungi Beasts","floor":11.0,"turns":3.0},{"damage":12.0,"enemies":"3 Sentries","floor":13.0,"turns":5.0},{"damage":28.0,"enemies":"The Guardian","floor":16.0,"turns":9.0},{"damage":2,"enemies":"Shell Parasite","floor":18,"turns":4},{"damage":3,"enemies":"Spheric Guardian","floor":20,"turns":6},{"damage":0,"enemies":"Snake Plant","floor":22,"turns":3},{"damage":0,"enemies":"Snecko","floor":24,"turns":7},{"damage":13,"enemies":"Book of Stabbing","floor":27,"turns":4},{"damage":11,"enemies":"Centurion and Healer","floor":28,"turns":4},{"damage":6,"enemies":"3 Cultists","floor":31,"turns":2},{"damage":55,"enemies":"Collector","floor":33,"turns":9}],"seed_played":"5164858626992204018","potions_obtained":[{"floor":1.0,"key":"Swift Potion"},{"floor":2.0,"key":"ColorlessPotion"},{"floor":3.0,"key":"SkillPotion"},{"floor":22,"key":"Block Potion"},{"floor":27,"key":"AttackPotion"},{"floor":31,"key":"SteroidPotion"}],"is_trial":false,"path_per_floor":["M","M","M","?","?","R","?","R","T","R","M","R","E","$","R","B",null,"M","$","M","?","M","R","M","R","T","E","M","$","R","M","R","B"],"character_chosen":"THE_STARBREAKER","items_purchased":["Finesse","Moonworks:EvilSpyWorkPreparation","Moonworks:Bloodlust"],"campfire_rested":3,"item_purchase_floors":[14,14,29],"current_hp_per_floor":[60,58,57,45,34,52,52,52,52,52,50,50,38,38,56,28,60,58,58,55,55,55,55,55,55,55,42,31,31,49,49,49,10,10],"gold":109,"neow_bonus":"RANDOM_COMMON_RELIC","is_daily":false,"chose_seed":false,"campfire_upgraded":6,"win_rate":0.0,"timestamp":1614216510,"path_taken":["M","M","M","?","?","R","?","R","T","R","M","R","E","$","R","BOSS","M","$","M","?","M","R","M","R","T","E","M","?","R","M","R","BOSS"],"items_purchased_type":["Card","Card","Card"],"build_version":"2020-12-22","purchased_purges":1,"victory":false,"max_hp_per_floor":[60,60,60,60,60,60,60,60,60,60,60,60,60,60,60,60,60,60,60,60,60,60,60,60,60,60,60,60,60,60,60,60,60,60],"card_choices":[{"not_picked":["Moonworks:IntelligenceOfficer","Moonworks:EvilSpyWorkPreparation","Moonworks:TreasureThief"],"picked":"SKIP","floor":1.0},{"not_picked":["Moonworks:MixPhenomenon","Moonworks:FinalSurgery"],"picked":"Moonworks:IndiscriminateFireSupport","floor":2.0},{"not_picked":["Moonworks:JonathanRush","Moonworks:ImmovableObject"],"picked":"Moonworks:EvilSpyWorkPreparation","floor":3.0},{"not_picked":["Moonworks:RagingMadness","Moonworks:LulusLuckyEgg"],"picked":"Moonworks:TacticalRetreat","floor":11.0},{"not_picked":["Moonworks:Blazing","Moonworks:IndiscriminateFireSupport+1"],"picked":"Moonworks:AnotherUltimateWeapon","floor":13.0},{"not_picked":["Moonworks:Heat300Percent","Moonworks:LulusLuckyEgg"],"picked":"Moonworks:IndiscriminateFireSupport+1","floor":15.0},{"not_picked":["Moonworks:FinalBattle","Moonworks:OutOfAmmo"],"picked":"Moonworks:ReflectiveShell","floor":16.0},{"not_picked":["Moonworks:CompletionReward+1","Moonworks:Assault+1","Moonworks:ImOnFire"],"picked":"SKIP","floor":18},{"not_picked":["Moonworks:DevilHand+1","Moonworks:CloudOfSeagulls+1","Moonworks:Dinner+1"],"picked":"SKIP","floor":20},{"not_picked":["Moonworks:SakisCookie","Moonworks:ImOnFire"],"picked":"Moonworks:NicePresent","floor":22},{"not_picked":["Moonworks:Assault+1","Moonworks:IndiscriminateFireSupport+1","Moonworks:ImOnFire"],"picked":"SKIP","floor":24},{"not_picked":["Moonworks:BigMagnum","Moonworks:PlushieMaster"],"picked":"Moonworks:SakisCookie","floor":27},{"not_picked":["Moonworks:BigMagnum","Moonworks:LulusLuckyEgg"],"picked":"Moonworks:EvilSpyWorkPreparation","floor":28},{"not_picked":["Moonworks:DeployBits","Moonworks:LulusLuckyEgg","Moonworks:ScrambledEve"],"picked":"SKIP","floor":31}],"player_experience":167139,"relics_obtained":[{"floor":9.0,"key":"Dream Catcher"},{"floor":13.0,"key":"CeramicFish"},{"floor":26,"key":"Matryoshka"},{"floor":27,"key":"Juzu Bracelet"}],"event_choices":[{"damage_healed":0.0,"max_hp_gain":0.0,"max_hp_loss":0.0,"gold_gain":0.0,"event_name":"Scrap Ooze","player_choice":"Success","floor":4.0,"gold_loss":0.0,"damage_taken":12.0,"relics_obtained":["Molten Egg 2"]},{"damage_healed":0.0,"max_hp_gain":0.0,"max_hp_loss":0.0,"gold_gain":75.0,"event_name":"World of Goop","player_choice":"Gather Gold","floor":5.0,"gold_loss":0.0,"damage_taken":11.0},{"damage_healed":0.0,"max_hp_gain":0.0,"max_hp_loss":0.0,"gold_gain":175.0,"event_name":"Liars Game","player_choice":"AGREE","floor":7.0,"gold_loss":0.0,"damage_taken":0.0,"cards_obtained":["Doubt"]},{"damage_healed":0,"gold_gain":0,"player_choice":"Upgraded","damage_taken":0,"max_hp_gain":0,"max_hp_loss":0,"event_name":"Upgrade Shrine","floor":21,"gold_loss":0,"cards_upgraded":["Moonworks:AnotherUltimateWeapon"]}],"is_beta":false,"boss_relics":[{"not_picked":["Cursed Key","Pandora\u0027s Box"],"picked":"SacredBark"}],"items_purged_floors":[14],"is_endless":false,"potions_floor_spawned":[1,2,3,22,27,31],"killed_by":"Collector","ascension_level":0}}