{"host":"dg9bmj64xsaxvoc5","time":1614230740,"event":{"mods":["AchievementEnabler","BaseMod","Highlight Path","Minty Spire (QoL Compilation)","Quick Restart","Relic Stats"],"gold_per_floor":[115,40,40,40,40,74,74,87,166,166,166,166,200,218,218,314,364,381,399,399,151,171,171,171],"floor_reached":23,"language":"ENG","playtime":782,"items_purged":["Strike_G","Writhe"],"score":247,"play_id":"051ddb75-6879-43be-ae4b-d607e1bb346b","local_time":"20210225002540","is_ascension_mode":false,"campfire_choices":[{"data":"Strike_G","floor":7,"key":"SMITH"},{"data":"Deadly Poison","floor":10,"key":"SMITH"},{"data":"Strike_G","floor":12,"key":"SMITH"},{"floor":15,"key":"REST"}],"circlet_count":0,"master_deck":["Strike_G+1","Strike_G","Strike_G+1","Strike_G","Defend_G+1","Defend_G","Defend_G","Defend_G","Defend_G","Survivor+1","Neutralize","Deadly Poison+1","Prepared","Poisoned Stab","Glass Knife","Deflect","Dark Shackles"],"relics":["Ring of the Snake","NeowsBlessing","Pear","Gambling Chip","White Beast Statue","Regal Pillow","Anchor","Tiny House","Peace Pipe"],"acts_visited":["Exordium","TheCity"],"potions_floor_usage":[23,23],"damage_taken":[{"damage":0,"enemies":"Cultist","floor":1,"turns":1},{"damage":0,"enemies":"Lagavulin","floor":6,"turns":1},{"damage":0,"enemies":"2 Louse","floor":8,"turns":1},{"damage":27,"enemies":"3 Sentries","floor":13,"turns":11},{"damage":0,"enemies":"Small Slimes","floor":14,"turns":3},{"damage":35,"enemies":"Hexaghost","floor":16,"turns":8},{"damage":15,"enemies":"Shell Parasite","floor":18,"turns":5},{"damage":18,"enemies":"Spheric Guardian","floor":19,"turns":5},{"damage":40,"enemies":"Snecko","floor":22,"turns":6},{"damage":49,"enemies":"Gremlin Leader","floor":23,"turns":9}],"seed_played":"137974034227938688","potions_obtained":[{"floor":1,"key":"CunningPotion"},{"floor":6,"key":"FairyPotion"},{"floor":13,"key":"FearPotion"},{"floor":14,"key":"DistilledChaos"}],"is_trial":false,"path_per_floor":["M","$","T","$","?","E","R","M","T","R","?","R","E","M","R","B",null,"M","M","?","$","M","E"],"character_chosen":"THE_SILENT","items_purchased":["Deflect","Dark Shackles"],"campfire_rested":1,"item_purchase_floors":[21,21],"current_hp_per_floor":[70,70,80,80,80,80,80,80,80,80,68,68,41,41,80,45,85,70,52,52,52,12,0,0],"gold":171,"neow_bonus":"THREE_ENEMY_KILL","is_daily":false,"chose_seed":false,"campfire_upgraded":3,"win_rate":0.0,"timestamp":1614230740,"path_taken":["M","$","?","$","?","E","R","M","T","R","?","R","E","M","R","BOSS","M","M","?","$","M","E"],"items_purchased_type":["Card","Card"],"build_version":"2020-12-22","purchased_purges":2,"victory":false,"max_hp_per_floor":[70,70,80,80,80,80,80,80,80,80,80,80,80,80,80,80,85,85,85,85,85,85,85,85],"relic_stats":{"Peace Pipe":0,"Regal Pillow":15,"counters":[10,50],"Gambling Chip":[20],"obtain_stats":[{"Peace Pipe":20,"Regal Pillow":11,"Anchor":13,"Pear":3,"Tiny House":17,"NeowsBlessing":0,"Gambling Chip":6,"White Beast Statue":9,"Ring of the Snake":0},{"Peace Pipe":8,"Regal Pillow":3,"Anchor":4,"Pear":1,"Tiny House":6,"NeowsBlessing":0,"Gambling Chip":2,"White Beast Statue":3,"Ring of the Snake":0},{"Peace Pipe":35,"Regal Pillow":3,"Anchor":14,"Pear":1,"Tiny House":25,"NeowsBlessing":0,"Gambling Chip":2,"White Beast Statue":3,"Ring of the Snake":0}],"Ring of the Snake":[20]},"card_choices":[{"not_picked":["Masterful Stab","Quick Slash","Acrobatics"],"picked":"SKIP","floor":1},{"not_picked":["Riddle With Holes","Dash","Unload"],"picked":"SKIP","floor":6},{"not_picked":["Outmaneuver","Blade Dance"],"picked":"Deadly Poison","floor":8},{"not_picked":["Dagger Throw","Infinite Blades"],"picked":"Prepared","floor":13},{"not_picked":["Quick Slash","Prepared"],"picked":"Poisoned Stab","floor":14},{"not_picked":["Envenom","Malaise"],"picked":"Glass Knife","floor":16},{"not_picked":["Dodge and Roll+1","Flechettes","Blade Dance"],"picked":"SKIP","floor":18},{"not_picked":["Flechettes","Dagger Throw","Slice"],"picked":"SKIP","floor":19},{"not_picked":["Distraction","Escape Plan","Acrobatics"],"picked":"SKIP","floor":22}],"player_experience":13165,"relics_obtained":[{"floor":3,"key":"Pear"},{"floor":6,"key":"Gambling Chip"},{"floor":9,"key":"White Beast Statue"},{"floor":13,"key":"Anchor"}],"event_choices":[{"damage_healed":0,"gold_gain":0,"player_choice":"Grow","damage_taken":0,"max_hp_gain":0,"max_hp_loss":0,"event_name":"Living Wall","floor":5,"gold_loss":0,"cards_upgraded":["Survivor"]},{"damage_healed":0,"gold_gain":0,"player_choice":"Success","damage_taken":12,"relics_obtained":["Regal Pillow"],"max_hp_gain":0,"max_hp_loss":0,"event_name":"Scrap Ooze","floor":11,"gold_loss":0},{"damage_healed":0,"gold_gain":0,"player_choice":"Opened","damage_taken":0,"relics_obtained":["Peace Pipe"],"max_hp_gain":0,"max_hp_loss":0,"event_name":"The Mausoleum","floor":20,"gold_loss":0,"cards_obtained":["Writhe"]}],"is_beta":false,"boss_relics":[{"not_picked":["SlaversCollar","Calling Bell"],"picked":"Tiny House"}],"items_purged_floors":[2,21],"is_endless":false,"potions_floor_spawned":[1,6,13,14,16,18,19,22],"killed_by":"Gremlin Leader","ascension_level":0}}