{"host":"x73jdofm2fk9hsud","time":1614228605,"event":{"mods":["BaseMod","Bestiary","Minty Spire (QoL Compilation)","Relic Stats","ojb\u0027s Better Paths Mod","ojb\u0027s Info Mod"],"gold_per_floor":[112,112,122,141,155,155,188,188,188,188,209,245,261,44,44,134,134,159,159,159,174,188,231,145,145,145,183,183,207,207,157,157,250,250,274,298,298,329,329,329],"floor_reached":39,"language":"ENG","playtime":1593,"items_purged":[],"score":958,"play_id":"0e0531f9-bd8c-4c07-a1a7-b7671aa5b7ee","local_time":"20210224235005","is_ascension_mode":true,"campfire_choices":[{"data":"A Thousand Cuts","floor":6,"key":"SMITH"},{"floor":8,"key":"REST"},{"floor":15,"key":"REST"},{"floor":25,"key":"REST"},{"floor":30,"key":"REST"},{"data":"Noxious Fumes","floor":32,"key":"SMITH"}],"circlet_count":0,"master_deck":["AscendersBane","Survivor","Neutralize","A Thousand Cuts+1","Dash","Deflect","Endless Agony","Crippling Poison","Blur","Poisoned Stab","Escape Plan","Endless Agony","After Image","Bane","Tools of the Trade","Catalyst","Blur","Footwork+1","Malaise","Noxious Fumes+1","Cloak And Dagger","Flying Knee","Cloak And Dagger","Dodge and Roll","Escape Plan","After Image+1","Backflip","Burst","Prepared+1","Blade Dance","Infinite Blades+1"],"relics":["Ring of the Snake","HornCleat","Bottled Tornado","Golden Idol","InkBottle","TwistedFunnel","Pandora\u0027s Box","Frozen Egg 2","Question Card","Toy Ornithopter","Tingsha","Sundial","WristBlade","Shovel"],"acts_visited":["Exordium","TheCity","TheBeyond"],"potions_floor_usage":[7,27,29,35],"damage_taken":[{"damage":2,"enemies":"Small Slimes","floor":1,"turns":4},{"damage":2,"enemies":"Jaw Worm","floor":3,"turns":7},{"damage":0,"enemies":"2 Louse","floor":4,"turns":3},{"damage":1,"enemies":"Looter","floor":5,"turns":4},{"damage":19,"enemies":"Lagavulin","floor":7,"turns":8},{"damage":15,"enemies":"Exordium Thugs","floor":11,"turns":5},{"damage":3,"enemies":"3 Sentries","floor":12,"turns":6},{"damage":0,"enemies":"Exordium Wildlife","floor":13,"turns":4},{"damage":0,"enemies":"Slime Boss","floor":16,"turns":8},{"damage":0,"enemies":"3 Byrds","floor":18,"turns":4},{"damage":4,"enemies":"2 Thieves","floor":21,"turns":3},{"damage":13,"enemies":"Snake Plant","floor":22,"turns":5},{"damage":22,"enemies":"Slavers","floor":23,"turns":5},{"damage":19,"enemies":"Book of Stabbing","floor":27,"turns":6},{"damage":16,"enemies":"Cultist and Chosen","floor":29,"turns":7},{"damage":17,"enemies":"Automaton","floor":33,"turns":11},{"damage":20,"enemies":"3 Shapes","floor":35,"turns":5},{"damage":15,"enemies":"Orb Walker","floor":36,"turns":4},{"damage":0,"enemies":"Mind Bloom Boss Battle","floor":38,"turns":8},{"damage":0,"enemies":"Jaw Worm Horde","floor":39,"turns":1}],"seed_played":"-8988871055529459460","potions_obtained":[{"floor":1,"key":"Swift Potion"},{"floor":3,"key":"AttackPotion"},{"floor":13,"key":"Explosive Potion"},{"floor":27,"key":"Explosive Potion"},{"floor":33,"key":"ColorlessPotion"},{"floor":36,"key":"Strength Potion"},{"floor":38,"key":"EntropicBrew"}],"is_trial":false,"path_per_floor":["M","?","M","M","M","R","E","R","T","?","M","E","M","$","R","B",null,"M","?","?","M","M","E","$","R","T","E","T","M","R","?","R","B",null,"M","M","?","?","M"],"character_chosen":"THE_SILENT","items_purchased":["Endless Agony","TwistedFunnel","Escape Plan"],"campfire_rested":4,"item_purchase_floors":[14,14,24],"current_hp_per_floor":[42,35,33,33,32,32,13,32,32,32,17,14,14,14,32,32,53,53,53,53,49,36,14,14,32,32,18,18,7,25,25,25,8,47,32,17,17,17,17,17],"gold":329,"neow_bonus":"THREE_RARE_CARDS","is_daily":false,"chose_seed":false,"campfire_upgraded":2,"win_rate":0.0,"timestamp":1614228605,"path_taken":["M","?","M","M","M","R","E","R","T","?","M","E","M","?","R","BOSS","M","?","?","M","?","E","$","R","T","E","?","M","R","?","R","BOSS","M","M","?","?","M"],"items_purchased_type":["Card","Relic","Card"],"build_version":"2020-12-22","purchased_purges":0,"victory":false,"max_hp_per_floor":[66,66,66,66,66,66,66,66,66,60,60,60,60,60,60,60,60,60,60,60,60,60,60,60,60,60,60,60,60,60,60,60,60,60,60,60,57,57,57,57],"relic_stats":{"Shovel":0,"counters":[20,108],"Golden Idol":100,"Sundial":[4],"Pandora\u0027s Box":["Bane","Tools of the Trade","Catalyst","Blur","Footwork","Dagger Spray","Malaise","Poisoned Stab","Noxious Fumes"],"Tingsha":[39],"Question Card":6,"obtain_stats":[{"TwistedFunnel":14,"Golden Idol":10,"Tingsha":27,"Bottled Tornado":9,"Frozen Egg 2":20,"Question Card":23,"HornCleat":7,"Shovel":38,"WristBlade":34,"Sundial":28,"Pandora\u0027s Box":17,"InkBottle":12,"Toy Ornithopter":26,"Ring of the Snake":0},{"TwistedFunnel":8,"Golden Idol":5,"Tingsha":14,"Bottled Tornado":5,"Frozen Egg 2":10,"Question Card":13,"HornCleat":5,"Shovel":19,"WristBlade":16,"Sundial":14,"Pandora\u0027s Box":9,"InkBottle":7,"Toy Ornithopter":13,"Ring of the Snake":0},{"TwistedFunnel":41,"Golden Idol":26,"Tingsha":72,"Bottled Tornado":26,"Frozen Egg 2":53,"Question Card":66,"HornCleat":26,"Shovel":107,"WristBlade":90,"Sundial":72,"Pandora\u0027s Box":49,"InkBottle":37,"Toy Ornithopter":66,"Ring of the Snake":0}],"InkBottle":[34],"Toy Ornithopter":15,"Ring of the Snake":[41]},"card_choices":[{"not_picked":["Wraith Form v2","Bullet Time"],"picked":"A Thousand Cuts","floor":0},{"not_picked":["Bane","Deflect"],"picked":"Dash","floor":1},{"not_picked":["Bane","Sucker Punch"],"picked":"Deflect","floor":3},{"not_picked":["Prepared","All Out Attack"],"picked":"Endless Agony","floor":4},{"not_picked":["Dodge and Roll","Distraction"],"picked":"Crippling Poison","floor":5},{"not_picked":["Flechettes","Concentrate"],"picked":"Blur","floor":7},{"not_picked":["Prepared","Finisher","Catalyst"],"picked":"SKIP","floor":11},{"not_picked":["Choke","Quick Slash"],"picked":"Poisoned Stab","floor":12},{"not_picked":["Expertise","PiercingWail"],"picked":"Escape Plan","floor":13},{"not_picked":["Glass Knife","Venomology"],"picked":"After Image","floor":16},{"not_picked":["All Out Attack","Deadly Poison","Sucker Punch"],"picked":"SKIP","floor":18},{"not_picked":["Dash","Flying Knee"],"picked":"Cloak And Dagger","floor":21},{"not_picked":["Expertise","All Out Attack"],"picked":"Dodge and Roll","floor":22},{"not_picked":["Poisoned Stab","Infinite Blades+1","Deadly Poison"],"picked":"SKIP","floor":23},{"not_picked":["Underhanded Strike","Skewer","Quick Slash+1"],"picked":"After Image+1","floor":27},{"not_picked":["Dagger Throw","Concentrate","Infinite Blades+1"],"picked":"Backflip","floor":29},{"not_picked":["Storm of Steel","Night Terror","Die Die Die"],"picked":"Burst","floor":33},{"not_picked":["Eviscerate+1","Distraction","Quick Slash+1"],"picked":"Prepared+1","floor":35},{"not_picked":["Bouncing Flask","Quick Slash","Backflip"],"picked":"Blade Dance","floor":36},{"not_picked":["Poisoned Stab","Eviscerate","Outmaneuver"],"picked":"Infinite Blades+1","floor":38}],"player_experience":5426026,"relics_obtained":[{"floor":7,"key":"HornCleat"},{"floor":9,"key":"Bottled Tornado"},{"floor":12,"key":"InkBottle"},{"floor":20,"key":"Frozen Egg 2"},{"floor":23,"key":"Question Card"},{"floor":26,"key":"Toy Ornithopter"},{"floor":27,"key":"Tingsha"},{"floor":28,"key":"Sundial"},{"floor":38,"key":"Shovel"}],"event_choices":[{"cards_removed":["Strike_G"],"damage_healed":0,"gold_gain":0,"player_choice":"Card Removal","damage_taken":7,"max_hp_gain":0,"max_hp_loss":0,"event_name":"Golden Wing","floor":2,"gold_loss":0},{"damage_healed":0,"gold_gain":0,"player_choice":"Lose Max HP","damage_taken":0,"relics_obtained":["Golden Idol"],"max_hp_gain":0,"max_hp_loss":6,"event_name":"Golden Idol","floor":10,"gold_loss":0},{"damage_healed":0,"gold_gain":0,"cards_transformed":["Poisoned Stab","Dagger Spray"],"player_choice":"Became Test Subject","damage_taken":0,"max_hp_gain":0,"max_hp_loss":0,"event_name":"Drug Dealer","floor":19,"gold_loss":0,"cards_obtained":["Cloak And Dagger","Flying Knee"]},{"damage_healed":0,"gold_gain":0,"player_choice":"Relic","damage_taken":0,"max_hp_gain":0,"max_hp_loss":0,"event_name":"Wheel of Change","floor":20,"gold_loss":0},{"damage_healed":0,"gold_gain":0,"player_choice":"Upgrade","damage_taken":0,"max_hp_gain":0,"max_hp_loss":0,"event_name":"Designer","floor":31,"gold_loss":50,"cards_upgraded":["Footwork"]},{"damage_healed":0,"gold_gain":0,"player_choice":"Max HP","damage_taken":0,"max_hp_gain":0,"max_hp_loss":3,"event_name":"Winding Halls","floor":37,"gold_loss":0},{"damage_healed":0,"gold_gain":0,"player_choice":"Fight","damage_taken":0,"max_hp_gain":0,"max_hp_loss":0,"event_name":"MindBloom","floor":38,"gold_loss":0}],"is_beta":false,"boss_relics":[{"not_picked":["Coffee Dripper","Runic Dome"],"picked":"Pandora\u0027s Box"},{"not_picked":["Empty Cage","SacredBark"],"picked":"WristBlade"}],"items_purged_floors":[],"is_endless":false,"potions_floor_spawned":[1,3,13,18,27,33,36,38],"killed_by":"Jaw Worm Horde","ascension_level":20}}