{"host":"dh4nu8nelr2izibb","time":1614221744,"event":{"mods":["BaseMod","Better Skull","Better Third Choice","Card Filter","Card Forge","Curses Come First","Displayed Cursed Tome","Extra Virgin Snecko Oil","HololiveMod","Marisa????????","Minty Spire (QoL Compilation)","Poor People Problems","Quick Restart","Relic Filter","Reliquary","StSLib","The Servant 0.9.4","WarShipGirlsR/????R mod","Yakumo Yukari mod"],"gold_per_floor":[117,117,117,117,130,130,157,171,194,194,194,194,206,220,220,317,317,334,346,66,66,77,77,96,96,119,135,155,173,189,216,216,296,296,311,311,0,17,28,53,73,73,100,100,135,135,165,184,184,184],"floor_reached":51,"language":"ENG","playtime":2216,"items_purged":["Strike_S"],"score":1428,"play_id":"ec82fd90-7f19-4254-8ee5-3d5cb97a9285","local_time":"20210224215544","is_ascension_mode":true,"campfire_choices":[{"data":"Gouge","floor":6.0,"key":"SMITH"},{"data":"Deadline","floor":10.0,"key":"SMITH"},{"data":"Snipe","floor":12.0,"key":"SMITH"},{"data":"SilverBlades","floor":15,"key":"SMITH"},{"data":"FloweringNight","floor":23,"key":"SMITH"},{"data":"Barrier","floor":25,"key":"SMITH"},{"floor":32,"key":"REST"},{"floor":42,"key":"REST"},{"floor":46,"key":"REST"},{"floor":49,"key":"REST"}],"circlet_count":0,"master_deck":["AscendersBane","Strike_S","Strike_S","Strike_S","Defend_S","Defend_S","Defend_S","KidneyShot+1","Exchange","Gouge+1","Snipe+1","Deadline+1","Misdirection","Barrier+1","SilverBlades+1","FloweringNight+1","TimeTheft","FanOfKnives","FlawlessForm+1","Moonlight","FastForward","DancingSilver","GearUp+1","Defy+1","Ricochet","SoulSculpture","TimeTheft","SilverBlades","MurderousAura","Luminosity"],"relics":["Uniform","Hammer of Thor","Seething Fire","Anvil of the Gods","NeowsBlessing","Pen Nib","Oddly Smooth Stone","Bag of Marbles","Hololive_Finger","reliquary:SilkGlove","Boot","Sozu","Lantern","Ancient Tea Set","reliquary:Aerogel","reliquary:SharkskinSheath","MealTicket"],"acts_visited":["Exordium","TheCity","TheBeyond"],"potions_floor_usage":[13,22,27,40],"damage_taken":[{"damage":0.0,"enemies":"Small Slimes","floor":1.0,"turns":1.0},{"damage":0.0,"enemies":"2 Louse","floor":5.0,"turns":1.0},{"damage":0.0,"enemies":"3 Sentries","floor":7.0,"turns":2.0},{"damage":0.0,"enemies":"Cultist","floor":8.0,"turns":3.0},{"damage":0,"enemies":"Lots of Slimes","floor":13,"turns":2},{"damage":0,"enemies":"2 Fungi Beasts","floor":14,"turns":2},{"damage":0,"enemies":"Slime Boss","floor":16,"turns":3},{"damage":8,"enemies":"2 Thieves","floor":18,"turns":4},{"damage":8,"enemies":"Shell Parasite","floor":19,"turns":3},{"damage":27,"enemies":"Shelled Parasite and Fungi","floor":22,"turns":5},{"damage":6,"enemies":"Snake Plant","floor":24,"turns":5},{"damage":4,"enemies":"Centurion and Healer","floor":27,"turns":4},{"damage":4,"enemies":"Snecko","floor":28,"turns":3},{"damage":0,"enemies":"Snake Plant","floor":29,"turns":2},{"damage":3,"enemies":"Chosen and Byrds","floor":30,"turns":5},{"damage":9,"enemies":"Book of Stabbing","floor":31,"turns":5},{"damage":7,"enemies":"Collector","floor":33,"turns":8},{"damage":16,"enemies":"Orb Walker","floor":35,"turns":2},{"damage":19,"enemies":"3 Shapes","floor":38,"turns":6},{"damage":0,"enemies":"Jaw Worm Horde","floor":39,"turns":4},{"damage":0,"enemies":"Reptomancer","floor":40,"turns":4},{"damage":5,"enemies":"3 Darklings","floor":41,"turns":5},{"damage":28,"enemies":"Giant Head","floor":45,"turns":8},{"damage":26,"enemies":"Nemesis","floor":47,"turns":7},{"damage":20,"enemies":"Transient","floor":48,"turns":5},{"damage":0,"enemies":"Time Eater","floor":50,"turns":7}],"seed_played":"-7997365128843519484","potions_obtained":[{"floor":1.0,"key":"Explosive Potion"},{"floor":7.0,"key":"SpeedPotion"},{"floor":16,"key":"Weak Potion"},{"floor":19,"key":"PowerPotion"},{"floor":22,"key":"FairyPotion"},{"floor":27,"key":"Fruit Juice"},{"floor":30,"key":"SpeedPotion"},{"floor":33,"key":"Energy Potion"}],"is_trial":false,"path_per_floor":["M","?","?","?","M","R","E","M","T","R","?","R","M","M","R","B",null,"M","M","$","?","M","R","M","R","T","M","M","M","M","E","R","B",null,"M","?","$","M","M","E","M","R","T","$","E","R","E","M","R","B",null],"character_chosen":"THE_SERVANT","items_purchased":["FlawlessForm","Moonlight","reliquary:SilkGlove","TimeTheft","Lantern"],"campfire_rested":4,"item_purchase_floors":[20,20,20,37,37],"current_hp_per_floor":[59,64,64,57,57,57,57,57,57,57,57,57,57,57,57,57,67,59,51,51,70,43,43,37,37,37,38,34,34,31,22,44,37,66,50,50,50,31,31,31,26,48,48,48,20,42,16,22,44,44],"gold":184,"neow_bonus":"THREE_ENEMY_KILL","is_daily":false,"chose_seed":false,"campfire_upgraded":6,"win_rate":0.0,"timestamp":1614221744,"path_taken":["M","?","?","?","M","R","E","M","T","R","?","R","M","M","R","BOSS","M","M","$","?","?","R","M","R","T","M","?","M","M","E","R","BOSS","M","?","$","M","M","E","M","R","T","$","E","R","E","M","R","BOSS"],"items_purchased_type":["Card","Card","Relic","Card","Relic"],"build_version":"2020-12-22","purchased_purges":1,"victory":true,"max_hp_per_floor":[65,70,70,70,70,70,70,70,70,70,70,70,70,70,70,70,70,70,70,70,70,70,70,70,70,70,75,75,75,75,75,75,75,75,75,75,75,75,75,75,75,75,75,75,75,75,75,75,75,75],"card_choices":[{"not_picked":["Ricochet","Deadline"],"picked":"Gouge","floor":1.0},{"not_picked":["BottledTime","RealityMarble"],"picked":"Snipe","floor":5.0},{"not_picked":["StarChef","Potential"],"picked":"Deadline","floor":7.0},{"not_picked":["FastForward","Desolation"],"picked":"Misdirection","floor":8.0},{"not_picked":["DancingSilver","Rewind"],"picked":"Barrier","floor":13},{"not_picked":["Spin","Replace"],"picked":"SilverBlades","floor":14},{"not_picked":["Solidify","SoulSculpture"],"picked":"FloweringNight","floor":16},{"not_picked":["FastForward","Ricochet"],"picked":"TimeTheft","floor":18},{"not_picked":["Replace+1","Hightail","FanOfKnives"],"picked":"SKIP","floor":19},{"not_picked":["Replace+1","Hightail"],"picked":"FanOfKnives","floor":19},{"not_picked":["ShatteredReality","Gouge"],"picked":"FastForward","floor":22},{"not_picked":["Initiator","FastForward"],"picked":"DancingSilver","floor":24},{"not_picked":["ShatteredReality+1","Unruled"],"picked":"GearUp","floor":27},{"not_picked":["Reset","Moondial"],"picked":"Defy","floor":28},{"not_picked":["TimeWarp","FastForward","Replace+1"],"picked":"SKIP","floor":29},{"not_picked":["GearUp","ShiftingGears"],"picked":"Ricochet","floor":30},{"not_picked":["Rewind","TrueSight","Starlight"],"picked":"SKIP","floor":31},{"not_picked":["TrueSight","FloweringNight"],"picked":"SoulSculpture","floor":33},{"not_picked":["Replace","Spin","Revamp"],"picked":"SKIP","floor":35},{"not_picked":["InstantArmor+1","Unruled"],"picked":"SilverBlades","floor":38},{"not_picked":["TimeTheft+1","TimeWarp","Starlight"],"picked":"SKIP","floor":39},{"not_picked":["Potential","Rewind"],"picked":"MurderousAura","floor":40},{"not_picked":["Collapse","Potential","Rewind"],"picked":"SKIP","floor":41},{"not_picked":["Moonlight+1","Unruled"],"picked":"Luminosity","floor":45},{"not_picked":["Unruled+1","Orbit+1","ShatteredReality"],"picked":"SKIP","floor":47},{"not_picked":["Alleviate","Defy","Ricochet+1"],"picked":"SKIP","floor":48}],"player_experience":1213670,"relics_obtained":[{"floor":7.0,"key":"Oddly Smooth Stone"},{"floor":9.0,"key":"Bag of Marbles"},{"floor":26,"key":"Boot"},{"floor":40,"key":"Ancient Tea Set"},{"floor":43,"key":"reliquary:Aerogel"},{"floor":45,"key":"reliquary:SharkskinSheath"},{"floor":47,"key":"MealTicket"}],"event_choices":[{"damage_healed":0.0,"max_hp_gain":5.0,"max_hp_loss":0.0,"gold_gain":0.0,"event_name":"Big Fish","player_choice":"Donut","floor":2.0,"gold_loss":0.0,"damage_taken":0.0},{"damage_healed":0.0,"max_hp_gain":0.0,"max_hp_loss":0.0,"gold_gain":0.0,"event_name":"betterThird:BetterSerpent","player_choice":"Ignored","floor":3.0,"gold_loss":0.0,"damage_taken":117.0},{"damage_healed":0.0,"max_hp_gain":0.0,"max_hp_loss":0.0,"gold_gain":0.0,"event_name":"betterThird:BetterScrap","player_choice":"Relic ","floor":4.0,"gold_loss":0.0,"damage_taken":7.0,"cards_obtained":["Offering"]},{"damage_healed":0.0,"max_hp_gain":0.0,"max_hp_loss":0.0,"gold_gain":0.0,"event_name":"The Cleric","player_choice":"Leave","floor":11.0,"gold_loss":0.0,"damage_taken":0.0},{"damage_healed":19,"gold_gain":0,"player_choice":"Full Heal","damage_taken":0,"max_hp_gain":0,"max_hp_loss":0,"event_name":"Wheel of Change","floor":21,"gold_loss":0},{"damage_healed":0,"gold_gain":0,"player_choice":"Ignored","damage_taken":0,"max_hp_gain":0,"max_hp_loss":0,"event_name":"Tomb of Lord Red Mask","floor":36,"gold_loss":0}],"is_beta":false,"boss_relics":[{"not_picked":["Runic Pyramid","MysterySword"],"picked":"Hololive_Finger"},{"not_picked":["reliquary:ThirdArm","reliquary:KinkedSpring"],"picked":"Sozu"}],"items_purged_floors":[37],"is_endless":false,"potions_floor_spawned":[1,7,16,19,22,27,30,33,35,38,39,47,48],"ascension_level":12}}