{"host":"oigynbtg272c19pw","time":1614262924,"event":{"mods":["BaseMod","Colored Map","Minty Spire (QoL Compilation)","Relic Stats","Slay the Relics Exporter","StSLib"],"gold_per_floor":[116,116,131,131,131,131,156,174,199,231,250,250,10,41,41,116,116,127,127,147,167,167,167],"floor_reached":22,"playtime":725,"items_purged":[],"score":508,"play_id":"b1f94692-2671-4a27-86a6-bcaffa2d397d","local_time":"20210225152204","is_ascension_mode":true,"campfire_choices":[{"data":"Power Through","floor":6.0,"key":"SMITH"},{"data":"Bash","floor":12.0,"key":"SMITH"},{"data":"Shockwave","floor":15.0,"key":"SMITH"}],"circlet_count":0,"master_deck":["AscendersBane","Strike_R","Strike_R","Strike_R","Strike_R","Strike_R","Defend_R+1","Defend_R+1","Defend_R","Defend_R","Bash+1","Pommel Strike","Power Through+1","Pommel Strike","Clash","Second Wind","Immolate","Shockwave+1","Feed","Burning Pact","Dark Embrace+1"],"relics":["Burning Blood","NeowsBlessing","Frozen Egg 2","Champion Belt","PreservedInsect","Dream Catcher","Membership Card","Gremlin Horn","Velvet Choker"],"acts_visited":["Exordium","TheCity"],"potions_floor_usage":[22],"damage_taken":[{"damage":0.0,"enemies":"Cultist","floor":1.0,"turns":1.0},{"damage":0.0,"enemies":"Jaw Worm","floor":3.0,"turns":1.0},{"damage":0.0,"enemies":"Gremlin Nob","floor":7.0,"turns":1.0},{"damage":0.0,"enemies":"2 Louse","floor":8.0,"turns":2.0},{"damage":24.0,"enemies":"3 Sentries","floor":10.0,"turns":11.0},{"damage":8.0,"enemies":"Red Slaver","floor":11.0,"turns":4.0},{"damage":0.0,"enemies":"Gremlin Nob","floor":14.0,"turns":2.0},{"damage":50,"enemies":"Slime Boss","floor":16,"turns":10},{"damage":23,"enemies":"Shell Parasite","floor":18,"turns":6},{"damage":19,"enemies":"3 Byrds","floor":20,"turns":4},{"damage":27,"enemies":"3 Cultists","floor":21,"turns":7},{"damage":18,"enemies":"Snake Plant","floor":22,"turns":2}],"seed_played":"-7694908723010035664","potions_obtained":[{"floor":3.0,"key":"Strength Potion"},{"floor":7.0,"key":"BlessingOfTheForge"},{"floor":14.0,"key":"Ancient Potion"},{"floor":19,"key":"CultistPotion"},{"floor":19,"key":"ElixirPotion"},{"floor":20,"key":"PowerPotion"}],"is_trial":false,"path_per_floor":["M","?","M","T","?","R","E","M","T","E","M","R","$","E","R","B",null,"M","?","M","M","M"],"character_chosen":"IRONCLAD","items_purchased":["Membership Card","Immolate"],"campfire_rested":0,"item_purchase_floors":[13,13],"current_hp_per_floor":[74,51,57,57,57,57,63,69,69,51,49,49,49,55,55,11,59,42,42,32,14,0,0],"gold":167,"neow_bonus":"THREE_ENEMY_KILL","is_daily":false,"chose_seed":false,"campfire_upgraded":3,"win_rate":0.0,"timestamp":1614262924,"path_taken":["M","?","M","?","?","R","E","M","T","E","?","R","?","E","R","BOSS","M","?","M","M","M"],"items_purchased_type":["Relic","Card"],"build_version":"2020-12-13","purchased_purges":0,"victory":false,"max_hp_per_floor":[75,75,75,75,75,75,75,75,75,75,75,75,75,75,75,75,75,75,75,78,81,81,81],"relic_stats":{"Dream Catcher":0,"Gremlin Horn":[7,7],"counters":[12,51],"PreservedInsect":58,"Champion Belt":[14],"obtain_stats":[{"Dream Catcher":10,"NeowsBlessing":0,"Gremlin Horn":14,"Velvet Choker":17,"PreservedInsect":7,"Champion Belt":5,"Membership Card":13,"Frozen Egg 2":4,"Burning Blood":0},{"Dream Catcher":5,"NeowsBlessing":0,"Gremlin Horn":7,"Velvet Choker":8,"PreservedInsect":3,"Champion Belt":2,"Membership Card":6,"Frozen Egg 2":2,"Burning Blood":0},{"Dream Catcher":16,"NeowsBlessing":0,"Gremlin Horn":22,"Velvet Choker":32,"PreservedInsect":3,"Champion Belt":2,"Membership Card":20,"Frozen Egg 2":2,"Burning Blood":0}],"Burning Blood":66},"card_choices":[{"not_picked":["True Grit","Sword Boomerang"],"picked":"Pommel Strike","floor":1.0},{"not_picked":["Shrug It Off","Warcry"],"picked":"Power Through","floor":3.0},{"not_picked":["Headbutt","Sever Soul"],"picked":"Pommel Strike","floor":7.0},{"not_picked":["Combust+1","Perfected Strike"],"picked":"Clash","floor":8.0},{"not_picked":["Warcry","True Grit"],"picked":"Second Wind","floor":10.0},{"not_picked":["Body Slam","Perfected Strike","Armaments"],"picked":"SKIP","floor":11.0},{"not_picked":["Searing Blow","Uppercut"],"picked":"Shockwave","floor":14.0},{"not_picked":["Fiend Fire","Juggernaut+1"],"picked":"Feed","floor":16},{"not_picked":["Armaments","Clash"],"picked":"Burning Pact","floor":18},{"not_picked":["Armaments","Wild Strike+1"],"picked":"Dark Embrace+1","floor":20},{"not_picked":["Perfected Strike+1","Flex","Pommel Strike"],"picked":"SKIP","floor":21}],"player_experience":1659326,"relics_obtained":[{"floor":4.0,"key":"Frozen Egg 2"},{"floor":7.0,"key":"PreservedInsect"},{"floor":10.0,"key":"Dream Catcher"},{"floor":14.0,"key":"Gremlin Horn"}],"event_choices":[{"damage_healed":0.0,"max_hp_gain":0.0,"max_hp_loss":0.0,"gold_gain":0.0,"event_name":"Shining Light","player_choice":"Entered Light","floor":2.0,"gold_loss":0.0,"damage_taken":23.0,"cards_upgraded":["Defend_R","Defend_R"]},{"damage_healed":0.0,"max_hp_gain":0.0,"max_hp_loss":0.0,"gold_gain":0.0,"event_name":"WeMeetAgain","player_choice":"Gave Potion","floor":5.0,"gold_loss":0.0,"damage_taken":0.0,"relics_obtained":["Champion Belt"]},{"damage_healed":0,"gold_gain":0,"player_choice":"Got Potions","damage_taken":0,"max_hp_gain":0,"max_hp_loss":0,"event_name":"Lab","floor":19,"gold_loss":0}],"is_beta":false,"boss_relics":[{"not_picked":["Tiny House","Black Blood"],"picked":"Velvet Choker"}],"items_purged_floors":[],"is_endless":false,"potions_floor_spawned":[3,7,14,20],"killed_by":"Snake Plant","ascension_level":20}}