{"host":"y27lpgkuecypkeb8","time":1614260567,"event":{"mods":["AchievementEnabler","Act Like it!","Aspiration","BaseMod","Better Sensory Stone","Better Skull","Colored Map","Colored Powertips","Conspire","DeckTracker","Dota2Spire","Energized Spire","GifTheSpireLib","GungeonMod","Highlight Path","Infinite Spire","Minty Spire (QoL Compilation)","Permanent Neow","Rare Cards Sparkle","Relic Sorter","Replay The Spire","Spicy Shops","StSLib","Stuff the Spire","The Cursed","The Disciple","The Poker Player"],"gold_per_floor":[118,133,133,148,148,148,158,158,181,216,216,236,93,93,93,113,113,113,113],"floor_reached":18,"language":"ENG","playtime":1130,"items_purged":[],"score":112,"play_id":"c80f6f13-32ca-4d75-b56f-7fedfe176314","local_time":"20210225214247","is_ascension_mode":false,"campfire_choices":[{"data":"StuffTheSpire:Python","floor":6,"key":"SMITH"},{"data":"Neutralize","floor":8,"key":"SMITH"},{"data":"Fluid Movement","floor":17,"key":"SMITH"}],"circlet_count":0,"master_deck":["Strike_G","Strike_G","Strike_G+1","Strike_G","Defend_G","Defend_G","Defend_G","Defend_G","Defend_G","Neutralize+1","Quick Slash","Fluid Movement+1","StuffTheSpire:Python+1","Blade Dance","m_Survivalism","Flying Knee+1","Prepared"],"relics":["Ring of the Snake","aspiration:Nostalgia","DemoMod:Dog","Dota2Spire:DrumOfEndurance","Onion Ring","Whetstone"],"acts_visited":["Exordium"],"potions_floor_usage":[18],"damage_taken":[{"damage":0,"enemies":"Small Slimes","floor":1,"turns":6},{"damage":0,"enemies":"conspire:RoseBush","floor":2,"turns":4},{"damage":0,"enemies":"2 Louse","floor":4,"turns":3},{"damage":0,"enemies":"2 Fungi Beasts","floor":7,"turns":5},{"damage":23,"enemies":"Lagavulin","floor":10,"turns":7},{"damage":3,"enemies":"Exordium Wildlife","floor":12,"turns":4},{"damage":0,"enemies":"Large Slime","floor":16,"turns":6},{"damage":45,"enemies":"Slime Boss","floor":18,"turns":9}],"seed_played":"-3625065493840186300","potions_obtained":[{"floor":1,"key":"Dexterity Potion"},{"floor":7,"key":"FearPotion"}],"is_trial":false,"path_per_floor":["M","M","?","M","?","R","M","R","T","E","?","M","$","PTL","PTL","M","R","B"],"character_chosen":"THE_SILENT","items_purchased":["Whetstone"],"campfire_rested":0,"item_purchase_floors":[13],"current_hp_per_floor":[70,70,70,70,70,70,70,70,70,47,47,44,44,44,44,44,44,0,0],"gold":113,"neow_bonus":"NOSTALGIA","is_daily":false,"chose_seed":false,"campfire_upgraded":3,"win_rate":0.0,"timestamp":1614260567,"path_taken":["M","M","?","?","?","R","M","R","T","E","?","M","?","PTL","PTL","M","R","BOSS"],"items_purchased_type":["Relic"],"build_version":"2020-12-22","purchased_purges":0,"victory":false,"max_hp_per_floor":[70,70,70,70,70,70,70,70,70,70,70,70,70,70,70,70,70,70,70],"card_choices":[{"not_picked":["StuffTheSpire:ClusterCrunch","Underhanded Strike"],"picked":"Quick Slash","floor":1},{"not_picked":["Leg Sweep","StuffTheSpire:Incursion","Deadly Poison"],"picked":"SKIP","floor":1},{"not_picked":["Finisher","Acrobatics"],"picked":"Fluid Movement","floor":2},{"not_picked":["Slice","Deadly Poison"],"picked":"StuffTheSpire:Python","floor":4},{"not_picked":["Poisoned Stab","Acrobatics","Backflip"],"picked":"SKIP","floor":7},{"not_picked":["StuffTheSpire:Repulse","Sucker Punch"],"picked":"Blade Dance","floor":10},{"not_picked":["Unload","Deadly Poison"],"picked":"Flying Knee","floor":12},{"not_picked":["Masterful Stab","Accuracy"],"picked":"Prepared","floor":16}],"player_experience":41999,"relics_obtained":[{"floor":9,"key":"Dota2Spire:DrumOfEndurance"},{"floor":10,"key":"Onion Ring"}],"event_choices":[{"cards_removed":["Strike_G"],"damage_healed":0,"gold_gain":0,"player_choice":"Purged","damage_taken":0,"max_hp_gain":0,"max_hp_loss":0,"event_name":"Purifier","floor":3,"gold_loss":0},{"damage_healed":0,"gold_gain":0,"player_choice":"Leave","damage_taken":0,"max_hp_gain":0,"max_hp_loss":0,"event_name":"The Cleric","floor":5,"gold_loss":0}],"is_beta":false,"boss_relics":[],"items_purged_floors":[],"is_endless":false,"potions_floor_spawned":[1,7],"killed_by":"Slime Boss","ascension_level":0}}