{"host":"8pvw2tcf9wctlvur","time":1614214764,"event":{"mods":["BaseMod","Better Third Choice","Colored Powertips","Curses Come First","Minty Spire (QoL Compilation)","Rare Cards Sparkle","Relic Stats","StSLib","SuperFastMode"],"gold_per_floor":[119,138,150,165,88,88,121,121,198,214,224,239,239,239],"floor_reached":13,"language":"ENG","playtime":509,"items_purged":[],"score":98,"play_id":"d3437f65-51ac-4541-911b-f9ebff32d06b","local_time":"20210224175924","is_ascension_mode":true,"campfire_choices":[{"data":"Defragment","floor":6,"key":"SMITH"},{"floor":8,"key":"REST"}],"circlet_count":0,"master_deck":["Strike_B","Strike_B","Strike_B","Strike_B","Defend_B","Defend_B","Defend_B","Defend_B","Zap","Dualcast","Hologram","Redo","Hologram","Static Discharge","Defragment+1","Melter","Defragment","Steam Power","Buffer"],"relics":["Cracked Core","NeowsBlessing","Ginger"],"acts_visited":["Exordium"],"potions_floor_usage":[7,12,13],"damage_taken":[{"damage":0,"enemies":"Cultist","floor":1,"turns":1},{"damage":0,"enemies":"Jaw Worm","floor":2,"turns":1},{"damage":0,"enemies":"2 Louse","floor":3,"turns":1},{"damage":9,"enemies":"2 Fungi Beasts","floor":4,"turns":3},{"damage":20,"enemies":"Gremlin Nob","floor":7,"turns":4},{"damage":40,"enemies":"Gremlin Gang","floor":10,"turns":4},{"damage":0,"enemies":"Large Slime","floor":11,"turns":5},{"damage":12,"enemies":"Exordium Wildlife","floor":12,"turns":5},{"damage":30,"enemies":"Lagavulin","floor":13,"turns":5}],"seed_played":"5963376489943605449","potions_obtained":[{"floor":1,"key":"SteroidPotion"},{"floor":2,"key":"CultistPotion"},{"floor":10,"key":"PotionOfCapacity"},{"floor":11,"key":"Weak Potion"}],"is_trial":false,"path_per_floor":["M","M","M","M","$","R","E","R","T","M","M","M","E"],"character_chosen":"DEFECT","items_purchased":["Defragment"],"campfire_rested":1,"item_purchase_floors":[5],"current_hp_per_floor":[75,75,75,66,66,66,46,68,68,28,28,16,0,0],"gold":239,"neow_bonus":"THREE_ENEMY_KILL","is_daily":false,"chose_seed":false,"campfire_upgraded":1,"win_rate":0.0,"timestamp":1614214764,"path_taken":["M","M","M","M","?","R","E","R","T","M","?","M","E"],"items_purchased_type":["Card"],"build_version":"2020-12-22","purchased_purges":0,"victory":false,"max_hp_per_floor":[75,75,75,75,75,75,75,75,75,75,75,75,75,75],"relic_stats":{"counters":[9,29],"Ginger":[1],"obtain_stats":[{"NeowsBlessing":0,"Ginger":7,"Cracked Core":0},{"NeowsBlessing":0,"Ginger":5,"Cracked Core":0},{"NeowsBlessing":0,"Ginger":10,"Cracked Core":0}]},"card_choices":[{"not_picked":["Force Field","Skim"],"picked":"Hologram","floor":1},{"not_picked":["Rebound","Sweeping Beam"],"picked":"Redo","floor":2},{"not_picked":["Redo","Lockon"],"picked":"Hologram","floor":3},{"not_picked":["Beam Cell","Steam"],"picked":"Static Discharge","floor":4},{"not_picked":["FTL","Recycle"],"picked":"Melter","floor":7},{"not_picked":["Ball Lightning","Barrage"],"picked":"Defragment","floor":10},{"not_picked":["Cold Snap","Double Energy"],"picked":"Steam Power","floor":11},{"not_picked":["Streamline","Ball Lightning"],"picked":"Buffer","floor":12}],"player_experience":301925,"relics_obtained":[{"floor":7,"key":"Ginger"}],"event_choices":[],"is_beta":false,"boss_relics":[],"items_purged_floors":[],"is_endless":false,"potions_floor_spawned":[1,2,10,11],"killed_by":"Lagavulin","ascension_level":2}}