{"host":"i9wanet4r0ff4t9y","time":1614254945,"event":{"mods":["2.2 Compatiblity","Act Like it!","BaseMod","Bestiary","Better Altar","Better Match","Better Note","Better Sensory Stone","Better Skull","Better Third Choice","Better Vampires","BetterRewards","CapriCore","Colored Map","Conspire","Curses Come First","Downfall","Energized Spire","Hubris","Minty Spire (QoL Compilation)","Quick Restart","READ ME - Guardian Mod","READ ME - Snecko Mod","Relic Stats","Reliquary","Ruina","Say the Spire","Spicy Shops","StSLib","The Gatherer","Transform Curses","Waifu the Spire"],"gold_per_floor":[99,115,40,40,36,55,127,127,139,139,152,327,327,477,489,591,591,591,612,612,612,612,644,644,654,41,51,1,14,14,14,14],"floor_reached":30,"language":"POL","playtime":1511,"items_purged":[],"score":218,"play_id":"ba50f3e2-411f-4044-8a15-1ea1743992c1","local_time":"20210225130905","is_ascension_mode":false,"campfire_choices":[{"data":"bronze:Replicate","floor":1.0,"key":"SMITH"},{"floor":10.0,"key":"REST"},{"floor":13.0,"key":"REST"},{"data":"expansioncontent:QuickStudy","floor":18,"key":"SMITH"}],"circlet_count":0,"master_deck":["bronze:Strike+1","bronze:Strike+1","bronze:Strike","bronze:Strike","bronze:Defend","bronze:Defend","bronze:Defend","bronze:Defend","bronze:Replicate+1","bronze:Goto","bronze:OilSpill","bronze:Break+1","bronze:SpaghettiCode+1","bronze:AlphaBuild+1","bronze:Invalidate","bronze:DelayedGuard","expansioncontent:QuickStudy+1","bronze:Deprecate","bronze:Mutator","bronze:BuggyMess","Doubt","downfall:Icky","bronze:Deprecate","bronze:SpaghettiCode","bronze:Backtrace","Noxious Fumes","bronze:BronzeOrb","bronze:Repair","bronze:Frontload","bronze:DelayedSlice","bronze:Frontload","conspire:SpireCoStock","bronze:FollowUp"],"relics":["bronze:BronzeCore","hubris:Icosahedron","Shuriken","conspire:SlowCooker","downfall:RedIOU","hubris:Towel","Whetstone","Letter Opener","Pantograph","hubris:Zylophone"],"acts_visited":["Exordium","TheCity"],"potions_floor_usage":[16,25,27,30],"damage_taken":[{"damage":4.0,"enemies":"Jaw Worm","floor":2.0,"turns":4.0},{"damage":7.0,"enemies":"downfall:FleeingMerchant","floor":5.0,"turns":4.0},{"damage":0.0,"enemies":"Cultist","floor":6.0,"turns":2.0},{"damage":7.0,"enemies":"2 Louse","floor":9.0,"turns":3.0},{"damage":23.0,"enemies":"Exordium Wildlife","floor":11.0,"turns":5.0},{"damage":0.0,"enemies":"downfall:LooterAlt","floor":15.0,"turns":2.0},{"damage":29,"enemies":"IC_STATUS_ARCHETYPE","floor":16,"turns":9},{"damage":42,"enemies":"Spheric Guardian","floor":19,"turns":5},{"damage":24,"enemies":"conspire:MimicChest","floor":23,"turns":5},{"damage":6,"enemies":"Chosen","floor":25,"turns":4},{"damage":0,"enemies":"downfall:FleeingMerchant","floor":26,"turns":4},{"damage":38,"enemies":"Snake Plant","floor":27,"turns":6},{"damage":30,"enemies":"3 Cultists","floor":29,"turns":5},{"damage":11,"enemies":"Snecko","floor":30,"turns":2}],"seed_played":"-9117599059015370997","potions_obtained":[{"floor":6.0,"key":"hexamod:SoulburnPotion"},{"floor":15.0,"key":"Swift Potion"},{"floor":25,"key":"Regen Potion"},{"floor":29,"key":"DistilledChaos"}],"is_trial":false,"path_per_floor":["R","M","?","?","$","M","T","?","M","R","M","?","R","?","M","B",null,"R","M","?","?","?","?","T","M","$","M","?","M","M"],"character_chosen":"THE_AUTOMATON","items_purchased":["bronze:DelayedGuard","expansioncontent:QuickStudy","Pantograph","hubris:Zylophone","bronze:DelayedSlice"],"campfire_rested":2,"item_purchase_floors":[5,5,26,26,26],"current_hp_per_floor":[77,73,73,73,66,66,66,41,34,57,34,34,57,57,57,28,77,77,35,35,35,35,11,11,5,12,31,31,1,0,0,0],"gold":14,"neow_bonus":"TEN_PERCENT_HP_BONUS","is_daily":false,"chose_seed":false,"campfire_upgraded":2,"win_rate":0.0,"timestamp":1614254945,"path_taken":["R","M","?","?","?","?","T","?","M","R","M","?","R","?","M","BOSS","R","M","?","?","?","?","T","?","?","M","?","M","M"],"items_purchased_type":["Card","Card","Relic","Relic","Card"],"build_version":"2020-12-22","purchased_purges":0,"victory":false,"max_hp_per_floor":[77,77,77,77,77,77,77,77,77,77,77,77,77,77,77,77,77,77,77,77,77,77,77,77,77,77,77,77,77,77,77,77],"relic_stats":{"counters":[14,60],"Shuriken":[14],"Pantograph":0,"Whetstone":["bronze:Strike","bronze:Strike"],"Letter Opener":[23],"obtain_stats":[{"Potion Belt":8,"hubris:Zylophone":26,"bronze:BronzeCore":0,"hubris:Icosahedron":4,"Shuriken":7,"Pantograph":26,"conspire:SlowCooker":17,"downfall:RedIOU":21,"Whetstone":23,"Letter Opener":24,"hubris:Towel":22},{"Potion Belt":3,"hubris:Zylophone":11,"bronze:BronzeCore":0,"hubris:Icosahedron":1,"Shuriken":3,"Pantograph":11,"conspire:SlowCooker":7,"downfall:RedIOU":8,"Whetstone":9,"Letter Opener":9,"hubris:Towel":8},{"Potion Belt":10,"hubris:Zylophone":47,"bronze:BronzeCore":0,"hubris:Icosahedron":4,"Shuriken":10,"Pantograph":47,"conspire:SlowCooker":29,"downfall:RedIOU":34,"Whetstone":39,"Letter Opener":39,"hubris:Towel":34}]},"card_choices":[{"not_picked":["bronze:DelayedGuard","bronze:BugBarrage"],"picked":"bronze:OilSpill","floor":2.0},{"not_picked":["bronze:HardenedForm+1","bronze:Virus+1"],"picked":"bronze:Break+1","floor":3.0},{"not_picked":["bronze:ThunderWave+1","bronze:Assembly+1"],"picked":"bronze:SpaghettiCode+1","floor":3.0},{"not_picked":["bronze:Verify+1","bronze:Mutator+1"],"picked":"bronze:AlphaBuild+1","floor":3.0},{"not_picked":["bronze:BugBarrage","bronze:FineTuning"],"picked":"bronze:Invalidate","floor":5.0},{"not_picked":["bronze:GetLatest","bronze:Branch"],"picked":"bronze:Deprecate","floor":6.0},{"not_picked":["bronze:Overheat","bronze:ChildClass"],"picked":"bronze:Mutator","floor":9.0},{"not_picked":["bronze:CutThrough","bronze:BugBarrage"],"picked":"bronze:BuggyMess","floor":11.0},{"not_picked":["bronze:FineTuning","bronze:Invalidate"],"picked":"bronze:Deprecate","floor":15.0},{"not_picked":["bronze:Format","bronze:RecursiveStrike"],"picked":"bronze:SpaghettiCode","floor":16},{"not_picked":["bronze:DelayedSlice","bronze:BugBarrage+1"],"picked":"bronze:Backtrace","floor":19},{"not_picked":["bronze:BugBarrage","bronze:Shield+1"],"picked":"bronze:BronzeOrb","floor":23},{"not_picked":["bronze:Backtrace+1","bronze:Frontload"],"picked":"bronze:Repair","floor":25},{"not_picked":["bronze:DelayedSlice","bronze:WildBeam"],"picked":"bronze:Frontload","floor":26},{"not_picked":["bronze:Allocate","bronze:Safeguard"],"picked":"bronze:Frontload","floor":27},{"not_picked":["bronze:BronzeOrb","bronze:Overheat"],"picked":"bronze:FollowUp","floor":29}],"player_experience":488970,"relics_obtained":[{"floor":7.0,"key":"Shuriken"},{"floor":23,"key":"Whetstone"},{"floor":24,"key":"Letter Opener"}],"event_choices":[{"damage_healed":0.0,"max_hp_gain":0.0,"max_hp_loss":0.0,"gold_gain":0.0,"event_name":"betterMatch:BetterMatch","player_choice":"3","floor":3.0,"gold_loss":0.0,"damage_taken":0.0,"cards_obtained":["betterMatch:RareCard"]},{"damage_healed":0.0,"max_hp_gain":0.0,"max_hp_loss":0.0,"gold_gain":0.0,"event_name":"betterThird:BetterScrap","player_choice":"Relic ","floor":8.0,"gold_loss":0.0,"damage_taken":25.0,"cards_obtained":["Brilliance"]},{"cards_removed":["expansioncontent:QuickStudy"],"damage_healed":0,"gold_gain":0,"player_choice":"Take \u0026 Give","damage_taken":0,"max_hp_gain":0,"max_hp_loss":0,"event_name":"betterNote:BetterNote","floor":20,"gold_loss":0,"cards_obtained":["Noxious Fumes"]},{"damage_healed":0,"gold_gain":0,"player_choice":"Invest 1","damage_taken":0,"max_hp_gain":0,"max_hp_loss":0,"event_name":"conspire:Investor","floor":28,"gold_loss":0}],"is_beta":false,"boss_relics":[{"not_picked":["conspire:SeveredTorchhead","hubris:ScarierMask"],"picked":"conspire:SlowCooker"}],"items_purged_floors":[],"is_endless":false,"potions_floor_spawned":[6,15,25,29],"killed_by":"Snecko","ascension_level":0}}