{"host":"djrarsjwv6revew5","time":1614281024,"event":{"mods":["2.2 Compatiblity","AchievementEnabler","BaseMod","Colored Map","Colored Powertips","DeckTracker","Highlight Path","Minty Spire (QoL Compilation)","Quick Restart","Random Character Button","Rare Cards Sparkle","Relic Stats","StSLib","SuperFastMode"],"gold_per_floor":[119,132,142,142,158,158,188,188,213,213,226,226,238,251,251,351,401,419,55,65,0,0,0,0,0],"floor_reached":24,"language":"POL","playtime":996,"items_purged":[],"score":198,"play_id":"c99142d7-fd7e-400f-aec0-b8ff87a04b37","local_time":"20210225202344","is_ascension_mode":false,"campfire_choices":[{"data":"Deadly Poison","floor":6,"key":"SMITH"},{"floor":10,"key":"REST"},{"floor":15,"key":"REST"},{"floor":23,"key":"REST"}],"circlet_count":0,"master_deck":["Strike_G","Strike_G","Strike_G","Strike_G","Strike_G","Defend_G","Defend_G","Defend_G","Defend_G","Defend_G","Survivor","Neutralize","Cloak And Dagger","Backflip","Deflect","Riddle With Holes","Deadly Poison+1","Bane+1","Noxious Fumes+1","Catalyst","Terror","Adrenaline","Escape Plan","Backstab","Blade Dance","Acrobatics","Poisoned Stab","Necronomicurse"],"relics":["Ring of the Snake","Anchor","Bag of Preparation","Ornamental Fan","Tiny House","Regal Pillow","Toolbox","Necronomicon"],"acts_visited":["Exordium","TheCity"],"potions_floor_usage":[16,24,24,24],"damage_taken":[{"damage":1,"enemies":"2 Louse","floor":1,"turns":3},{"damage":0,"enemies":"Small Slimes","floor":2,"turns":4},{"damage":1,"enemies":"Cultist","floor":3,"turns":4},{"damage":9,"enemies":"Exordium Thugs","floor":5,"turns":6},{"damage":51,"enemies":"Gremlin Nob","floor":7,"turns":5},{"damage":8,"enemies":"Lots of Slimes","floor":11,"turns":4},{"damage":0,"enemies":"2 Fungi Beasts","floor":13,"turns":4},{"damage":0,"enemies":"Looter","floor":14,"turns":3},{"damage":25,"enemies":"Hexaghost","floor":16,"turns":8},{"damage":32,"enemies":"Spheric Guardian","floor":18,"turns":7},{"damage":13,"enemies":"Shell Parasite","floor":20,"turns":3},{"damage":51,"enemies":"Cultist and Chosen","floor":24,"turns":5}],"seed_played":"-8986617415830296876","potions_obtained":[{"floor":2,"key":"SteroidPotion"},{"floor":3,"key":"Explosive Potion"},{"floor":5,"key":"SkillPotion"},{"floor":16,"key":"ColorlessPotion"}],"is_trial":false,"path_per_floor":["M","M","M","?","M","R","E","?","T","R","M","T","M","M","R","B",null,"M","$","M","?","?","R","M"],"character_chosen":"THE_SILENT","items_purchased":["Regal Pillow","Toolbox","Blade Dance","Acrobatics"],"campfire_rested":3,"item_purchase_floors":[19,19,19,19],"current_hp_per_floor":[69,69,68,68,59,59,8,8,8,29,21,21,21,21,42,17,75,43,43,30,30,14,51,0,0],"gold":0,"neow_bonus":"THREE_CARDS","is_daily":false,"chose_seed":false,"campfire_upgraded":1,"win_rate":0.0,"timestamp":1614281024,"path_taken":["M","M","M","?","M","R","E","?","T","R","?","?","M","M","R","BOSS","M","$","?","?","?","R","M"],"items_purchased_type":["Relic","Relic","Card","Card"],"build_version":"2020-12-22","purchased_purges":0,"victory":false,"max_hp_per_floor":[70,70,70,70,70,70,70,70,70,70,70,70,70,70,70,70,75,75,75,75,75,75,75,75,75],"relic_stats":{"Regal Pillow":15,"counters":[12,56],"Ornamental Fan":[24],"Bag of Preparation":[14],"Necronomicon":[0],"obtain_stats":[{"Anchor":7,"Regal Pillow":19,"Tiny House":17,"Ornamental Fan":12,"Toolbox":19,"Bag of Preparation":9,"Necronomicon":22,"Ring of the Snake":0},{"Anchor":5,"Regal Pillow":10,"Tiny House":9,"Ornamental Fan":6,"Toolbox":10,"Bag of Preparation":5,"Necronomicon":11,"Ring of the Snake":0},{"Anchor":22,"Regal Pillow":48,"Tiny House":41,"Ornamental Fan":26,"Toolbox":48,"Bag of Preparation":22,"Necronomicon":51,"Ring of the Snake":0}],"Ring of the Snake":[24]},"card_choices":[{"not_picked":["Outmaneuver","Deflect"],"picked":"Cloak And Dagger","floor":0},{"not_picked":["Blade Dance","Outmaneuver"],"picked":"Backflip","floor":1},{"not_picked":["Reflex","Cloak And Dagger"],"picked":"Deflect","floor":2},{"not_picked":["Slice","Skewer"],"picked":"Riddle With Holes","floor":3},{"not_picked":["Dodge and Roll","Reflex"],"picked":"Deadly Poison","floor":5},{"not_picked":["A Thousand Cuts","Quick Slash"],"picked":"Bane","floor":7},{"not_picked":["Tactician","Well Laid Plans"],"picked":"Noxious Fumes","floor":11},{"not_picked":["Acrobatics","Underhanded Strike"],"picked":"Catalyst","floor":13},{"not_picked":["Slice","Blade Dance"],"picked":"Terror","floor":14},{"not_picked":["Storm of Steel","After Image"],"picked":"Adrenaline","floor":16},{"not_picked":["Bane","Backflip"],"picked":"Escape Plan","floor":17},{"not_picked":["Poisoned Stab+1","PiercingWail+1"],"picked":"Backstab","floor":18},{"not_picked":["Dagger Spray","Escape Plan"],"picked":"Poisoned Stab","floor":20}],"player_experience":96317,"relics_obtained":[{"floor":7,"key":"Anchor"},{"floor":9,"key":"Bag of Preparation"},{"floor":12,"key":"Ornamental Fan"},{"floor":22,"key":"Necronomicon"}],"event_choices":[{"damage_healed":0,"gold_gain":0,"player_choice":"Ignored","damage_taken":0,"max_hp_gain":0,"max_hp_loss":0,"event_name":"Shining Light","floor":4,"gold_loss":0},{"damage_healed":0,"gold_gain":0,"player_choice":"Forge","damage_taken":0,"max_hp_gain":0,"max_hp_loss":0,"event_name":"Accursed Blacksmith","floor":8,"gold_loss":0,"cards_upgraded":["Bane"]},{"damage_healed":0,"gold_gain":0,"player_choice":"Paid Fearfully","damage_taken":0,"max_hp_gain":0,"max_hp_loss":0,"event_name":"Masked Bandits","floor":21,"gold_loss":65},{"damage_healed":0,"gold_gain":0,"player_choice":"Obtained Book","damage_taken":16,"max_hp_gain":0,"max_hp_loss":0,"event_name":"Cursed Tome","floor":22,"gold_loss":0}],"is_beta":false,"boss_relics":[{"not_picked":["Runic Dome","Black Star"],"picked":"Tiny House"}],"items_purged_floors":[],"is_endless":false,"potions_floor_spawned":[2,3,5,16],"killed_by":"Cultist and Chosen","ascension_level":0}}