{"host":"2lpgcsidu5xufd3q","time":1614231934,"event":{"mods":["BaseMod","Colored Map","Hubris","Minty Spire (QoL Compilation)","Quick Restart","Replay The Spire","StSLib"],"gold_per_floor":[113,288,91,104,120,120,153,168,168,182,182,2,31,49,49,145,145,129,129,141,141,141,141,141],"floor_reached":23,"language":"ENG","playtime":1366,"items_purged":[],"score":290,"play_id":"8cd7e3fb-e43a-46c6-a896-00e422fccdc9","local_time":"20210225004534","is_ascension_mode":true,"campfire_choices":[{"data":"Apotheosis","floor":6,"key":"SMITH"},{"data":"Replay:DivineShield","floor":11,"key":"SMITH"},{"floor":15,"key":"RECALL"}],"circlet_count":0,"master_deck":["Strike_P","Strike_P","Strike_P","Strike_P","Defend_P","Defend_P","Defend_P","Defend_P","Eruption","Vigilance","Collect","Doubt","Apotheosis+1","Tantrum","TalkToTheHand","EmptyFist","Adaptation","Replay:DivineShield+1","WindmillStrike+1","MentalFortress","FollowUp","Devotion","SandsOfTime+1","ClearTheMind","Replay:AtTheReady","Decay"],"relics":["PureWater","ReplayFunnel","Pantograph","Torii","Membership Card","Replay:Baseball","Black Star","MutagenicStrength"],"acts_visited":["Exordium","TheCity"],"potions_floor_usage":[7,16,23,23],"damage_taken":[{"damage":1,"enemies":"Jaw Worm","floor":1,"turns":3},{"damage":0,"enemies":"2 Louse","floor":4,"turns":4},{"damage":0,"enemies":"Small Slimes","floor":5,"turns":1},{"damage":5,"enemies":"Lagavulin","floor":7,"turns":4},{"damage":8,"enemies":"Blue Slaver","floor":8,"turns":3},{"damage":1,"enemies":"Exordium Wildlife","floor":10,"turns":4},{"damage":0,"enemies":"Gremlin Nob","floor":13,"turns":3},{"damage":0,"enemies":"2 Fungi Beasts","floor":14,"turns":4},{"damage":0,"enemies":"The Guardian","floor":16,"turns":11},{"damage":36,"enemies":"2 Thieves","floor":18,"turns":4},{"damage":11,"enemies":"3 Byrds","floor":20,"turns":5},{"damage":29,"enemies":"Book of Stabbing","floor":23,"turns":6}],"seed_played":"6744429974586459994","potions_obtained":[{"floor":1,"key":"Milkshake"},{"floor":5,"key":"SkillPotion"},{"floor":13,"key":"SpeedPotion"},{"floor":16,"key":"Dexterity Potion"},{"floor":20,"key":"Death Potion"}],"is_trial":false,"path_per_floor":["M","?","$","M","M","R","E","M","T","M","R","$","E","M","R","B",null,"M","?","M","?","?","E"],"character_chosen":"WATCHER","items_purchased":["Apotheosis","Membership Card","WindmillStrike+1"],"campfire_rested":0,"item_purchase_floors":[3,12,12],"current_hp_per_floor":[71,71,71,71,71,71,66,58,58,57,57,57,57,57,57,72,72,36,36,25,25,25,0,0],"gold":141,"neow_bonus":"RANDOM_COMMON_RELIC","is_daily":false,"chose_seed":false,"campfire_upgraded":2,"win_rate":0.0,"timestamp":1614231934,"path_taken":["M","?","$","M","M","R","E","M","T","M","R","$","E","M","R","BOSS","M","?","M","?","?","E"],"items_purchased_type":["Card","Relic","Card"],"build_version":"2020-12-22","purchased_purges":0,"victory":false,"max_hp_per_floor":[72,72,72,72,72,72,72,72,72,72,72,72,72,72,72,72,72,72,72,72,72,72,72,72],"card_choices":[{"not_picked":["Replay:BluntJabs","BowlingBash"],"picked":"Collect","floor":1},{"not_picked":["Protect","Pray"],"picked":"Tantrum","floor":4},{"not_picked":["EmptyFist","Replay:BluntJabs"],"picked":"TalkToTheHand","floor":5},{"not_picked":["BattleHymn","EmptyBody"],"picked":"EmptyFist","floor":7},{"not_picked":["FlyingSleeves","Collect"],"picked":"Adaptation","floor":8},{"not_picked":["Replay:Anticipation","CrushJoints"],"picked":"Replay:DivineShield","floor":10},{"not_picked":["Conclude","Replay:BluntJabs"],"picked":"MentalFortress","floor":13},{"not_picked":["Replay:Vibes","Replay:AtTheReady"],"picked":"FollowUp","floor":14},{"not_picked":["Judgement","MasterReality"],"picked":"Devotion","floor":16},{"not_picked":["Replay:BluntJabs","JustLucky"],"picked":"SandsOfTime+1","floor":18},{"not_picked":["WreathOfFlame+1","Weave"],"picked":"ClearTheMind","floor":20}],"player_experience":928817,"relics_obtained":[{"floor":7,"key":"Pantograph"},{"floor":9,"key":"Torii"},{"floor":13,"key":"Replay:Baseball"}],"event_choices":[{"damage_healed":0,"gold_gain":175,"player_choice":"AGREE","damage_taken":0,"max_hp_gain":0,"max_hp_loss":0,"event_name":"Liars Game","floor":2,"gold_loss":0,"cards_obtained":["Doubt"]},{"damage_healed":0,"gold_gain":0,"player_choice":"Inject Mutagens","damage_taken":0,"relics_obtained":["MutagenicStrength"],"max_hp_gain":0,"max_hp_loss":0,"event_name":"Drug Dealer","floor":19,"gold_loss":0},{"damage_healed":0,"gold_gain":0,"player_choice":"Smashed Altar","damage_taken":0,"max_hp_gain":0,"max_hp_loss":0,"event_name":"Forgotten Altar","floor":22,"gold_loss":0,"cards_obtained":["Decay"]}],"is_beta":false,"boss_relics":[{"not_picked":["hubris:GrandSneckoEye","hubris:TerracottaHorce"],"picked":"Black Star"}],"items_purged_floors":[],"is_endless":false,"potions_floor_spawned":[1,5,13,16,20],"killed_by":"Book of Stabbing","ascension_level":1}}