{"host":"sc0o2qwpf9j16a4i","time":1614274738,"event":{"mods":["AchievementEnabler","BaseMod","BetterRewards","Block Reminder","Colored Map","Colored Powertips","Custom Start","Highlight Path","Minty Spire (QoL Compilation)","Relic Stats"],"gold_per_floor":[117,117,129,129,142,170,186,211,237,269,269,269,299,312,312,412,412,432,432,392,408,424,457,457,482,505,535,551,551,578,91,91,194,194,212,212,232,248,248,274,274,304,316,354,378,419,482,54,54,54],"floor_reached":51,"language":"ENG","playtime":1385,"items_purged":[],"score":1421,"play_id":"25cc7a1a-06f5-4b54-a390-b5abbbfdcc02","local_time":"20210225193858","daily_mods":["Cursed Run","Time Dilation","Elite Swarm"],"is_ascension_mode":false,"campfire_choices":[{"data":"Flex","floor":15,"key":"SMITH"},{"floor":24,"key":"DIG"},{"floor":32,"key":"DIG"},{"floor":49,"key":"DIG"}],"circlet_count":0,"master_deck":["Strike_R","Strike_R","Strike_R","Strike_R","Strike_R","Defend_R","Defend_R","Defend_R","Defend_R","Bash","Flex+1","Sword Boomerang","Regret","Thunderclap+1","Immolate","Immolate","Shame","Demon Form+1","Bludgeon","Sword Boomerang","Normality","Limit Break+1","Clothesline","Necronomicurse","Burning Pact","Reaper","Double Tap","Injury","Reaper","Second Wind+1","Burning Pact","Normality","Feed","Limit Break","Panache+1","Demon Form+1","Clumsy","Impervious","True Grit+1","Barricade+1","Uppercut+1","Feel No Pain+1","True Grit+1","Regret"],"relics":["Cursed Key","Darkstone Periapt","Du-Vu Doll","Mummified Hand","Akabeko","White Beast Statue","Anchor","Shovel","Bottled Lightning","Snecko Eye","Necronomicon","TungstenRod","Juzu Bracelet","Nunchaku","Art of War","Singing Bowl","Bottled Tornado","Orrery","Incense Burner","Frozen Egg 2","Black Star","Bronze Scales","Boot","MawBank","Bottled Flame","Gambling Chip","Orichalcum","Prayer Wheel","Sundial","PreservedInsect","CaptainsWheel","Kunai","DollysMirror","StoneCalendar"],"acts_visited":["Exordium","TheCity","TheBeyond"],"potions_floor_usage":[6,8,8,16,16,18,30,33,50,50,50],"damage_taken":[{"damage":5,"enemies":"2 Louse","floor":1,"turns":2},{"damage":5,"enemies":"Small Slimes","floor":3,"turns":3},{"damage":0,"enemies":"Jaw Worm","floor":5,"turns":1},{"damage":0,"enemies":"Gremlin Nob","floor":6,"turns":2},{"damage":0,"enemies":"3 Louse","floor":7,"turns":1},{"damage":10,"enemies":"3 Sentries","floor":8,"turns":3},{"damage":1,"enemies":"Gremlin Nob","floor":10,"turns":2},{"damage":2,"enemies":"Lagavulin","floor":13,"turns":3},{"damage":0,"enemies":"2 Fungi Beasts","floor":14,"turns":1},{"damage":0,"enemies":"Slime Boss","floor":16,"turns":1},{"damage":16,"enemies":"3 Byrds","floor":18,"turns":3},{"damage":0,"enemies":"Shell Parasite","floor":21,"turns":1},{"damage":4,"enemies":"Cultist and Chosen","floor":22,"turns":3},{"damage":0,"enemies":"Gremlin Leader","floor":23,"turns":1},{"damage":0,"enemies":"Slavers","floor":25,"turns":1},{"damage":0,"enemies":"Gremlin Leader","floor":27,"turns":2},{"damage":11,"enemies":"Snecko","floor":28,"turns":3},{"damage":4,"enemies":"Slavers","floor":30,"turns":2},{"damage":3,"enemies":"Automaton","floor":33,"turns":4},{"damage":11,"enemies":"3 Shapes","floor":35,"turns":4},{"damage":0,"enemies":"3 Darklings","floor":37,"turns":1},{"damage":0,"enemies":"Sphere and 2 Shapes","floor":38,"turns":1},{"damage":0,"enemies":"Giant Head","floor":40,"turns":5},{"damage":0,"enemies":"Nemesis","floor":42,"turns":1},{"damage":0,"enemies":"Giant Head","floor":44,"turns":5},{"damage":0,"enemies":"Maw","floor":45,"turns":2},{"damage":16,"enemies":"Nemesis","floor":46,"turns":5},{"damage":0,"enemies":"2 Orb Walkers","floor":47,"turns":1},{"damage":36,"enemies":"Awakened One","floor":50,"turns":7}],"seed_played":"-5493344835534594546","potions_obtained":[{"floor":3,"key":"Block Potion"},{"floor":5,"key":"DistilledChaos"},{"floor":6,"key":"Strength Potion"},{"floor":10,"key":"SteroidPotion"},{"floor":13,"key":"Weak Potion"},{"floor":14,"key":"SteroidPotion"},{"floor":16,"key":"ElixirPotion"},{"floor":18,"key":"EssenceOfSteel"},{"floor":21,"key":"AttackPotion"},{"floor":22,"key":"Dexterity Potion"},{"floor":28,"key":"PowerPotion"},{"floor":30,"key":"SpeedPotion"},{"floor":33,"key":"CultistPotion"},{"floor":42,"key":"PowerPotion"}],"is_trial":true,"path_per_floor":["M","?","M","?","M","E","M","E","T","E","?","?","E","M","R","B",null,"M","?","?","M","M","E","R","E","T","E","M","?","E","$","R","B",null,"M","?","M","M","?","E","?","E","T","E","M","E","?","$","R","B",null],"character_chosen":"IRONCLAD","items_purchased":["Orrery","Incense Burner","Burning Pact","Kunai","Feel No Pain+1","DollysMirror"],"campfire_rested":0,"item_purchase_floors":[31,31,31,48,48,48],"current_hp_per_floor":[75,75,70,76,76,76,76,66,72,71,53,92,90,90,90,96,98,82,72,72,72,68,68,68,68,74,74,101,101,99,107,107,110,128,127,127,129,131,131,140,135,135,141,150,155,139,155,155,155,125],"gold":54,"neow_bonus":"","is_daily":false,"chose_seed":false,"campfire_upgraded":1,"win_rate":0.0,"timestamp":1614274738,"path_taken":["M","?","M","?","M","E","?","E","T","E","?","?","E","?","R","BOSS","M","?","?","M","M","E","R","E","T","E","M","?","E","$","R","BOSS","M","?","M","M","?","E","?","E","T","E","M","E","?","$","R","BOSS"],"items_purchased_type":["Relic","Relic","Card","Relic","Card","Relic"],"build_version":"2020-12-22","purchased_purges":0,"victory":true,"max_hp_per_floor":[80,80,80,86,86,86,86,86,92,92,92,92,92,92,92,98,98,98,104,104,104,104,104,104,104,110,110,112,112,114,122,122,128,128,133,133,135,137,137,140,144,144,150,150,155,155,155,155,155,161],"relic_stats":{"Darkstone Periapt":48,"Singing Bowl":24,"counters":[29,71],"StoneCalendar":[0],"PreservedInsect":0,"Juzu Bracelet":2,"Orichalcum":[30],"Cursed Key":3,"Boot":[28],"MawBank":72,"Nunchaku":[9],"Shovel":3,"Mummified Hand":[39],"Sundial":[0],"Bronze Scales":[36],"Gambling Chip":[15],"Snecko Eye":[66,93,69,96],"Prayer Wheel":1,"Necronomicon":[33],"Art of War":[4],"Black Star":4,"Kunai":[2],"obtain_stats":[{"Darkstone Periapt":0,"Singing Bowl":27,"StoneCalendar":49,"Juzu Bracelet":24,"Incense Burner":31,"Bottled Tornado":30,"Cursed Key":0,"Boot":40,"Nunchaku":25,"Shovel":10,"Mummified Hand":4,"Sundial":46,"DollysMirror":48,"Gambling Chip":43,"Prayer Wheel":44,"Necronomicon":19,"Kunai":48,"PreservedInsect":46,"Frozen Egg 2":32,"Orichalcum":44,"MawBank":42,"Akabeko":6,"White Beast Statue":8,"Du-Vu Doll":0,"Anchor":9,"Bottled Flame":42,"CaptainsWheel":47,"Bronze Scales":40,"Snecko Eye":17,"Orrery":31,"Art of War":26,"Black Star":34,"Bottled Lightning":13,"TungstenRod":23},{"Darkstone Periapt":0,"Singing Bowl":16,"StoneCalendar":28,"Juzu Bracelet":14,"Incense Burner":18,"Bottled Tornado":18,"Cursed Key":0,"Boot":23,"Nunchaku":15,"Shovel":7,"Mummified Hand":2,"Sundial":27,"DollysMirror":28,"Gambling Chip":24,"Prayer Wheel":25,"Necronomicon":11,"Kunai":28,"PreservedInsect":27,"Frozen Egg 2":18,"Orichalcum":25,"MawBank":24,"Akabeko":4,"White Beast Statue":6,"Du-Vu Doll":0,"Anchor":6,"Bottled Flame":24,"CaptainsWheel":28,"Bronze Scales":23,"Snecko Eye":10,"Orrery":18,"Art of War":15,"Black Star":19,"Bottled Lightning":8,"TungstenRod":14},{"Darkstone Periapt":0,"Singing Bowl":30,"StoneCalendar":64,"Juzu Bracelet":27,"Incense Burner":35,"Bottled Tornado":35,"Cursed Key":0,"Boot":50,"Nunchaku":28,"Shovel":14,"Mummified Hand":5,"Sundial":63,"DollysMirror":64,"Gambling Chip":51,"Prayer Wheel":56,"Necronomicon":22,"Kunai":64,"PreservedInsect":63,"Frozen Egg 2":35,"Orichalcum":56,"MawBank":51,"Akabeko":8,"White Beast Statue":12,"Du-Vu Doll":0,"Anchor":12,"Bottled Flame":51,"CaptainsWheel":64,"Bronze Scales":50,"Snecko Eye":19,"Orrery":35,"Art of War":28,"Black Star":39,"Bottled Lightning":17,"TungstenRod":27}],"TungstenRod":18},"card_choices":[{"not_picked":["Warcry","Bloodletting"],"picked":"Flex","floor":1},{"not_picked":["Clothesline","Warcry"],"picked":"Sword Boomerang","floor":3},{"not_picked":["Exhume","Disarm"],"picked":"Thunderclap","floor":5},{"not_picked":["Berserk","Barricade"],"picked":"Immolate","floor":6},{"not_picked":["Hemokinesis","Havoc","Iron Wave"],"picked":"SKIP","floor":7},{"not_picked":["Barricade","Juggernaut"],"picked":"Immolate","floor":8},{"not_picked":["Berserk","Double Tap"],"picked":"Demon Form","floor":10},{"not_picked":["Fiend Fire","Corruption"],"picked":"Bludgeon","floor":13},{"not_picked":["Intimidate","Fire Breathing"],"picked":"Sword Boomerang","floor":14},{"not_picked":["Bludgeon","Offering"],"picked":"Limit Break","floor":16},{"not_picked":["Cleave+1","Infernal Blade+1"],"picked":"Clothesline","floor":18},{"not_picked":["Inflame+1","Sword Boomerang"],"picked":"Burning Pact","floor":21},{"not_picked":["Heavy Blade","Combust"],"picked":"Evolve","floor":22},{"not_picked":["Bludgeon","Exhume"],"picked":"Reaper","floor":23},{"not_picked":["Corruption","Exhume"],"picked":"Double Tap","floor":25},{"not_picked":["Limit Break","Fiend Fire"],"picked":"Reaper","floor":27},{"not_picked":["Bloodletting","Wild Strike","Armaments"],"picked":"Singing Bowl","floor":28},{"not_picked":["Immolate","Fiend Fire","Barricade"],"picked":"Singing Bowl","floor":30},{"not_picked":["Wild Strike+1","Flex","Hemokinesis"],"picked":"Singing Bowl","floor":31},{"not_picked":["Pommel Strike","Warcry","Cleave"],"picked":"Singing Bowl","floor":31},{"not_picked":["Double Tap","Metallicize+1","Sever Soul"],"picked":"Singing Bowl","floor":31},{"not_picked":["Sentinel","Clothesline"],"picked":"Second Wind+1","floor":31},{"not_picked":["Wild Strike","Seeing Red","Fiend Fire"],"picked":"Singing Bowl","floor":31},{"not_picked":["Berserk+1","Offering"],"picked":"Feed","floor":33},{"not_picked":["Pommel Strike+1","Clothesline","Havoc"],"picked":"Singing Bowl","floor":35},{"not_picked":["Clothesline+1","Twin Strike+1","Bludgeon"],"picked":"Singing Bowl","floor":37},{"not_picked":["Seeing Red","Bloodletting","Flex+1"],"picked":"Singing Bowl","floor":38},{"not_picked":["Bludgeon","Offering"],"picked":"Limit Break","floor":40},{"not_picked":["Forethought","Finesse","Dramatic Entrance"],"picked":"Singing Bowl","floor":41},{"not_picked":["Blind","Mayhem+1"],"picked":"Panache+1","floor":41},{"not_picked":["Enlightenment","Finesse","Madness"],"picked":"Singing Bowl","floor":41},{"not_picked":["Double Tap","Immolate"],"picked":"Demon Form+1","floor":42},{"not_picked":["Berserk+1","Demon Form+1"],"picked":"Impervious","floor":44},{"not_picked":["Clash","Cleave+1","Pommel Strike"],"picked":"Singing Bowl","floor":45},{"not_picked":["Rage+1","Havoc"],"picked":"True Grit+1","floor":45},{"not_picked":["Offering","Brutality+1"],"picked":"Barricade+1","floor":46},{"not_picked":["True Grit","Clothesline+1"],"picked":"Uppercut+1","floor":47}],"player_experience":1561779,"relics_obtained":[{"floor":6,"key":"Akabeko"},{"floor":8,"key":"White Beast Statue"},{"floor":9,"key":"Anchor"},{"floor":10,"key":"Shovel"},{"floor":13,"key":"Bottled Lightning"},{"floor":19,"key":"Necronomicon"},{"floor":23,"key":"TungstenRod"},{"floor":24,"key":"Juzu Bracelet"},{"floor":25,"key":"Nunchaku"},{"floor":26,"key":"Art of War"},{"floor":27,"key":"Singing Bowl"},{"floor":30,"key":"Bottled Tornado"},{"floor":32,"key":"Frozen Egg 2"},{"floor":40,"key":"Bronze Scales"},{"floor":40,"key":"Boot"},{"floor":42,"key":"MawBank"},{"floor":42,"key":"Bottled Flame"},{"floor":43,"key":"Gambling Chip"},{"floor":44,"key":"Orichalcum"},{"floor":44,"key":"Prayer Wheel"},{"floor":46,"key":"Sundial"},{"floor":46,"key":"PreservedInsect"},{"floor":47,"key":"CaptainsWheel"},{"floor":49,"key":"StoneCalendar"}],"event_choices":[{"damage_healed":0,"gold_gain":0,"player_choice":"Ignored","damage_taken":0,"max_hp_gain":0,"max_hp_loss":0,"event_name":"Golden Wing","floor":2,"gold_loss":0},{"damage_healed":0,"gold_gain":0,"player_choice":"Box","damage_taken":0,"relics_obtained":["Mummified Hand"],"max_hp_gain":0,"max_hp_loss":0,"event_name":"Big Fish","floor":4,"gold_loss":0,"cards_obtained":["Regret"]},{"damage_healed":0,"gold_gain":0,"player_choice":"Entered Light","damage_taken":18,"max_hp_gain":0,"max_hp_loss":0,"event_name":"Shining Light","floor":11,"gold_loss":0,"cards_upgraded":["Demon Form","Thunderclap"]},{"damage_healed":39,"gold_gain":0,"player_choice":"Full Heal","damage_taken":0,"max_hp_gain":0,"max_hp_loss":0,"event_name":"Wheel of Change","floor":12,"gold_loss":0},{"damage_healed":0,"gold_gain":0,"player_choice":"Obtained Book","damage_taken":16,"max_hp_gain":0,"max_hp_loss":0,"event_name":"Cursed Tome","floor":19,"gold_loss":0},{"damage_healed":0,"gold_gain":0,"player_choice":"Upgrade","damage_taken":0,"max_hp_gain":0,"max_hp_loss":0,"event_name":"Designer","floor":20,"gold_loss":40,"cards_upgraded":["Limit Break"]},{"damage_healed":0,"gold_gain":0,"player_choice":"Got Potions","damage_taken":0,"max_hp_gain":0,"max_hp_loss":0,"event_name":"Lab","floor":29,"gold_loss":0},{"damage_healed":0,"gold_gain":0,"player_choice":"Ignored","damage_taken":0,"max_hp_gain":0,"max_hp_loss":0,"event_name":"NoteForYourself","floor":36,"gold_loss":0},{"cards_removed":["Evolve"],"damage_healed":0,"gold_gain":0,"player_choice":"Removed Power","damage_taken":0,"max_hp_gain":0,"max_hp_loss":0,"event_name":"Falling","floor":39,"gold_loss":0},{"damage_healed":0,"gold_gain":0,"player_choice":"Memory 3","damage_taken":10,"max_hp_gain":0,"max_hp_loss":0,"event_name":"SensoryStone","floor":41,"gold_loss":0},{"damage_healed":0,"gold_gain":0,"player_choice":"Fight","damage_taken":0,"max_hp_gain":0,"max_hp_loss":0,"event_name":"Mysterious Sphere","floor":47,"gold_loss":0}],"is_beta":false,"boss_relics":[{"not_picked":["Mark of Pain","Calling Bell"],"picked":"Snecko Eye"},{"not_picked":["SlaversCollar","Empty Cage"],"picked":"Black Star"}],"items_purged_floors":[],"is_endless":false,"potions_floor_spawned":[3,5,6,10,13,14,16,18,21,22,23,25,27,28,30,33,35,37,38,40,42,44,45,46,47],"ascension_level":0}}