{"host":"6r9t33axn0fzb9aq","time":1614286470,"event":{"mods":["Aspiration","BaseMod","Better Altar","Better Match","Better Note","Better Third Choice","Bossed Relics","CatGirl Mod","Clockwork Mod","Colored Map","Colored Powertips","Conspire","Curses Come First","Custom Start","Energized Spire","Halation","Hubris","Infinite Spire","Koishi","Marisa????????","Minty Spire (QoL Compilation)","Onozuka Komachi Mod","Poor People Problems","Reliquary","Remilia??????","Replay The Spire","Reworked Bosses","Shade Mod","Spicy Shops","Spire Arcade","StSLib","The Administrix","The Blackbeard","The Bladedancer","The Blue Laboratory","The Cursed","The Death Knight","The Hierophant","The Marked","The Necromancer","The Servant 0.9.4","TheHero","Trackpad","Waifu the Spire","Wandering Minibosses"],"gold_per_floor":[113,113,125,140,140,171,188,208,278,311,311,311,311,343,343,444,444,464,476,492,234,234,234,234,85,109,127,127,127,146,162,162,262,262,262],"floor_reached":34,"language":"ENG","playtime":2430,"items_purged":[],"score":460,"play_id":"1be6e757-e691-43aa-b631-fc579e6b1f23","local_time":"20210225205430","is_ascension_mode":false,"campfire_choices":[{"floor":11.0,"key":"REST"},{"data":"blademaster:Frontflip","floor":23.0,"key":"SMITH"},{"floor":32.0,"key":"REST"}],"circlet_count":0,"master_deck":["blademaster:Strike","blademaster:Strike","blademaster:Strike","blademaster:Strike","blademaster:Defend","blademaster:Defend","blademaster:Defend","blademaster:Defend","blademaster:RagingBlow","blademaster:HighVoltage","blademaster:Vortex","blademaster:Thrust","blademaster:RagingBlow","blademaster:DragonStrike","blademaster:Havoc","blademaster:CullingStrike","blademaster:Frontflip+1","blademaster:EnchantedCuirass","blademaster:ParryingStrike+1","blademaster:Discharge+1","blademaster:AwakeningDefend+1","blademaster:DragonStrike","blademaster:RagingBlow","blademaster:EyeOfTheStorm","blademaster:BladeMastery","blademaster:LeechingStrike","blademaster:Blindside"],"relics":["blademaster:DancersAmulet","NeowsBlessing","halation:AfternoonTea","Replay:Ringing Soul","Orichalcum","hubris:SlimyHat","Anchor","reliquary:WritOfMandamus","halation:EternalFortune","Sling","Blue Doll"],"acts_visited":["Exordium","TheCity"],"potions_floor_usage":[],"damage_taken":[{"damage":0.0,"enemies":"Cultist","floor":1.0,"turns":1.0},{"damage":0.0,"enemies":"Jaw Worm","floor":3.0,"turns":1.0},{"damage":0.0,"enemies":"Gremlin Nob","floor":6.0,"turns":1.0},{"damage":0.0,"enemies":"2 Louse","floor":7.0,"turns":3.0},{"damage":15.0,"enemies":"Looter","floor":8.0,"turns":6.0},{"damage":42.0,"enemies":"Lagavulin","floor":10.0,"turns":8.0},{"damage":9.0,"enemies":"conspire:MimicChest","floor":14.0,"turns":6.0},{"damage":17.0,"enemies":"Slime Boss","floor":16.0,"turns":10.0},{"damage":0.0,"enemies":"Chosen","floor":18.0,"turns":4.0},{"damage":23.0,"enemies":"conspire:FuzzyDice","floor":19.0,"turns":6.0},{"damage":17.0,"enemies":"Shelled Parasite and Fungi","floor":20.0,"turns":6.0},{"damage":14.0,"enemies":"Chosen and Byrds","floor":27.0,"turns":5.0},{"damage":1.0,"enemies":"Cultist and Chosen","floor":30.0,"turns":4.0},{"damage":11.0,"enemies":"conspire:HollyBat","floor":31.0,"turns":8.0},{"damage":76.0,"enemies":"hubris:MusketHawk","floor":33.0,"turns":9.0}],"seed_played":"-1255409811130128469","potions_obtained":[{"floor":3.0,"key":"Swift Potion"},{"floor":4.0,"key":"blueLaboratory:FrostheartPotion"},{"floor":7.0,"key":"Regen Potion"},{"floor":16.0,"key":"blueLaboratory:BottledHope"},{"floor":27.0,"key":"FearPotion"}],"is_trial":false,"path_per_floor":["M","$","M","?","?","E","M","M","T","E","R","?","T","?","R_BF","B",null,"M","M","M","$","?","R","?","$","T","M","?","?","M","M","R","B",null],"character_chosen":"THE_BLADEMASTER","items_purchased":["blademaster:DragonStrike","blademaster:RagingBlow","Sling"],"campfire_rested":2,"item_purchase_floors":[21,21,25],"current_hp_per_floor":[75,75,75,75,75,75,75,60,60,21,44,44,44,73,73,59,84,87,67,53,56,56,56,59,59,59,48,51,51,50,42,74,19,19,19],"gold":262,"neow_bonus":"THREE_ENEMY_KILL","is_daily":false,"chose_seed":false,"campfire_upgraded":1,"win_rate":0.0,"timestamp":1614286470,"path_taken":["M","$","M","?","?","E","M","M","T","E","R","?","?","?","R_BF","BOSS","M","M","M","$","?","R","?","$","T","M","?","?","M","M","R","BOSS"],"items_purchased_type":["Card","Card","Relic"],"build_version":"2020-12-22","purchased_purges":0,"victory":false,"max_hp_per_floor":[75,75,75,75,75,75,75,75,75,78,78,78,78,81,81,84,84,87,90,93,96,96,96,99,99,99,102,105,105,105,108,108,111,111,111],"card_choices":[{"not_picked":["blademaster:OneTrickPony","blademaster:ParryingStrike"],"picked":"blademaster:Vortex","floor":1.0},{"not_picked":["blademaster:AspectOfWind","blademaster:DragonStrike"],"picked":"blademaster:Thrust","floor":3.0},{"not_picked":["blademaster:CullingStrike","blademaster:Flash"],"picked":"blademaster:RagingBlow","floor":6.0},{"not_picked":["blademaster:SlyStabs","blademaster:CombatPrep"],"picked":"blademaster:DragonStrike","floor":7.0},{"not_picked":["blademaster:DragonStrike","blademaster:Vortex"],"picked":"blademaster:Havoc","floor":8.0},{"not_picked":["blademaster:OneTrickPony","blademaster:BloodyBlow"],"picked":"blademaster:CullingStrike","floor":10.0},{"not_picked":["blademaster:SlyStabs","blademaster:DancingEdge"],"picked":"blademaster:Frontflip","floor":14.0},{"not_picked":["blademaster:ThreePointStrike","blademaster:CloudOfSteel"],"picked":"blademaster:EnchantedCuirass","floor":16.0},{"not_picked":["blademaster:LightningCrash","blademaster:Breeze"],"picked":"blademaster:ParryingStrike+1","floor":18.0},{"not_picked":["blademaster:Momentum","blademaster:IcyWind"],"picked":"blademaster:Discharge+1","floor":19.0},{"not_picked":["blademaster:Cut+1","blademaster:Quickstep"],"picked":"blademaster:AwakeningDefend+1","floor":20.0},{"not_picked":["blademaster:Meditate","blademaster:Havoc"],"picked":"blademaster:EyeOfTheStorm","floor":27.0},{"not_picked":["blademaster:BladeCross","blademaster:BladeMastery","blademaster:Reversal"],"picked":"SKIP","floor":30.0},{"not_picked":["blademaster:ChargingUp","blademaster:Rupture+1"],"picked":"blademaster:LeechingStrike","floor":31.0},{"not_picked":["blademaster:ThreePointStrike","blademaster:CloudOfSteel"],"picked":"blademaster:Blindside","floor":33.0}],"player_experience":495707,"relics_obtained":[{"floor":6.0,"key":"halation:AfternoonTea"},{"floor":6.0,"key":"blademaster:StrongPerk"},{"floor":9.0,"key":"Replay:Ringing Soul"},{"floor":10.0,"key":"Orichalcum"},{"floor":10.0,"key":"blademaster:DextrousPerk"},{"floor":13.0,"key":"hubris:SlimyHat"},{"floor":14.0,"key":"Anchor"},{"floor":14.0,"key":"blademaster:RandomStancePerk"},{"floor":26.0,"key":"Blue Doll"}],"event_choices":[{"damage_healed":0.0,"max_hp_gain":0.0,"max_hp_loss":0.0,"gold_gain":0.0,"event_name":"conspire:Investor","player_choice":"Leave","floor":5.0,"gold_loss":0.0,"damage_taken":0.0},{"cards_removed":["blademaster:Frontflip"],"damage_healed":0.0,"max_hp_gain":0.0,"max_hp_loss":0.0,"gold_gain":0.0,"event_name":"betterNote:BetterNote","player_choice":"Give","floor":22.0,"gold_loss":0.0,"damage_taken":0.0,"cards_obtained":["Ultimatum"]}],"is_beta":false,"boss_relics":[{"not_picked":["Painkiller Herb","energizedSpire:SpiderWeb"],"picked":"reliquary:WritOfMandamus"}],"items_purged_floors":[],"is_endless":false,"potions_floor_spawned":[3,7,8,16,27,30],"ascension_level":0}}