{"host":"yx5rao87132cy5xq","time":1614288972,"event":{"mods":["2.2 Compatiblity","AchievementEnabler","BaseMod","Bestiary","Colored Map","Colored Powertips","Highlight Path","Minty Spire (QoL Compilation)","Quick Restart","Relic Stats","Slay-I","SuperFastMode"],"gold_per_floor":[117,34,48,26,36,70,70,88,111,136,136,6,6,18,18,115,115,134,94,109,121,121,121],"floor_reached":22,"language":"ENG","playtime":1969,"items_purged":[],"score":225,"play_id":"017a1f8c-607d-4fd8-947c-e6ccd0789cba","local_time":"20210225223612","is_ascension_mode":true,"campfire_choices":[{"data":"Neutralize","floor":7.0,"key":"SMITH"},{"floor":11.0,"key":"REST"},{"data":"After Image","floor":13.0,"key":"SMITH"},{"data":"Blade Dance","floor":15.0,"key":"SMITH"}],"circlet_count":0,"master_deck":["Strike_G+1","Strike_G","Strike_G","Strike_G","Strike_G","Defend_G","Defend_G","Defend_G","Defend_G+1","Defend_G","Survivor","Neutralize+1","Quick Slash","Dagger Spray+1","Underhanded Strike","Deadly Poison+1","Finisher","Riddle With Holes","Blur","After Image+1","Blade Dance+1","Burst","CurseOfTheBell","Footwork","Dagger Spray+1"],"relics":["Ring of the Snake","NeowsBlessing","Snake Skull","Whetstone","Oddly Smooth Stone","Toy Ornithopter","Calling Bell","Vajra","The Courier","Bird Faced Urn"],"acts_visited":["Exordium","TheCity"],"potions_floor_usage":[],"damage_taken":[{"damage":0.0,"enemies":"Jaw Worm","floor":1.0,"turns":1.0},{"damage":0.0,"enemies":"Cultist","floor":3.0,"turns":1.0},{"damage":0.0,"enemies":"Small Slimes","floor":5.0,"turns":1.0},{"damage":42.0,"enemies":"3 Sentries","floor":6.0,"turns":10.0},{"damage":1.0,"enemies":"Red Slaver","floor":8.0,"turns":4.0},{"damage":12.0,"enemies":"Gremlin Nob","floor":10.0,"turns":3.0},{"damage":4.0,"enemies":"2 Fungi Beasts","floor":14.0,"turns":3.0},{"damage":11.0,"enemies":"Hexaghost","floor":16.0,"turns":9.0},{"damage":29.0,"enemies":"Shell Parasite","floor":18.0,"turns":8.0},{"damage":0.0,"enemies":"3 Byrds","floor":20.0,"turns":6.0},{"damage":33,"enemies":"Cultist and Chosen","floor":21,"turns":7},{"damage":32,"enemies":"Shelled Parasite and Fungi","floor":22,"turns":3}],"seed_played":"-5033721731624387936","potions_obtained":[{"floor":5.0,"key":"DistilledChaos"},{"floor":8.0,"key":"SpeedPotion"},{"floor":16.0,"key":"SteroidPotion"},{"floor":18.0,"key":"LiquidMemories"},{"floor":20.0,"key":"Dexterity Potion"}],"is_trial":false,"path_per_floor":["M","?","M","$","M","E","R","M","T","E","R","$","R","M","R","B",null,"M","?","M","M","M"],"character_chosen":"THE_SILENT","items_purchased":["Underhanded Strike","After Image","PowerPotion"],"campfire_rested":1,"item_purchase_floors":[4,12,12],"current_hp_per_floor":[70,70,70,70,70,28,28,27,27,15,36,36,36,32,32,26,70,41,41,53,24,0,0],"gold":121,"neow_bonus":"THREE_ENEMY_KILL","is_daily":false,"chose_seed":false,"campfire_upgraded":3,"win_rate":0.0,"timestamp":1614288972,"path_taken":["M","?","M","$","?","E","R","M","T","E","R","?","R","M","R","BOSS","M","?","M","M","M"],"items_purchased_type":["Card","Card","Potion"],"build_version":"2020-12-22","purchased_purges":0,"victory":false,"max_hp_per_floor":[70,70,70,70,70,70,70,70,70,70,70,70,70,70,70,70,70,70,70,70,70,70,70],"relic_stats":{"counters":[12,56],"Bird Faced Urn":[8],"Snake Skull":[16],"Whetstone":["Dagger Spray","Strike_G"],"obtain_stats":[{"Calling Bell":17,"NeowsBlessing":0,"Bird Faced Urn":17,"Oddly Smooth Stone":9,"Vajra":17,"Snake Skull":2,"The Courier":17,"Whetstone":6,"Toy Ornithopter":10,"Ring of the Snake":0},{"Calling Bell":8,"NeowsBlessing":0,"Bird Faced Urn":8,"Oddly Smooth Stone":5,"Vajra":8,"Snake Skull":1,"The Courier":8,"Whetstone":4,"Toy Ornithopter":6,"Ring of the Snake":0},{"Calling Bell":32,"NeowsBlessing":0,"Bird Faced Urn":32,"Oddly Smooth Stone":17,"Vajra":32,"Snake Skull":1,"The Courier":32,"Whetstone":13,"Toy Ornithopter":20,"Ring of the Snake":0}],"Toy Ornithopter":15,"Ring of the Snake":[24]},"card_choices":[{"not_picked":["Deadly Poison","Backflip"],"picked":"Quick Slash","floor":1.0},{"not_picked":["Backflip","Malaise"],"picked":"Dagger Spray","floor":3.0},{"not_picked":["Setup","Concentrate"],"picked":"Deadly Poison","floor":5.0},{"not_picked":["Heel Hook","Calculated Gamble"],"picked":"Finisher","floor":6.0},{"not_picked":["Well Laid Plans","Flying Knee"],"picked":"Riddle With Holes","floor":8.0},{"not_picked":["Poisoned Stab","Catalyst"],"picked":"Blur","floor":10.0},{"not_picked":["Underhanded Strike","Dodge and Roll"],"picked":"Blade Dance","floor":14.0},{"not_picked":["Grand Finale","Adrenaline"],"picked":"Burst","floor":16.0},{"not_picked":["Calculated Gamble+1","Outmaneuver"],"picked":"Footwork","floor":18.0},{"not_picked":["Cloak And Dagger+1","Poisoned Stab"],"picked":"Dagger Spray+1","floor":20.0},{"not_picked":["Catalyst","Cloak And Dagger","Infinite Blades"],"picked":"SKIP","floor":21}],"player_experience":1194068,"relics_obtained":[{"floor":6.0,"key":"Whetstone"},{"floor":9.0,"key":"Oddly Smooth Stone"},{"floor":10.0,"key":"Toy Ornithopter"},{"floor":17.0,"key":"Vajra"},{"floor":17.0,"key":"The Courier"},{"floor":17.0,"key":"Bird Faced Urn"}],"event_choices":[{"damage_healed":0.0,"max_hp_gain":0.0,"max_hp_loss":0.0,"gold_gain":0.0,"event_name":"WeMeetAgain","player_choice":"Paid Gold","floor":2.0,"gold_loss":83.0,"damage_taken":0.0,"relics_obtained":["Snake Skull"]},{"damage_healed":0.0,"max_hp_gain":0.0,"max_hp_loss":0.0,"gold_gain":0.0,"event_name":"Designer","player_choice":"Upgraded Two","floor":19.0,"gold_loss":40.0,"damage_taken":0.0,"cards_upgraded":["Defend_G","Deadly Poison"]}],"is_beta":false,"boss_relics":[{"not_picked":["Busted Crown","Cursed Key"],"picked":"Calling Bell"}],"items_purged_floors":[],"is_endless":false,"potions_floor_spawned":[5,8,16,18,20],"killed_by":"Shelled Parasite and Fungi","ascension_level":3}}