{"host":"bsvw3vj5tq13pxxj","time":1614264413,"event":{"mods":["AchievementEnabler","BaseMod","Colored Map","DeckTracker","KOR Keyword Fix","Minty Spire (QoL Compilation)","Permanent Neow","SuperFastMode","everything is the same but u backflip on backflip"],"gold_per_floor":[115,126,145,145,157,183,11,11,11,74,86,116,130,147,147,243,243,258,258,75,92,92,92,111,143,143,157,157,257,257,257,257,361,361,371,420,420,437,437,437,457,475,524,524,534,534,544,570,570,570],"floor_reached":51,"language":"KOR","playtime":2581,"items_purged":["A Thousand Cuts"],"score":877,"play_id":"bc884a31-fd85-454c-a413-83c74f9469d8","local_time":"20210225234653","is_ascension_mode":true,"campfire_choices":[{"floor":8,"key":"REST"},{"floor":15,"key":"REST"},{"data":"Bullet Time","floor":23,"key":"SMITH"},{"floor":28,"key":"REST"},{"data":"Backstab","floor":30,"key":"SMITH"},{"data":"Panache","floor":32,"key":"SMITH"},{"data":"Choke","floor":40,"key":"SMITH"},{"data":"Cloak And Dagger","floor":44,"key":"SMITH"},{"data":"After Image","floor":46,"key":"SMITH"},{"data":"Envenom","floor":49,"key":"SMITH"}],"circlet_count":0,"master_deck":["Survivor+1","Neutralize","CurseOfTheBell","Escape Plan+1","Acrobatics","Poisoned Stab","Cloak And Dagger+1","Dagger Throw+1","Panache+1","Backflip","Slice","Backflip","Backflip","Distraction","Bullet Time+1","Backstab+1","Deflect","Corpse Explosion","Predator","Quick Slash","Deflect","Reflex","Dagger Spray","Choke+1","Backflip+1","Slice","Blur+1","Prepared+1","Ghostly+1","Ghostly+1","Ghostly+1","Ghostly+1","Ghostly+1","Envenom+1","PiercingWail+1","Finisher+1","Dagger Spray+1","Secret Weapon+1","Bandage Up+1","Flash of Steel","Acrobatics+1","Poisoned Stab","Prepared+1","Tactician+1","Deflect+1","Terror+1","After Image+1","Prepared+1","Outmaneuver+1"],"relics":["Calling Bell","Vajra","The Courier","Incense Burner","PreservedInsect","Happy Flower","Gremlin Horn","Whetstone","Pandora\u0027s Box","Ancient Tea Set","Toxic Egg 2","Ornamental Fan","Prayer Wheel","Ninja Scroll","HoveringKite","The Specimen","Question Card","Omamori","Pear"],"acts_visited":["Exordium","TheCity","TheBeyond"],"potions_floor_usage":[6,6,12,12,14,33,50,50,50,50,50],"damage_taken":[{"damage":4,"enemies":"Cultist","floor":1,"turns":5},{"damage":3,"enemies":"Jaw Worm","floor":2,"turns":6},{"damage":5,"enemies":"2 Louse","floor":3,"turns":5},{"damage":13,"enemies":"Large Slime","floor":5,"turns":7},{"damage":20,"enemies":"Gremlin Nob","floor":6,"turns":4},{"damage":10,"enemies":"Lagavulin Event","floor":10,"turns":5},{"damage":0,"enemies":"Gremlin Gang","floor":11,"turns":4},{"damage":20,"enemies":"Lagavulin","floor":12,"turns":4},{"damage":0,"enemies":"3 Louse","floor":13,"turns":2},{"damage":0,"enemies":"Looter","floor":14,"turns":2},{"damage":21,"enemies":"The Guardian","floor":16,"turns":14},{"damage":9,"enemies":"2 Thieves","floor":18,"turns":2},{"damage":15,"enemies":"3 Byrds","floor":21,"turns":3},{"damage":17,"enemies":"Centurion and Healer","floor":24,"turns":5},{"damage":16,"enemies":"Slavers","floor":25,"turns":2},{"damage":14,"enemies":"Snake Plant","floor":27,"turns":3},{"damage":1,"enemies":"Colosseum Slavers","floor":29,"turns":2},{"damage":7,"enemies":"Colosseum Nobs","floor":29,"turns":2},{"damage":26,"enemies":"Automaton","floor":33,"turns":10},{"damage":0,"enemies":"3 Darklings","floor":35,"turns":3},{"damage":0,"enemies":"2 Orb Walkers","floor":36,"turns":3},{"damage":0,"enemies":"Orb Walker","floor":38,"turns":3},{"damage":1,"enemies":"Transient","floor":41,"turns":5},{"damage":4,"enemies":"Sphere and 2 Shapes","floor":42,"turns":3},{"damage":0,"enemies":"3 Darklings","floor":45,"turns":2},{"damage":0,"enemies":"Spire Growth","floor":47,"turns":5},{"damage":0,"enemies":"Nemesis","floor":48,"turns":7},{"damage":25,"enemies":"Time Eater","floor":50,"turns":15}],"seed_played":"7097041813704043370","potions_obtained":[{"floor":1,"key":"SkillPotion"},{"floor":2,"key":"Swift Potion"},{"floor":3,"key":"BlessingOfTheForge"},{"floor":10,"key":"GamblersBrew"},{"floor":13,"key":"FearPotion"},{"floor":25,"key":"SpeedPotion"},{"floor":27,"key":"Weak Potion"},{"floor":33,"key":"EntropicBrew"},{"floor":36,"key":"Strength Potion"},{"floor":48,"key":"ColorlessPotion"}],"is_trial":false,"path_per_floor":["M","M","M","?","M","E","$","R","T","?","M","E","M","M","R","B",null,"M","?","$","M","?","R","M","E","T","M","R","?","R","?","R","B",null,"M","?","?","M","T","R","M","M","T","R","M","R","M","E","R","B",null],"character_chosen":"THE_SILENT","items_purchased":["Panache","Backflip","Ancient Tea Set"],"campfire_rested":3,"item_purchase_floors":[7,7,20],"current_hp_per_floor":[66,63,58,44,31,11,11,32,32,22,22,2,2,2,23,2,70,61,61,61,46,80,80,63,47,47,33,57,49,49,40,40,14,40,40,40,30,36,36,36,39,35,35,35,35,35,40,50,50,31],"gold":570,"neow_bonus":"BOSS_RELIC","is_daily":false,"chose_seed":false,"campfire_upgraded":7,"win_rate":0.0,"timestamp":1614264413,"path_taken":["M","M","M","?","M","E","$","R","T","?","M","E","M","M","R","BOSS","M","?","$","M","?","R","?","E","T","M","R","?","R","?","R","BOSS","M","?","?","M","?","R","M","M","T","R","M","R","M","E","R","BOSS"],"items_purchased_type":["Card","Card","Relic"],"build_version":"2020-12-22","purchased_purges":1,"victory":true,"max_hp_per_floor":[70,70,70,70,70,70,70,70,70,70,70,70,70,70,70,70,70,70,70,70,70,80,80,80,80,80,80,80,80,80,40,40,40,40,40,40,40,40,40,40,40,40,40,40,40,40,40,50,50,50],"card_choices":[{"not_picked":["Flying Knee","Dagger Spray"],"picked":"Escape Plan","floor":1},{"not_picked":["Deadly Poison","Dagger Throw"],"picked":"Acrobatics","floor":2},{"not_picked":["Terror","Storm of Steel"],"picked":"Poisoned Stab","floor":3},{"not_picked":["Acrobatics","Dodge and Roll"],"picked":"Cloak And Dagger","floor":5},{"not_picked":["Noxious Fumes","PiercingWail"],"picked":"Dagger Throw","floor":6},{"not_picked":["Sucker Punch","Escape Plan"],"picked":"Slice","floor":10},{"not_picked":["Well Laid Plans","Eviscerate","Bane"],"picked":"SKIP","floor":11},{"not_picked":["Dash","Deflect"],"picked":"Backflip","floor":12},{"not_picked":["Deflect","Noxious Fumes"],"picked":"Backflip","floor":13},{"not_picked":["Dagger Spray","Skewer"],"picked":"Distraction","floor":14},{"not_picked":["A Thousand Cuts","Night Terror"],"picked":"Bullet Time","floor":16},{"not_picked":["Distraction","Slice"],"picked":"Reflex","floor":18},{"not_picked":["Riddle With Holes","Skewer+1","Flechettes+1"],"picked":"SKIP","floor":21},{"not_picked":["Caltrops","Dagger Spray"],"picked":"Backflip+1","floor":24},{"not_picked":["Dagger Throw","Eviscerate+1"],"picked":"Slice","floor":25},{"not_picked":["Slice","Quick Slash"],"picked":"Blur+1","floor":27},{"not_picked":["Deadly Poison+1","Dagger Throw"],"picked":"Prepared+1","floor":29},{"not_picked":["Storm of Steel+1","Malaise+1"],"picked":"Envenom","floor":33},{"not_picked":["Deadly Poison+1","Poisoned Stab"],"picked":"PiercingWail+1","floor":35},{"not_picked":["Deflect+1","Underhanded Strike"],"picked":"Finisher+1","floor":35},{"not_picked":["Dash+1","Sucker Punch+1"],"picked":"Dagger Spray+1","floor":36},{"not_picked":["Forethought+1","Enlightenment+1"],"picked":"Secret Weapon+1","floor":37},{"not_picked":["Trip+1","Flash of Steel"],"picked":"Bandage Up+1","floor":37},{"not_picked":["PanicButton+1","Forethought+1"],"picked":"Flash of Steel","floor":37},{"not_picked":["Quick Slash+1","Dagger Spray"],"picked":"Acrobatics+1","floor":38},{"not_picked":["Deadly Poison+1","Dash"],"picked":"Poisoned Stab","floor":38},{"not_picked":["Sucker Punch+1","Endless Agony","Dagger Spray+1"],"picked":"Prepared+1","floor":41},{"not_picked":["Finisher","Sucker Punch","Dagger Throw+1"],"picked":"Tactician+1","floor":41},{"not_picked":["Outmaneuver+1","Dagger Spray+1","Flechettes+1"],"picked":"Deflect+1","floor":42},{"not_picked":["Riddle With Holes+1","Sucker Punch+1","Dagger Throw+1","Expertise+1"],"picked":"SKIP","floor":42},{"not_picked":["Slice+1","Crippling Poison+1","Footwork"],"picked":"Terror+1","floor":45},{"not_picked":["Blur+1","Bouncing Flask+1","Backflip+1"],"picked":"After Image","floor":45},{"not_picked":["Dagger Throw+1","Skewer+1","Predator"],"picked":"Prepared+1","floor":47},{"not_picked":["Dagger Spray+1","Catalyst+1","Accuracy"],"picked":"Outmaneuver+1","floor":47},{"not_picked":["Underhanded Strike+1","Catalyst+1","Unload","Poisoned Stab+1"],"picked":"SKIP","floor":48}],"player_experience":43700,"relics_obtained":[{"floor":0,"key":"Vajra"},{"floor":0,"key":"The Courier"},{"floor":0,"key":"Incense Burner"},{"floor":6,"key":"PreservedInsect"},{"floor":9,"key":"Happy Flower"},{"floor":10,"key":"Gremlin Horn"},{"floor":12,"key":"Whetstone"},{"floor":25,"key":"Toxic Egg 2"},{"floor":26,"key":"Ornamental Fan"},{"floor":29,"key":"Prayer Wheel"},{"floor":29,"key":"Ninja Scroll"},{"floor":36,"key":"The Specimen"},{"floor":39,"key":"Question Card"},{"floor":43,"key":"Omamori"},{"floor":48,"key":"Pear"}],"event_choices":[{"damage_healed":0,"gold_gain":0,"player_choice":"Entered Light","damage_taken":14,"max_hp_gain":0,"max_hp_loss":0,"event_name":"Shining Light","floor":4,"gold_loss":0,"cards_upgraded":["Survivor","Escape Plan"]},{"damage_healed":0,"gold_gain":30,"player_choice":"Searched \u00272\u0027 times","damage_taken":0,"max_hp_gain":0,"max_hp_loss":0,"event_name":"Dead Adventurer","floor":10,"gold_loss":0},{"damage_healed":0,"gold_gain":0,"cards_transformed":["Masterful Stab","Well Laid Plans"],"player_choice":"Became Test Subject","damage_taken":0,"max_hp_gain":0,"max_hp_loss":0,"event_name":"Drug Dealer","floor":19,"gold_loss":0,"cards_obtained":["Dagger Spray","Choke"]},{"cards_removed":["Storm of Steel"],"damage_healed":24,"gold_gain":0,"player_choice":"Offered Rare","damage_taken":0,"max_hp_gain":10,"max_hp_loss":0,"event_name":"Bonfire Elementals","floor":22,"gold_loss":0},{"damage_healed":0,"gold_gain":0,"player_choice":"Fight","damage_taken":0,"max_hp_gain":0,"max_hp_loss":0,"event_name":"Colosseum","floor":29,"gold_loss":0},{"damage_healed":0,"gold_gain":0,"player_choice":"Fought Nobs","damage_taken":0,"max_hp_gain":0,"max_hp_loss":0,"event_name":"Colosseum","floor":29,"gold_loss":0},{"damage_healed":0,"gold_gain":0,"player_choice":"Became a Ghost","damage_taken":0,"max_hp_gain":0,"max_hp_loss":40,"event_name":"Ghosts","floor":31,"gold_loss":0,"cards_obtained":["Ghostly","Ghostly","Ghostly","Ghostly","Ghostly"]},{"damage_healed":0,"gold_gain":0,"player_choice":"Fight","damage_taken":0,"max_hp_gain":0,"max_hp_loss":0,"event_name":"Mysterious Sphere","floor":36,"gold_loss":0},{"damage_healed":0,"gold_gain":0,"player_choice":"Memory 3","damage_taken":10,"max_hp_gain":0,"max_hp_loss":0,"event_name":"SensoryStone","floor":37,"gold_loss":0}],"is_beta":false,"boss_relics":[{"not_picked":["Fusion Hammer","Coffee Dripper"],"picked":"Pandora\u0027s Box"},{"not_picked":["Snecko Eye","Astrolabe"],"picked":"HoveringKite"}],"items_purged_floors":[20],"is_endless":false,"potions_floor_spawned":[1,2,3,10,13,25,27,33,36,41,45,48],"ascension_level":2}}