{"host":"050ensmz1fh1c58u","time":1614252583,"event":{"mods":["BaseMod","Downfall","Hubris","JesterMod","Minty Spire (QoL Compilation)","READ ME - Guardian Mod","StSLib","The Disciple","The Marked","The Necromancer","The Servant 0.9.4"],"gold_per_floor":[99,119,133,153,153,153,177,197,224,224,242,256,156,66,83,181,181,181,181,181,199,27,39,39,39,51,65,91,103,3,13,29,129,129,129,129,147,147,197,221,221,231,231,231,216,116,63,63,83,83,83,112,112,112,112,112],"floor_reached":55,"language":"ENG","playtime":4310,"items_purged":["theMarked:Strike","theMarked:Defend"],"score":714,"play_id":"8f733e23-7371-4a68-af68-9dcf042aa43d","local_time":"20210225122943","is_ascension_mode":false,"campfire_choices":[{"data":"theMarked:SoldierOfQuellstein","floor":1,"key":"SMITH"},{"data":"theMarked:Aftermath","floor":13,"key":"SMITH"},{"data":"theMarked:Electrocute","floor":18,"key":"SMITH"},{"data":"theMarked:Electrocute","floor":25,"key":"SMITH"},{"floor":30,"key":"REST"},{"floor":35,"key":"RECALL"},{"floor":46,"key":"REST"},{"floor":54,"key":"REST"}],"circlet_count":0,"master_deck":["theMarked:Strike+1","theMarked:Strike+1","theMarked:Defend","theMarked:Defend","theMarked:Defend","theMarked:SoldierOfQuellstein+1","theMarked:Panic","theMarked:ComboAttacks","theMarked:Electrocute+1","theMarked:Aftermath+1","theMarked:TwofoldDefense+1","theMarked:TakeOffHeels","theMarked:Abjuration+1","theMarked:Overcharge","theMarked:Electrocute+1","theMarked:PowerFlow","theMarked:BindingBlade+1","expansioncontent:Chronoboost+1","theMarked:EmpowerWeapon+1","theMarked:EmpowerWeapon+1","theMarked:RogueSparks+1","theMarked:EnhanceMovement+1"],"relics":["theMarked:ArtifactOfAir","hubris:Icosahedron","Juzu Bracelet","downfall:HeartBlessingBlue","Sozu","Happy Flower","Frozen Egg 2","Mercury Hourglass","downfall:HeartBlessingGreen","Fusion Hammer","Whetstone","Meat on the Bone","downfall:HeartBlessingRed","theMarked:Winder","Gremlin Horn","Thread and Needle"],"acts_visited":["Exordium","TheCity","TheBeyond","TheEnding"],"potions_floor_usage":[11,16,16,16,16,28],"damage_taken":[{"damage":1,"enemies":"Cultist","floor":2,"turns":3},{"damage":0,"enemies":"Small Slimes","floor":3,"turns":3},{"damage":0,"enemies":"2 Louse","floor":4,"turns":1},{"damage":9,"enemies":"Exordium Wildlife","floor":8,"turns":4},{"damage":8,"enemies":"Lagavulin","floor":9,"turns":6},{"damage":0,"enemies":"Gremlin Gang","floor":11,"turns":5},{"damage":2,"enemies":"Blue Slaver","floor":12,"turns":3},{"damage":0,"enemies":"downfall:FleeingMerchant","floor":14,"turns":4},{"damage":2,"enemies":"Large Slime","floor":15,"turns":7},{"damage":90,"enemies":"IC_STATUS_ARCHETYPE","floor":16,"turns":16},{"damage":0,"enemies":"Chosen","floor":19,"turns":1},{"damage":4,"enemies":"3 Byrds","floor":21,"turns":6},{"damage":0,"enemies":"downfall:FleeingMerchant","floor":22,"turns":4},{"damage":7,"enemies":"Centurion and Healer","floor":23,"turns":6},{"damage":0,"enemies":"Chosen and Byrds","floor":26,"turns":3},{"damage":8,"enemies":"Sentry and Sphere","floor":27,"turns":4},{"damage":57,"enemies":"Slavers","floor":28,"turns":7},{"damage":0,"enemies":"Snake Plant","floor":29,"turns":3},{"damage":6,"enemies":"Shelled Parasite and Fungi","floor":31,"turns":3},{"damage":0,"enemies":"Snecko","floor":32,"turns":4},{"damage":20,"enemies":"DF_ARCHETYPE_CLAW","floor":33,"turns":6},{"damage":6,"enemies":"3 Darklings","floor":37,"turns":5},{"damage":34,"enemies":"3 Darklings","floor":39,"turns":6},{"damage":8,"enemies":"Orb Walker","floor":42,"turns":4},{"damage":14,"enemies":"downfall:FleeingMerchant","floor":45,"turns":4},{"damage":0,"enemies":"downfall:FleeingMerchant","floor":47,"turns":1},{"damage":6,"enemies":"Sphere and 2 Shapes","floor":49,"turns":3},{"damage":6,"enemies":"SI_POISON_ARCHETYPE","floor":50,"turns":7},{"damage":81,"enemies":"downfall:CharBossMerchant","floor":52,"turns":8},{"damage":45,"enemies":"downfall:NeowBoss","floor":55,"turns":7}],"seed_played":"-3573078110054648371","potions_obtained":[{"floor":8,"key":"Fire Potion"},{"floor":11,"key":"Fire Potion"},{"floor":12,"key":"bronze:BurnAndBuffPotion"},{"floor":15,"key":"EntropicBrew"}],"is_trial":false,"path_per_floor":["R","M","M","M","?","?","T","M","E","?","M","M","R","$","M","B",null,"R","M","?","M","$","M","T","R","M","M","E","M","R","M","M","B",null,"R","?","M","?","?","?","T","M","?","?","$","R","$","?","M","B",null,"E","$","R","B"],"character_chosen":"THE_DEFAULT","items_purchased":["Happy Flower","theMarked:Winder","Gremlin Horn"],"campfire_rested":3,"item_purchase_floors":[22,47,47],"current_hp_per_floor":[72,71,71,71,71,71,71,62,54,59,59,57,67,67,65,14,87,87,87,87,83,83,76,76,76,76,68,11,11,37,31,31,11,87,87,87,81,81,47,47,47,51,51,43,41,67,67,67,61,55,87,18,18,44,0,0],"gold":112,"neow_bonus":"TRANSFORM_CARD","is_daily":false,"chose_seed":false,"campfire_upgraded":4,"win_rate":0.0,"timestamp":1614252583,"path_taken":["R","M","M","?","?","?","T","M","E","?","M","M","R","$","M","BOSS","R","M","?","M","$","M","T","R","M","M","E","M","R","M","M","BOSS","R","?","M","?","?","?","T","M","?","?","$","R","$","?","M","BOSS","E","$","R","BOSS"],"items_purchased_type":["Relic","Relic","Relic"],"build_version":"2020-12-22","purchased_purges":2,"victory":false,"max_hp_per_floor":[72,72,72,72,72,72,72,72,72,77,77,77,87,87,87,87,87,87,87,87,87,87,87,87,87,87,87,87,87,87,87,87,87,87,87,87,87,87,87,87,87,87,87,87,87,87,87,87,87,87,87,87,87,87,87,87],"card_choices":[{"not_picked":["theMarked:EmpowerWeapon","theMarked:ShockingTouch"],"picked":"theMarked:ComboAttacks","floor":2},{"not_picked":["theMarked:Maelstrom","theMarked:Improvise"],"picked":"theMarked:Electrocute","floor":3},{"not_picked":["theMarked:Memento","theMarked:ResourceFulStrike"],"picked":"theMarked:Aftermath","floor":4},{"not_picked":["theMarked:TakeCover","theMarked:Panic"],"picked":"theMarked:TwofoldDefense","floor":8},{"not_picked":["theMarked:Standoff","theMarked:Frustration","theMarked:Parkour"],"picked":"SKIP","floor":9},{"not_picked":["theMarked:ResourceFulStrike","theMarked:ChainLightning","theMarked:Aftermath"],"picked":"SKIP","floor":11},{"not_picked":["theMarked:SwordAndMagic","theMarked:ComboAttacks","theMarked:RepellingDischarge"],"picked":"SKIP","floor":12},{"not_picked":["theMarked:BanishingStrike","theMarked:Indomitable"],"picked":"theMarked:TakeOffHeels","floor":14},{"not_picked":["theMarked:Improvise","theMarked:WastefulAttack","theMarked:Parkour"],"picked":"SKIP","floor":15},{"not_picked":["theMarked:Levitate","theMarked:BindingBlade"],"picked":"theMarked:Abjuration","floor":16},{"not_picked":["theMarked:ChainLightning","theMarked:Parry","theMarked:WastefulAttack"],"picked":"SKIP","floor":19},{"not_picked":["theMarked:WardOff","theMarked:HeightenedSenses","theMarked:ChainLightning"],"picked":"SKIP","floor":21},{"not_picked":["theMarked:WardOff","theMarked:TwofoldDefense"],"picked":"theMarked:Overcharge","floor":22},{"not_picked":["theMarked:TwofoldDefense+1","theMarked:HeightenedSenses"],"picked":"theMarked:Electrocute","floor":23},{"not_picked":["theMarked:TakeCover","theMarked:Standoff+1","theMarked:Frustration"],"picked":"SKIP","floor":26},{"not_picked":["theMarked:RepellingDischarge","theMarked:FavorableWinds","theMarked:HeightenedSenses+1"],"picked":"SKIP","floor":27},{"not_picked":["theMarked:ResourceFulStrike","theMarked:Indomitable","theMarked:EmpowerWeapon"],"picked":"SKIP","floor":28},{"not_picked":["theMarked:EnhanceMovement+1","theMarked:SelfDefenseTraining+1"],"picked":"theMarked:PowerFlow","floor":29},{"not_picked":["theMarked:ElectricStrings","theMarked:BanishingWave","theMarked:Frustration"],"picked":"SKIP","floor":31},{"not_picked":["theMarked:TwofoldDefense","theMarked:ResourceFulStrike+1","theMarked:Parry+1"],"picked":"SKIP","floor":32},{"not_picked":["theMarked:Challenge","theMarked:Abjuration"],"picked":"theMarked:BindingBlade","floor":33},{"not_picked":["theMarked:ContemptForTheProud+1","theMarked:Parkour+1","theMarked:Standoff+1"],"picked":"SKIP","floor":37},{"not_picked":["expansioncontent:LastStand","expansioncontent:HyperBeam"],"picked":"expansioncontent:Chronoboost","floor":38},{"not_picked":["theMarked:ElectricStrings+1","theMarked:EnhanceMovement"],"picked":"theMarked:EmpowerWeapon+1","floor":39},{"not_picked":["theMarked:TakeCover+1","theMarked:Improvise+1"],"picked":"theMarked:EmpowerWeapon+1","floor":42},{"not_picked":["theMarked:HeightenedSenses+1","theMarked:ResourceFulStrike"],"picked":"theMarked:RogueSparks+1","floor":45},{"not_picked":["theMarked:CreepingChasm","theMarked:Abjuration","theMarked:AttractMetal+1"],"picked":"SKIP","floor":47},{"not_picked":["theMarked:EmpowerWeapon","theMarked:CreepingChasm","theMarked:TwofoldDefense+1"],"picked":"SKIP","floor":49},{"not_picked":["theMarked:Indomitable","theMarked:ResourceFulStrike+1"],"picked":"theMarked:EnhanceMovement+1","floor":52}],"player_experience":1426635,"relics_obtained":[{"floor":9,"key":"Juzu Bracelet"},{"floor":24,"key":"Frozen Egg 2"},{"floor":28,"key":"Mercury Hourglass"},{"floor":40,"key":"Whetstone"},{"floor":41,"key":"Meat on the Bone"},{"floor":52,"key":"Thread and Needle"}],"event_choices":[{"damage_healed":0,"gold_gain":0,"player_choice":"Donut","damage_taken":0,"max_hp_gain":5,"max_hp_loss":0,"event_name":"Big Fish","floor":10,"gold_loss":0}],"is_beta":false,"boss_relics":[{"not_picked":["jesterMod:MachoBrace","hubris:RunicObelisk"],"picked":"Sozu"},{"not_picked":["hubris:ScarierMask","Coffee Dripper"],"picked":"Fusion Hammer"}],"items_purged_floors":[14,22],"is_endless":false,"potions_floor_spawned":[8,11,12,15,23,27,28,29,31,33,37,49],"killed_by":"downfall:NeowBoss","ascension_level":0}}