{"host":"k9djwzw02bmhn5cl","time":1614261214,"event":{"mods":["AchievementEnabler","BaseMod","Colored Map","Colored Powertips","Highlight Path","Minty Spire (QoL Compilation)","Quick Restart","Rare Cards Sparkle","StSLib"],"gold_per_floor":[114,114,114,128,128,128,154,154,154,217,231,248,14,34,34,34,34],"floor_reached":16,"language":"JPN","playtime":464,"items_purged":[],"score":125,"play_id":"8e275142-534d-482d-bab6-cee04037aaf8","local_time":"20210225225334","is_ascension_mode":false,"campfire_choices":[{"data":"Wild Strike","floor":6,"key":"SMITH"},{"data":"Bloodletting","floor":8,"key":"SMITH"},{"data":"Infernal Blade","floor":15,"key":"SMITH"}],"circlet_count":0,"master_deck":["Strike_R","Strike_R","Strike_R","Strike_R","Strike_R","Defend_R+1","Defend_R","Defend_R","Defend_R","Bash+1","Wild Strike+1","Infernal Blade+1","Bloodletting+1","Twin Strike","Warcry","Infernal Blade+1","Wild Strike","Impervious","Bloodletting"],"relics":["Burning Blood","NeowsBlessing","Matryoshka","Tiny Chest","Pear","Art of War"],"acts_visited":["Exordium"],"potions_floor_usage":[16],"damage_taken":[{"damage":0,"enemies":"Jaw Worm","floor":1,"turns":1},{"damage":0,"enemies":"Small Slimes","floor":4,"turns":1},{"damage":0,"enemies":"Gremlin Nob","floor":7,"turns":1},{"damage":2,"enemies":"2 Louse","floor":11,"turns":2},{"damage":18,"enemies":"Exordium Wildlife","floor":12,"turns":3},{"damage":3,"enemies":"Large Slime","floor":14,"turns":3},{"damage":72,"enemies":"Hexaghost","floor":16,"turns":9}],"seed_played":"-3543681758134822014","potions_obtained":[{"floor":4,"key":"FearPotion"},{"floor":12,"key":"Energy Potion"}],"is_trial":false,"path_per_floor":["M","?","?","M","?","R","E","R","T","?","M","M","$","M","R","B"],"character_chosen":"IRONCLAD","items_purchased":["Infernal Blade","Wild Strike","Impervious"],"campfire_rested":0,"item_purchase_floors":[13,13,13],"current_hp_per_floor":[80,64,52,58,58,58,64,64,74,74,78,66,66,69,69,0,0],"gold":34,"neow_bonus":"THREE_ENEMY_KILL","is_daily":false,"chose_seed":false,"campfire_upgraded":3,"win_rate":0.0,"timestamp":1614261214,"path_taken":["M","?","?","M","?","R","E","R","T","?","M","M","$","M","R","BOSS"],"items_purchased_type":["Card","Card","Card"],"build_version":"2020-12-22","purchased_purges":0,"victory":false,"max_hp_per_floor":[80,80,80,80,80,80,80,80,90,90,90,90,90,90,90,90,90],"card_choices":[{"not_picked":["Iron Wave","Burning Pact"],"picked":"Wild Strike","floor":1},{"not_picked":["Thunderclap","Shrug It Off"],"picked":"Infernal Blade","floor":4},{"not_picked":["Whirlwind","Sever Soul"],"picked":"Bloodletting","floor":7},{"not_picked":["Clothesline","Feel No Pain"],"picked":"Twin Strike","floor":11},{"not_picked":["Clothesline","Bloodletting"],"picked":"Warcry","floor":12},{"not_picked":["Iron Wave","Sentinel"],"picked":"Bloodletting","floor":14}],"player_experience":298064,"relics_obtained":[{"floor":7,"key":"Tiny Chest"},{"floor":9,"key":"Pear"},{"floor":9,"key":"Art of War"}],"event_choices":[{"damage_healed":0,"gold_gain":0,"player_choice":"Entered Light","damage_taken":16,"max_hp_gain":0,"max_hp_loss":0,"event_name":"Shining Light","floor":2,"gold_loss":0,"cards_upgraded":["Bash","Defend_R"]},{"damage_healed":0,"gold_gain":0,"player_choice":"Success","damage_taken":12,"relics_obtained":["Matryoshka"],"max_hp_gain":0,"max_hp_loss":0,"event_name":"Scrap Ooze","floor":3,"gold_loss":0},{"damage_healed":0,"gold_gain":0,"player_choice":"Grow","damage_taken":0,"max_hp_gain":0,"max_hp_loss":0,"event_name":"Living Wall","floor":5,"gold_loss":0,"cards_upgraded":["Infernal Blade"]},{"damage_healed":0,"gold_gain":63,"player_choice":"Gained Gold","damage_taken":0,"max_hp_gain":0,"max_hp_loss":0,"event_name":"Golden Wing","floor":10,"gold_loss":0}],"is_beta":false,"boss_relics":[],"items_purged_floors":[],"is_endless":false,"potions_floor_spawned":[4,12],"killed_by":"Hexaghost","ascension_level":0}}