{"host":"mithrandi","time":1614273406,"event":{"mods":["BaseMod","Colored Map","Highlight Path","Minty Spire (QoL Compilation)","SuperFastMode"],"gold_per_floor":[117,131,144,49,65,96,96,124,151,14,79,79,79,79,79],"floor_reached":14,"language":"ENG","playtime":5255,"items_purged":[],"score":196,"play_id":"cadf15e3-6ac8-4176-a7f8-083e6f54dc2e","local_time":"20210225191646","is_ascension_mode":true,"campfire_choices":[{"floor":7.0,"key":"REST"},{"floor":13.0,"key":"REST"}],"circlet_count":0,"master_deck":["AscendersBane","Strike_B","Strike_B","Strike_B","Strike_B","Defend_B","Defend_B","Defend_B","Defend_B","Zap+1","Dualcast","Conserve Battery","Doom and Gloom","Static Discharge+1","Streamline","Conserve Battery","White Noise","Ball Lightning","Capacitor","Barrage","Coolheaded"],"relics":["Cracked Core","Toy Ornithopter","MealTicket","Akabeko","Vajra"],"acts_visited":["Exordium"],"potions_floor_usage":[],"damage_taken":[{"damage":12.0,"enemies":"2 Louse","floor":1.0,"turns":3.0},{"damage":2.0,"enemies":"Small Slimes","floor":2.0,"turns":4.0},{"damage":0.0,"enemies":"Cultist","floor":3.0,"turns":3.0},{"damage":3.0,"enemies":"2 Fungi Beasts","floor":5.0,"turns":3.0},{"damage":45.0,"enemies":"Gremlin Nob","floor":6.0,"turns":4.0},{"damage":8.0,"enemies":"Lagavulin","floor":8.0,"turns":5.0},{"damage":32.0,"enemies":"Gremlin Nob","floor":11.0,"turns":4.0},{"damage":36,"enemies":"Gremlin Nob","floor":14,"turns":3}],"seed_played":"5000817941400623329","potions_obtained":[{"floor":2.0,"key":"DistilledChaos"},{"floor":3.0,"key":"EssenceOfDarkness"}],"is_trial":false,"path_per_floor":["M","M","M","$","M","E","R","E","T","$","?","?","R","E"],"character_chosen":"DEFECT","items_purchased":["Static Discharge","Streamline","Capacitor","Barrage"],"campfire_rested":2,"item_purchase_floors":[4,4,10,10],"current_hp_per_floor":[52,50,50,50,47,2,23,20,20,35,3,3,24,0,0],"gold":79,"neow_bonus":"UPGRADE_CARD","is_daily":false,"chose_seed":false,"campfire_upgraded":0,"win_rate":0.0,"timestamp":1614273406,"path_taken":["M","M","M","$","M","E","R","E","T","$","?","?","R","E"],"items_purchased_type":["Card","Card","Card","Card"],"build_version":"2020-12-18","purchased_purges":0,"victory":false,"max_hp_per_floor":[71,71,71,71,71,71,71,71,71,71,71,71,71,71,71],"card_choices":[{"not_picked":["Cold Snap","Redo"],"picked":"Conserve Battery","floor":1.0},{"not_picked":["Force Field","Heatsinks"],"picked":"Doom and Gloom","floor":2.0},{"not_picked":["Beam Cell","Skim","Steam"],"picked":"SKIP","floor":3.0},{"not_picked":["Heatsinks","Turbo"],"picked":"Conserve Battery","floor":5.0},{"not_picked":["Blizzard","Chaos"],"picked":"White Noise","floor":6.0},{"not_picked":["Gash","Seek"],"picked":"Ball Lightning","floor":8.0},{"not_picked":["Tempest","Beam Cell"],"picked":"Coolheaded","floor":11.0}],"player_experience":3126394,"relics_obtained":[{"floor":6.0,"key":"Toy Ornithopter"},{"floor":8.0,"key":"MealTicket"},{"floor":9.0,"key":"Akabeko"}],"event_choices":[{"damage_healed":0.0,"max_hp_gain":0.0,"max_hp_loss":0.0,"gold_gain":0.0,"event_name":"Dead Adventurer","player_choice":"Searched \u00272\u0027 times","floor":11.0,"gold_loss":0.0,"damage_taken":0.0,"relics_obtained":["Vajra"]},{"damage_healed":0.0,"max_hp_gain":0.0,"max_hp_loss":0.0,"gold_gain":0.0,"event_name":"Accursed Blacksmith","player_choice":"Forge","floor":12.0,"gold_loss":0.0,"damage_taken":0.0,"cards_upgraded":["Static Discharge"]}],"is_beta":true,"boss_relics":[],"items_purged_floors":[],"is_endless":false,"potions_floor_spawned":[2,3,5],"killed_by":"Gremlin Nob","ascension_level":20}}