{"host":"qfskrnw3pl1q86j0","time":1614271433,"event":{"mods":["BaseMod","Block Reminder","Hermit","Marisa????????","Minty Spire (QoL Compilation)","Quick Restart","Random Character Button","Relic Stats","StSLib","The Poker Player","slay the spire mod where everything is the same but ironclad has a cowboy hat"],"gold_per_floor":[112,112,128,145,95,95,120,130,175,175,202,202,232,260,260,371,371,388,388,405,423,522,522,155,191,191,191,211,211,211,235,235,342,342,366,379,279,279,304,304,304,46,69,116,116,128,138,170,170,170],"floor_reached":51,"language":"ENG","playtime":1635,"items_purged":["Strike_G","Defend_G","Strike_G"],"score":820,"play_id":"5bfbee16-dac7-45dc-a0d2-09cec70e2d34","local_time":"20210225174353","is_ascension_mode":false,"campfire_choices":[{"data":"Neutralize","floor":6.0,"key":"SMITH"},{"data":"A Thousand Cuts","floor":10.0,"key":"SMITH"},{"data":"Infinite Blades","floor":15.0,"key":"SMITH"},{"data":"Doppelganger","floor":23.0,"key":"SMITH"},{"data":"Cloak And Dagger","floor":27.0,"key":"SMITH"},{"data":"Accuracy","floor":30.0,"key":"SMITH"},{"data":"Escape Plan","floor":32.0,"key":"SMITH"},{"data":"Endless Agony","floor":40.0,"key":"SMITH"},{"data":"Doppelganger","floor":45,"key":"SMITH"},{"data":"Finesse","floor":49,"key":"SMITH"}],"circlet_count":0,"master_deck":["Strike_G","Defend_G","Defend_G","Defend_G","Defend_G","Survivor","Neutralize+1","A Thousand Cuts+1","Endless Agony+1","Blade Dance","PiercingWail","Blade Dance","Bullet Time","Blade Dance","Accuracy+1","Infinite Blades+1","Doppelganger+1","Cloak And Dagger+1","Escape Plan+1","Doppelganger+1","Finisher+1","Cloak And Dagger+1","Finesse+1"],"relics":["Ring of the Snake","Pear","CeramicFish","Anchor","Odd Mushroom","Sozu","Chemical X","Omamori","Vajra","FossilizedHelix","Juzu Bracelet","WristBlade","Membership Card","MealTicket","CatCart","Mercury Hourglass"],"acts_visited":["Exordium","TheCity","TheBeyond"],"potions_floor_usage":[50,50],"damage_taken":[{"damage":0.0,"enemies":"Small Slimes","floor":1.0,"turns":3.0},{"damage":0.0,"enemies":"Cultist","floor":3.0,"turns":3.0},{"damage":1.0,"enemies":"Jaw Worm","floor":4.0,"turns":4.0},{"damage":26.0,"enemies":"3 Sentries","floor":7.0,"turns":6.0},{"damage":0.0,"enemies":"3 Louse","floor":8.0,"turns":2.0},{"damage":8.0,"enemies":"The Mushroom Lair","floor":13.0,"turns":4.0},{"damage":0.0,"enemies":"Large Slime","floor":14.0,"turns":2.0},{"damage":20.0,"enemies":"The Guardian","floor":16.0,"turns":8.0},{"damage":0.0,"enemies":"Chosen","floor":18.0,"turns":4.0},{"damage":0.0,"enemies":"3 Byrds","floor":20.0,"turns":4.0},{"damage":21.0,"enemies":"Cultist and Chosen","floor":21.0,"turns":5.0},{"damage":0.0,"enemies":"Gremlin Leader","floor":25.0,"turns":4.0},{"damage":0.0,"enemies":"Centurion and Healer","floor":28.0,"turns":3.0},{"damage":7.0,"enemies":"Snake Plant","floor":31.0,"turns":3.0},{"damage":0.0,"enemies":"Collector","floor":33.0,"turns":6.0},{"damage":0.0,"enemies":"3 Darklings","floor":35.0,"turns":3.0},{"damage":0.0,"enemies":"3 Shapes","floor":36.0,"turns":4.0},{"damage":0.0,"enemies":"Transient","floor":39.0,"turns":5.0},{"damage":0,"enemies":"Orin","floor":44,"turns":5},{"damage":0,"enemies":"Sphere and 2 Shapes","floor":46,"turns":2},{"damage":0,"enemies":"Jaw Worm Horde","floor":47,"turns":2},{"damage":0,"enemies":"Nemesis","floor":48,"turns":3},{"damage":10,"enemies":"Awakened One","floor":50,"turns":6}],"seed_played":"8209705923645560427","potions_obtained":[{"floor":3.0,"key":"CultistPotion"},{"floor":4.0,"key":"Swift Potion"},{"floor":13.0,"key":"LiquidBronze"},{"floor":14.0,"key":"Energy Potion"},{"floor":16.0,"key":"BlessingOfTheForge"}],"is_trial":false,"path_per_floor":["M","?","M","M","?","R","E","M","T","R","T","?","?","M","R","B",null,"M","?","M","M","?","R","$","E","T","R","M","T","R","M","R","B",null,"M","M","$","?","M","R","?","$","T","?","R","M","M","E","R","B",null],"character_chosen":"THE_SILENT","items_purchased":["Chemical X","Omamori","Membership Card","Finesse"],"campfire_rested":0,"item_purchase_floors":[24,24,42,42],"current_hp_per_floor":[70,70,70,69,69,69,53,53,53,53,53,46,38,38,38,18,80,80,80,80,59,59,59,59,59,59,59,59,59,59,52,52,52,80,80,80,80,80,80,80,80,80,80,80,80,80,80,80,80,70],"gold":170,"neow_bonus":"ONE_RANDOM_RARE_CARD","is_daily":false,"chose_seed":false,"campfire_upgraded":10,"win_rate":0.0,"timestamp":1614271433,"path_taken":["M","?","?","M","?","R","E","M","T","R","?","?","?","M","R","BOSS","M","?","M","?","?","R","$","E","T","R","M","?","R","M","R","BOSS","M","M","$","?","M","R","?","?","T","?","R","M","M","E","R","BOSS"],"items_purchased_type":["Relic","Relic","Relic","Card"],"build_version":"2020-12-22","purchased_purges":3,"victory":true,"max_hp_per_floor":[70,70,70,70,70,70,80,80,80,80,80,80,80,80,80,80,80,80,80,80,80,80,80,80,80,80,80,80,80,80,80,80,80,80,80,80,80,80,80,80,80,80,80,80,80,80,80,80,80,80],"relic_stats":{"Sozu":5,"counters":[23,91],"CeramicFish":81,"MealTicket":0,"Juzu Bracelet":1,"Chemical X":[16],"obtain_stats":[{"Pear":7,"CeramicFish":9,"Vajra":25,"Omamori":24,"Juzu Bracelet":29,"Odd Mushroom":13,"Mercury Hourglass":48,"Sozu":17,"Anchor":11,"WristBlade":34,"MealTicket":43,"Chemical X":24,"Membership Card":42,"CatCart":44,"FossilizedHelix":26,"Ring of the Snake":0},{"Pear":4,"CeramicFish":5,"Vajra":12,"Omamori":11,"Juzu Bracelet":13,"Odd Mushroom":6,"Mercury Hourglass":22,"Sozu":8,"Anchor":5,"WristBlade":15,"MealTicket":18,"Chemical X":11,"Membership Card":18,"CatCart":19,"FossilizedHelix":12,"Ring of the Snake":0},{"Pear":16,"CeramicFish":18,"Vajra":49,"Omamori":45,"Juzu Bracelet":52,"Odd Mushroom":22,"Mercury Hourglass":85,"Sozu":32,"Anchor":18,"WristBlade":61,"MealTicket":73,"Chemical X":45,"Membership Card":73,"CatCart":78,"FossilizedHelix":49,"Ring of the Snake":0}],"Ring of the Snake":[52],"Mercury Hourglass":[27]},"card_choices":[{"not_picked":["Dodge and Roll","Slice"],"picked":"Endless Agony","floor":1.0},{"not_picked":["Poisoned Stab","Acrobatics"],"picked":"PiercingWail","floor":3.0},{"not_picked":["Predator","Dash"],"picked":"Blade Dance","floor":4.0},{"not_picked":["Unload","Prepared"],"picked":"Bullet Time","floor":7.0},{"not_picked":["Dagger Spray","Dash"],"picked":"Blade Dance","floor":8.0},{"not_picked":["Underhanded Strike","Acrobatics"],"picked":"Accuracy","floor":13.0},{"not_picked":["Deadly Poison","Dagger Spray"],"picked":"Infinite Blades","floor":14.0},{"not_picked":["Wraith Form v2","Unload"],"picked":"Doppelganger","floor":16.0},{"not_picked":["All Out Attack","Reflex","Tactician"],"picked":"SKIP","floor":18.0},{"not_picked":["Backstab+1","Underhanded Strike","Sucker Punch"],"picked":"SKIP","floor":20.0},{"not_picked":["Flying Knee","Slice+1","Crippling Poison"],"picked":"SKIP","floor":21.0},{"not_picked":["Eviscerate","Terror"],"picked":"Cloak And Dagger","floor":25.0},{"not_picked":["Quick Slash+1","Well Laid Plans+1","Prepared"],"picked":"SKIP","floor":28.0},{"not_picked":["Flying Knee","Predator"],"picked":"Escape Plan","floor":31.0},{"not_picked":["Wraith Form v2","Tools of the Trade"],"picked":"Doppelganger","floor":33.0},{"not_picked":["Backflip","Slice+1"],"picked":"Finisher","floor":35.0},{"not_picked":["Setup+1","Deadly Poison","Calculated Gamble+1"],"picked":"SKIP","floor":36.0},{"not_picked":["Prepared+1","Caltrops"],"picked":"Cloak And Dagger+1","floor":39.0},{"not_picked":["Dagger Throw+1","Infinite Blades+1","Tools of the Trade"],"picked":"SKIP","floor":46},{"not_picked":["Poisoned Stab","Backflip+1","PiercingWail"],"picked":"SKIP","floor":47},{"not_picked":["Caltrops+1","Setup","Predator"],"picked":"SKIP","floor":48}],"player_experience":1115563,"relics_obtained":[{"floor":7.0,"key":"Pear"},{"floor":9.0,"key":"CeramicFish"},{"floor":11.0,"key":"Anchor"},{"floor":13.0,"key":"Odd Mushroom"},{"floor":25.0,"key":"Vajra"},{"floor":26.0,"key":"FossilizedHelix"},{"floor":29.0,"key":"Juzu Bracelet"},{"floor":43.0,"key":"MealTicket"},{"floor":44,"key":"CatCart"},{"floor":48,"key":"Mercury Hourglass"}],"event_choices":[{"damage_healed":0.0,"max_hp_gain":0.0,"max_hp_loss":0.0,"gold_gain":0.0,"event_name":"Match and Keep!","player_choice":"1 cards matched","floor":2.0,"gold_loss":0.0,"damage_taken":0.0,"cards_obtained":["Blade Dance"]},{"cards_removed":["Strike_G"],"damage_healed":0.0,"max_hp_gain":0.0,"max_hp_loss":0.0,"gold_gain":0.0,"event_name":"The Cleric","player_choice":"Card Removal","floor":5.0,"gold_loss":50.0,"damage_taken":0.0},{"cards_removed":["Strike_G"],"damage_healed":0.0,"max_hp_gain":0.0,"max_hp_loss":0.0,"gold_gain":0.0,"event_name":"Golden Wing","player_choice":"Card Removal","floor":12.0,"gold_loss":0.0,"damage_taken":7.0},{"damage_healed":0.0,"max_hp_gain":0.0,"max_hp_loss":0.0,"gold_gain":0.0,"event_name":"Mushrooms","player_choice":"Fought Mushrooms","floor":13.0,"gold_loss":0.0,"damage_taken":0.0},{"damage_healed":0.0,"max_hp_gain":0.0,"max_hp_loss":0.0,"gold_gain":0.0,"event_name":"Match and Keep!","player_choice":"0 cards matched","floor":19.0,"gold_loss":0.0,"damage_taken":0.0,"cards_obtained":[]},{"damage_healed":0.0,"max_hp_gain":0.0,"max_hp_loss":0.0,"gold_gain":99.0,"event_name":"Nest","player_choice":"Stole From Cult","floor":22.0,"gold_loss":0.0,"damage_taken":0.0},{"damage_healed":0.0,"max_hp_gain":0.0,"max_hp_loss":0.0,"gold_gain":0.0,"event_name":"Upgrade Shrine","player_choice":"Upgraded","floor":38.0,"gold_loss":0.0,"damage_taken":0.0,"cards_upgraded":["Finisher"]},{"damage_healed":0.0,"max_hp_gain":0.0,"max_hp_loss":0.0,"gold_gain":0.0,"event_name":"The Woman in Blue","player_choice":"Bought 0 Potions","floor":41.0,"gold_loss":0.0,"damage_taken":0.0},{"damage_healed":0,"gold_gain":0,"player_choice":"Fight","damage_taken":0,"max_hp_gain":0,"max_hp_loss":0,"event_name":"OrinTheCat","floor":44,"gold_loss":0}],"is_beta":false,"boss_relics":[{"not_picked":["Philosopher\u0027s Stone","Fusion Hammer"],"picked":"Sozu"},{"not_picked":["Astrolabe","Coffee Dripper"],"picked":"WristBlade"}],"items_purged_floors":[24,37,42],"is_endless":false,"potions_floor_spawned":[3,4,13,14,16,18,21,35,44,46],"ascension_level":0}}