{"host":"eedodlo27pfhzv3w","time":1614246534,"event":{"mods":["BaseMod","Colored Map","Downfall","Minty Spire (QoL Compilation)","StSLib"],"gold_per_floor":[99,115,290,303,319,319,344,244,260,260,260,285,304,255,269,371,371,371,371,471,402,413,433,433,433,127,145,145,145,145],"floor_reached":28,"language":"ENG","playtime":1345,"items_purged":[],"score":208,"play_id":"1251136b-dd9e-436c-9823-2e6be336b1da","local_time":"20210225104854","is_ascension_mode":false,"campfire_choices":[{"floor":1.0,"key":"RECALL"},{"data":"bronze:Constructor","floor":8.0,"key":"SMITH"},{"floor":11.0,"key":"REST"},{"floor":18.0,"key":"REST"}],"circlet_count":0,"master_deck":["bronze:Strike","bronze:Strike","bronze:Strike","bronze:Defend","bronze:Defend","bronze:Defend","bronze:Defend","bronze:Replicate","bronze:Goto","bronze:CloningBeam","bronze:OilSpill","bronze:Constructor+1","bronze:InfiniteBeams","bronze:FollowUp","bronze:DelayedGuard","bronze:Deprecate","bronze:ChildClass","bronze:WhirlingStrike","bronze:Verify","bronze:Frontload","bronze:Invalidate+1","bronze:Philosophize+1","bronze:BuggyMess","bronze:BugBarrage","bronze:Branch","bronze:Frontload","bronze:Shield"],"relics":["bronze:BronzeCore","Smiling Mask","NlothsMask","downfall:HeartBlessingRed","Odd Mushroom","Fusion Hammer","MutagenicStrength","Membership Card","Dead Branch"],"acts_visited":["Exordium","TheCity"],"potions_floor_usage":[26,27,27],"damage_taken":[{"damage":0.0,"enemies":"Small Slimes","floor":2.0,"turns":2.0},{"damage":6.0,"enemies":"2 Louse","floor":4.0,"turns":4.0},{"damage":6.0,"enemies":"Cultist","floor":5.0,"turns":3.0},{"damage":5.0,"enemies":"downfall:LooterAlt","floor":9.0,"turns":3.0},{"damage":17.0,"enemies":"The Mushroom Lair","floor":12.0,"turns":3.0},{"damage":7.0,"enemies":"Blue Slaver","floor":13.0,"turns":4.0},{"damage":2.0,"enemies":"downfall:FleeingMerchant","floor":14.0,"turns":4.0},{"damage":3.0,"enemies":"3 Louse","floor":15.0,"turns":3.0},{"damage":18.0,"enemies":"DF_ARCHETYPE_STREAMLINE","floor":16.0,"turns":7.0},{"damage":26.0,"enemies":"downfall:Augmenter","floor":20.0,"turns":5.0},{"damage":5.0,"enemies":"downfall:FleeingMerchant","floor":21.0,"turns":4.0},{"damage":10.0,"enemies":"Spheric Guardian","floor":22.0,"turns":4.0},{"damage":5,"enemies":"Chosen","floor":23,"turns":4},{"damage":20,"enemies":"downfall:FleeingMerchant","floor":26,"turns":4},{"damage":0,"enemies":"3 Cultists","floor":27,"turns":5},{"damage":11,"enemies":"Snecko","floor":28,"turns":3}],"seed_played":"6360262957660322092","potions_obtained":[{"floor":2.0,"key":"bronze:BurnAndBuffPotion"},{"floor":9.0,"key":"hexamod:SoulburnPotion"},{"floor":15.0,"key":"ColorlessPotion"},{"floor":20.0,"key":"DuplicationPotion"},{"floor":22,"key":"Guardian:BlockOnCardUsePotion"},{"floor":23,"key":"BlessingOfTheForge"}],"is_trial":false,"path_per_floor":["R","M","?","M","M","?","T","R","M","?","R","?","M","$","M","B",null,"R","?","?","$","M","M","T","?","$","M","M"],"character_chosen":"THE_AUTOMATON","items_purchased":["bronze:ChildClass","bronze:BuggyMess","Membership Card","Dead Branch"],"campfire_rested":2,"item_purchase_floors":[14,21,26,26],"current_hp_per_floor":[70,70,70,64,58,58,58,58,53,53,70,53,46,44,41,23,70,70,70,44,39,29,24,24,24,4,4,0,0,0],"gold":145,"neow_bonus":"RANDOM_COMMON_RELIC","is_daily":false,"chose_seed":false,"campfire_upgraded":1,"win_rate":0.0,"timestamp":1614246534,"path_taken":["R","M","?","M","M","?","T","R","?","?","R","?","M","?","M","BOSS","R","?","?","?","?","M","T","?","$","M","M"],"items_purchased_type":["Card","Card","Relic","Relic"],"build_version":"2020-12-22","purchased_purges":0,"victory":false,"max_hp_per_floor":[70,70,70,70,70,70,70,70,70,70,70,70,70,70,70,70,70,70,70,70,70,70,70,70,70,70,70,70,70,70],"card_choices":[{"not_picked":["bronze:ForLoop","bronze:ItsAFeature"],"picked":"bronze:CloningBeam","floor":2.0},{"not_picked":["bronze:Separator","bronze:Shield"],"picked":"bronze:OilSpill","floor":4.0},{"not_picked":["bronze:ClassDefault","bronze:Philosophize"],"picked":"bronze:Constructor","floor":5.0},{"not_picked":["bronze:Iterate","bronze:Flail"],"picked":"bronze:InfiniteBeams","floor":9.0},{"not_picked":["bronze:FineTuning","bronze:BronzeOrb"],"picked":"bronze:FollowUp","floor":12.0},{"not_picked":["bronze:OilSpill","bronze:Shield"],"picked":"bronze:DelayedGuard","floor":13.0},{"not_picked":["bronze:Refactor","bronze:ForLoop"],"picked":"bronze:Deprecate","floor":14.0},{"not_picked":["bronze:TinkerersToolbox","bronze:Refactor"],"picked":"bronze:WhirlingStrike","floor":15.0},{"not_picked":["bronze:Library","bronze:SpaghettiCode"],"picked":"bronze:Verify","floor":16.0},{"not_picked":["bronze:WhirlingStrike+1","bronze:Fortify"],"picked":"bronze:Invalidate+1","floor":20.0},{"not_picked":["bronze:DelayedSlice+1","bronze:WildBeam"],"picked":"bronze:Philosophize+1","floor":21.0},{"not_picked":["bronze:Turbo+1","bronze:Frontload"],"picked":"bronze:BugBarrage","floor":22},{"not_picked":["bronze:Virus","bronze:Constructor+1"],"picked":"bronze:Branch","floor":23},{"not_picked":["bronze:DigitalCarnage","bronze:CleanCode"],"picked":"bronze:Frontload","floor":26},{"not_picked":["bronze:DelayedSlice","bronze:Overheat"],"picked":"bronze:Shield","floor":27}],"player_experience":189331,"relics_obtained":[{"floor":12.0,"key":"Odd Mushroom"},{"floor":20.0,"key":"MutagenicStrength"}],"event_choices":[{"damage_healed":0.0,"max_hp_gain":0.0,"max_hp_loss":0.0,"gold_gain":0.0,"event_name":"FaceTrader","player_choice":"Trade","floor":6.0,"gold_loss":0.0,"damage_taken":0.0,"relics_obtained":["NlothsMask"]},{"cards_removed":["Doubt"],"damage_healed":0.0,"max_hp_gain":0.0,"max_hp_loss":0.0,"gold_gain":0.0,"event_name":"Living Wall","player_choice":"Forget","floor":10.0,"gold_loss":0.0,"damage_taken":0.0},{"damage_healed":0.0,"max_hp_gain":0.0,"max_hp_loss":0.0,"gold_gain":0.0,"event_name":"Mushrooms","player_choice":"Fought Mushrooms","floor":12.0,"gold_loss":0.0,"damage_taken":0.0},{"damage_healed":0,"gold_gain":0,"player_choice":"Ignored","damage_taken":0,"max_hp_gain":0,"max_hp_loss":0,"event_name":"Vampires","floor":25,"gold_loss":0}],"is_beta":false,"boss_relics":[{"not_picked":["Philosopher\u0027s Stone","Black Star"],"picked":"Fusion Hammer"}],"items_purged_floors":[],"is_endless":false,"potions_floor_spawned":[2,9,15,20,22,23],"killed_by":"Snecko","ascension_level":0}}