{"host":"sufkhx3gqml4n92r","time":1614239173,"event":{"mods":["ATMod(阿瑾Mod)","Act Like it!","BaseMod","Challenge The Spire","Colored Powertips","Conspire","Friendly Minions","Highlight Path","HumanHunterMod(怪物杀人mod)","KinomotoSakuraMod(木之本樱)","Library of Ruina","Library of Ruina Extra","Minty Spire (QoL Compilation)","MostiFishMod","Pale of the Ancients","Red Circlet Mod","Relic Filter Mod","Relic Stats","Reliquary","Remilia（蕾米莉亚）","Replay The Spire","Shop Mod","Spicy Shops","Spire Birthday Party","StSLib","TestMod","The Alterego","Waifu the Spire","Wide Potions","noobMod","【功能Mod】聪明的最终Boss","【遗物卡牌】REMEMod"],"gold_per_floor":[110,510,126,144,144,176,176,176,176,176,230,230,246,261,261,359,359,359],"floor_reached":18,"language":"ZHS","playtime":956,"items_purged":["Regret"],"score":183,"play_id":"8f9fdc15-af8e-490f-b9a0-8439ca4b6c5d","local_time":"20210225154613","is_ascension_mode":false,"campfire_choices":[{"data":"AT_FamilyPortrait","floor":7,"key":"SMITH"},{"data":"SunsetBlade","floor":12,"key":"SMITH"},{"data":"Unlock1","floor":15,"key":"SMITH"}],"circlet_count":0,"master_deck":["Dodge","LightDefense","LightAttack","LightAttack","LightAttack+1","LightDefense","LightDefense","LightDefense+1","ChargeAndCover","FocusedStrikes","MostiFishMod:DeathFromBelow","AT_FamilyPortrait+1","SunsetBlade+1","Outburst","Standoff","Unlock1+1","RagingStormLove"],"relics":["PageOfLibrarian","ice","REME_ComplimentaryCards","DaveBox","AT_ATBox","testmod-BlackFramedGlasses","Oddly Smooth Stone","AT_ChloranthyRing","Tiny Chest","Quantum Egg","REME_HourglassOfDeath","conspire:TopHat","conspire:RunicOctahedron"],"acts_visited":["Exordium","TheCity"],"potions_floor_usage":[],"damage_taken":[{"damage":4,"enemies":"Cultist","floor":1,"turns":4},{"damage":17,"enemies":"2 Louse","floor":4,"turns":3},{"damage":36,"enemies":"Gremlin Nob","floor":6,"turns":5},{"damage":0,"enemies":"Jaw Worm","floor":13,"turns":4},{"damage":24,"enemies":"Looter","floor":14,"turns":2},{"damage":12,"enemies":"Hexaghost","floor":16,"turns":7}],"seed_played":"1058827836430426693","potions_obtained":[{"floor":4,"key":"Fire Potion"},{"floor":13,"key":"Dexterity Potion"}],"is_trial":false,"path_per_floor":["M","?","$","M","?","E","R","T","T","?","T","R","M","M","R","B",null],"character_chosen":"Librarian","items_purchased":["AT_ChloranthyRing","Tiny Chest"],"campfire_rested":0,"item_purchase_floors":[3,3],"current_hp_per_floor":[59,59,59,45,45,17,17,17,17,1,1,1,72,49,49,44,81,81],"gold":359,"neow_bonus":"RANDOM_EVENT","is_daily":false,"chose_seed":false,"campfire_upgraded":3,"win_rate":0.0,"timestamp":1614239173,"path_taken":["M","?","$","M","?","E","R","?","T","?","?","R","M","M","R","BOSS"],"items_purchased_type":["Relic","Relic"],"build_version":"2020-12-22","purchased_purges":1,"victory":false,"max_hp_per_floor":[63,63,63,63,63,79,79,79,79,79,79,79,72,65,82,81,81,81],"relic_stats":{"counters":[6,25],"Tiny Chest":1,"obtain_stats":[{"AT_ChloranthyRing":3,"AT_ATBox":0,"testmod-TestBox":0,"DaveBox":0,"Quantum Egg":8,"Oddly Smooth Stone":0,"conspire:RunicOctahedron":17,"ice":0,"testmod-BlackFramedGlasses":0,"conspire:TopHat":11,"PageOfLibrarian":0,"REME_HourglassOfDeath":9,"Tiny Chest":3,"REME_ComplimentaryCards":0},{"AT_ChloranthyRing":1,"AT_ATBox":0,"testmod-TestBox":0,"DaveBox":0,"Quantum Egg":3,"Oddly Smooth Stone":0,"conspire:RunicOctahedron":6,"ice":0,"testmod-BlackFramedGlasses":0,"conspire:TopHat":3,"PageOfLibrarian":0,"REME_HourglassOfDeath":3,"Tiny Chest":1,"REME_ComplimentaryCards":0},{"AT_ChloranthyRing":4,"AT_ATBox":0,"testmod-TestBox":0,"DaveBox":0,"Quantum Egg":12,"Oddly Smooth Stone":0,"conspire:RunicOctahedron":25,"ice":0,"testmod-BlackFramedGlasses":0,"conspire:TopHat":12,"PageOfLibrarian":0,"REME_HourglassOfDeath":12,"Tiny Chest":4,"REME_ComplimentaryCards":0}]},"card_choices":[{"not_picked":["Commandeering","BiAn","AutonomousRush","TheRedNotes","GuardingStance","GrazeTheGrass","ClassAndRespect","SinglePointStab"],"picked":"SunsetBlade","floor":1},{"not_picked":["Wallop_lor","EndlessBattle","Slice_lor","BindingChains","Reload","SuppressingShot","EnergyShield","BindingArms"],"picked":"Outburst","floor":4},{"not_picked":["YoureAHindrance","MultiBlock","SharpSwipe","FervidEmotions","FieryDragonSlash","GuardingStance","FeelinGood","HardRehearsal"],"picked":"Standoff","floor":6},{"not_picked":["Parry2","CoordinatedAssault","TendonChords","EmotionalTurbulence","Faith","Struggle","DefenseOrder","FierceCharge"],"picked":"Diversion","floor":13},{"not_picked":["Rewind","GoinFirst","HighKick","ViolentFlame","Parry","CookingPrep","UndertakePrescript","AutonomousRush"],"picked":"Unlock1","floor":14},{"not_picked":["Suppress","EmotionalTurbulence","FleshFillet"],"picked":"RagingStormLove","floor":16}],"player_experience":98441,"relics_obtained":[{"floor":8,"key":"Quantum Egg"},{"floor":9,"key":"REME_HourglassOfDeath"},{"floor":11,"key":"conspire:TopHat"}],"event_choices":[{"damage_healed":0,"gold_gain":0,"player_choice":"Box","damage_taken":0,"relics_obtained":["Oddly Smooth Stone"],"max_hp_gain":0,"max_hp_loss":0,"event_name":"Big Fish","floor":0,"gold_loss":0,"cards_obtained":["Regret"]},{"damage_healed":0,"gold_gain":400,"player_choice":"Sell","damage_taken":0,"max_hp_gain":0,"max_hp_loss":0,"event_name":"恩洛斯的盘子","floor":2,"relics_lost":["testmod-TestBox"],"gold_loss":0},{"damage_healed":0,"gold_gain":0,"player_choice":"Ignored","damage_taken":0,"max_hp_gain":0,"max_hp_loss":0,"event_name":"给自己的盒子","floor":5,"gold_loss":0},{"damage_healed":0,"gold_gain":0,"player_choice":"Entered Light","damage_taken":16,"max_hp_gain":0,"max_hp_loss":0,"event_name":"Shining Light","floor":10,"gold_loss":0,"cards_upgraded":["LightAttack","LightDefense"]}],"is_beta":false,"boss_relics":[{"not_picked":["Sozu","testmod-Prudence"],"picked":"conspire:RunicOctahedron"}],"items_purged_floors":[3],"is_endless":false,"potions_floor_spawned":[4,13],"ascension_level":0}}