{"host":"mconkkfc0dudtfx5","time":1614260312,"event":{"mods":["BaseMod","Highlight Path","Hubris","Marisa£®ÏF”Í°°ƒß¿Ì…≥£©","Minty Spire (QoL Compilation)","Quick Restart","Remilia£®¿Ÿ√◊¿Ú—«£©","Shop Mod","StSLib","The Bug Knight","The Senshi","The Servant 0.9.4","Youmu£®ªÍ∆«—˝√Œ£©","Yuyuko"],"gold_per_floor":[320,26,36,46,57,82,82,82,132,167,186,186,261,292,292,388,388,399,417,436,24,64,97,97,142,142,242,282,294,325,625,625,749,749,761,794,436,436,513,560,560,627,627,681,681,290,346,346,346,346],"floor_reached":51,"language":"ZHS","playtime":4244,"items_purged":["Defend_RM","Strike_RM","Strike_RM"],"score":1237,"play_id":"0f01714b-2f4a-45fd-a160-37e512e0a281","local_time":"20210225213832","is_ascension_mode":true,"campfire_choices":[{"data":"LeisurelyOfLord","floor":7.0,"key":"SMITH"},{"data":"ScarletMeister","floor":12.0,"key":"SMITH"},{"data":"ScarletImprint","floor":15.0,"key":"SMITH"},{"data":"MastersStateliness","floor":24.0,"key":"SMITH"},{"data":"FitfulNightmare","floor":32.0,"key":"SMITH"},{"floor":45.0,"key":"DIG"},{"floor":49,"key":"DIG"}],"circlet_count":0,"master_deck":["Defend_RM","Defend_RM","RedMoon","ScarletShoot","Ultimatum","ScarletImprint+1","MastersStateliness","BloodAndWine","LeisurelyOfLord+1","MastersStateliness+1","NightDance","StarOfDavid","StarOfDavid","ScarletImprint+1","HunterOfTheNight+1","ScarletMeister+1","UnstableMagic","ForecastOfChange+1","StarOfDavid+1","LeisurelyOfLord+1","UnstableMagic+1","FavorOfDestiny","UnstableMagic","MillenniumVampire","ScarletImprint+1","Stigmanizer+1","StarOfDavid+1","MastersStateliness+1","VampirishNight+1","TwelveNightmare+1","HunterOfTheNight+1","AfternoonTea","Septette","MiserableFate","FitfulNightmare+1","Greed_TH","EquivalentExchange","FavorOfDestiny","MastersStateliness+1","UnstableMagic+1","FavorOfDestiny","FavorOfDestiny","ScarletImprint+1","MillenniumVampire","UnstableMagic+1","Septette","SuperhumanBloodyKnife+1","MastersStateliness","ReincarnationDial"],"relics":["ScarletHat","Old Coin","Membership Card","Ancient Tea Set","Bottled Flame","Molten Egg 2","Regal Pillow","Centennial Puzzle","Pear","Coffee Dripper","Bottled Tornado","hubris:SphereOfDissonance","Medical Kit","Bronze Scales","Pantograph","Ginger","hubris:MedicalManual","theSenshi:FeatherClipsRelic","Strawberry","Empty Cage","Mercury Hourglass","Orrery","HollowMod:LifeEnderRelic","hubris:CrystalStatue","Juzu Bracelet","Kunai","Shovel","Lantern","Meat on the Bone","Ornamental Fan","Dead Branch"],"acts_visited":["Exordium","TheCity","TheBeyond"],"potions_floor_usage":[],"damage_taken":[{"damage":0.0,"enemies":"2 Louse","floor":1.0,"turns":3.0},{"damage":0.0,"enemies":"Small Slimes","floor":3.0,"turns":4.0},{"damage":3.0,"enemies":"Cultist","floor":4.0,"turns":4.0},{"damage":2.0,"enemies":"Large Slime","floor":5.0,"turns":4.0},{"damage":30.0,"enemies":"Gremlin Nob","floor":6.0,"turns":7.0},{"damage":1.0,"enemies":"3 Sentries","floor":10.0,"turns":4.0},{"damage":0.0,"enemies":"Blue Slaver","floor":11.0,"turns":4.0},{"damage":0.0,"enemies":"Gremlin Nob","floor":14.0,"turns":2.0},{"damage":10.0,"enemies":"Hexaghost","floor":16.0,"turns":7.0},{"damage":3.0,"enemies":"Chosen","floor":18.0,"turns":5.0},{"damage":1.0,"enemies":"Shell Parasite","floor":19.0,"turns":2.0},{"damage":7.0,"enemies":"Snake Plant","floor":20.0,"turns":4.0},{"damage":15.0,"enemies":"Centurion and Healer","floor":22.0,"turns":3.0},{"damage":10.0,"enemies":"Book of Stabbing","floor":23.0,"turns":3.0},{"damage":10.0,"enemies":"Gremlin Leader","floor":25.0,"turns":6.0},{"damage":0.0,"enemies":"Colosseum Slavers","floor":27.0,"turns":4.0},{"damage":0.0,"enemies":"Colosseum Nobs","floor":27.0,"turns":6.0},{"damage":0.0,"enemies":"Cultist and Chosen","floor":28.0,"turns":6.0},{"damage":0.0,"enemies":"Snecko","floor":29.0,"turns":4.0},{"damage":0.0,"enemies":"Book of Stabbing","floor":30.0,"turns":4.0},{"damage":15.0,"enemies":"hubris:MusketHawk","floor":33.0,"turns":6.0},{"damage":10.0,"enemies":"Orb Walker","floor":35.0,"turns":2.0},{"damage":46.0,"enemies":"3 Darklings","floor":36.0,"turns":2.0},{"damage":0.0,"enemies":"Maw","floor":39.0,"turns":8.0},{"damage":0.0,"enemies":"HollowMod:StalkingDevout","floor":40.0,"turns":4.0},{"damage":0.0,"enemies":"Reptomancer","floor":42.0,"turns":5.0},{"damage":0.0,"enemies":"HollowMod:StalkingDevout","floor":44.0,"turns":5.0},{"damage":16.0,"enemies":"4 Shapes","floor":47.0,"turns":3.0},{"damage":13,"enemies":"Time Eater","floor":50,"turns":9}],"seed_played":"-4400676204433747646","potions_obtained":[{"floor":3.0,"key":"BlessingOfTheForge"},{"floor":6.0,"key":"Fire Potion"},{"floor":16.0,"key":"Fire Potion"},{"floor":18.0,"key":"GamblersBrew"},{"floor":19.0,"key":"SpeedPotion"},{"floor":22.0,"key":"LiquidBronze"},{"floor":22.0,"key":"Weak Potion"},{"floor":25.0,"key":"Block Potion"},{"floor":28.0,"key":"Energy Potion"},{"floor":33.0,"key":"ColorlessPotion"},{"floor":39.0,"key":"SkillPotion"},{"floor":40.0,"key":"DestinyDice"},{"floor":47.0,"key":"EntropicBrew"},{"floor":47.0,"key":"SneckoOil"}],"is_trial":false,"path_per_floor":["M","$","M","M","M","E","R","?","T","E","M","R","?","E","R","B",null,"M","M","M","$","M","E","R","E","T","?","M","M","E","?","R","B",null,"M","M","$","?","M","E","?","E","T","E","R","$","M","?","R","B",null],"character_chosen":"REMILIA","items_purchased":["Membership Card","ScarletImprint","Ancient Tea Set","Bottled Tornado","MillenniumVampire","hubris:SphereOfDissonance","Medical Kit","Mercury Hourglass","Orrery","MillenniumVampire","HollowMod:LifeEnderRelic","Meat on the Bone","Ornamental Fan","SuperhumanBloodyKnife+1","MastersStateliness"],"campfire_rested":0,"item_purchase_floors":[2,2,2,21,21,21,21,37,37,37,37,46,46,46,46],"current_hp_per_floor":[75,75,75,72,71,44,44,32,32,33,33,33,26,36,36,37,85,82,81,76,76,64,66,66,60,60,74,85,85,92,92,92,92,92,92,58,38,38,60,74,74,92,92,92,92,67,59,62,62,92],"gold":346,"neow_bonus":"ONE_RARE_RELIC","is_daily":false,"chose_seed":false,"campfire_upgraded":5,"win_rate":0.0,"timestamp":1614260312,"path_taken":["M","$","M","M","M","E","R","?","T","E","M","R","?","E","R","BOSS","M","M","M","$","?","E","R","E","T","?","M","M","E","?","R","BOSS","M","M","$","?","M","E","?","E","T","E","R","$","M","?","R","BOSS"],"items_purchased_type":["Relic","Card","Relic","Relic","Card","Relic","Relic","Relic","Relic","Card","Relic","Relic","Relic","Card","Card"],"build_version":"2020-12-22","purchased_purges":3,"victory":true,"max_hp_per_floor":[75,75,75,75,75,75,75,75,75,75,75,75,75,85,85,85,85,85,85,85,85,85,85,85,85,85,85,85,85,92,92,92,92,92,92,92,92,92,92,92,92,92,92,92,92,92,92,92,92,92],"card_choices":[{"not_picked":["EndlessAdversity","ScarletImprint"],"picked":"Ultimatum","floor":1.0},{"not_picked":["Stigmanizer","BlasphemousPunishment"],"picked":"MastersStateliness","floor":3.0},{"not_picked":["BloodHunter","UnderTheZenith"],"picked":"BloodAndWine","floor":3.0},{"not_picked":["VampireClaw","SuperhumanBloodyKnife"],"picked":"LeisurelyOfLord","floor":4.0},{"not_picked":["Maim","RedMagic"],"picked":"MastersStateliness","floor":4.0},{"not_picked":["BlasphemousPunishment","VampireKiss"],"picked":"NightDance","floor":5.0},{"not_picked":["BloodyHallows","RedNightlessCastle"],"picked":"StarOfDavid","floor":6.0},{"not_picked":["ScarletDevil","Stigmanizer"],"picked":"StarOfDavid","floor":6.0},{"not_picked":["MastersStateliness","VampireSweep+1"],"picked":"ScarletImprint+1","floor":10.0},{"not_picked":["BombardNight+1","UnderTheZenith"],"picked":"HunterOfTheNight+1","floor":10.0},{"not_picked":["VampireKiss+1","CharismaGuard"],"picked":"ScarletMeister","floor":11.0},{"not_picked":["RedRainbow+1","ForbiddenFruit"],"picked":"UnstableMagic","floor":11.0},{"not_picked":["CharismaGuard","ScarletNetherworld","Stigmanizer+1"],"picked":"SKIP","floor":14.0},{"not_picked":["Stigmanizer+1","UnderTheZenith","BloodHunter"],"picked":"SKIP","floor":14.0},{"not_picked":["ChaoticDestiny","HeartBreak+1"],"picked":"ForecastOfChange+1","floor":16.0},{"not_picked":["NightDance+1","ChainGang+1"],"picked":"BombardNight+1","floor":18.0},{"not_picked":["RedRainbow+1","ScarletDevil+1"],"picked":"StarOfDavid+1","floor":18.0},{"not_picked":["VampireClaw+1","ScarletGensokyo"],"picked":"LeisurelyOfLord+1","floor":19.0},{"not_picked":["VampireFantasy+1","BloodyTrap+1"],"picked":"UnstableMagic+1","floor":19.0},{"not_picked":["BloodyHallows","Maim"],"picked":"FavorOfDestiny","floor":20.0},{"not_picked":["DiffusionOfMisfortune+1","MastersStateliness"],"picked":"UnstableMagic","floor":20.0},{"not_picked":["ChainGang+1","BloodHunter"],"picked":"ScarletImprint+1","floor":22.0},{"not_picked":["ScarletDevilSign+1","TransientEternity"],"picked":"Stigmanizer+1","floor":22.0},{"not_picked":["EmergencyRegeneration","TwelveNightmare"],"picked":"StarOfDavid+1","floor":23.0},{"not_picked":["UnstableMagic","BlasphemousPunishment+1"],"picked":"MastersStateliness+1","floor":23.0},{"not_picked":["ScarletNetherworld+1","BadLadyScramble"],"picked":"VampirishNight+1","floor":25.0},{"not_picked":["RedRainbow+1","ChaoticDestiny"],"picked":"TwelveNightmare+1","floor":25.0},{"not_picked":["BadLadyScramble","Stigmanizer+1"],"picked":"HunterOfTheNight+1","floor":27.0},{"not_picked":["NightDance+1","BombardNight+1","BloodHunter"],"picked":"SKIP","floor":28.0},{"not_picked":["StarOfDavid+1","ScarletGensokyo","BlasphemousPunishment+1"],"picked":"SKIP","floor":28.0},{"not_picked":["MastersStateliness","BlasphemousPunishment"],"picked":"AfternoonTea","floor":29.0},{"not_picked":["BloodyCatastrophe","BlasphemousPunishment"],"picked":"Septette","floor":29.0},{"not_picked":["DevilSight","BadLadyScramble"],"picked":"MiserableFate","floor":30.0},{"not_picked":["Stigmanizer+1","EndlessAdversity+1"],"picked":"FitfulNightmare","floor":30.0},{"not_picked":["DemonKingCradle","KillingBlow+1"],"picked":"EquivalentExchange","floor":33.0},{"not_picked":["CharismaGuard","NightDance+1"],"picked":"FavorOfDestiny","floor":35.0},{"not_picked":["ChainGang+1","MiserableFate","UnderTheZenith+1"],"picked":"SKIP","floor":35.0},{"not_picked":["ScarletDevil+1","SuperhumanBloodyKnife+1"],"picked":"MastersStateliness+1","floor":36.0},{"not_picked":["NightDance+1","Stigmanizer+1","BloodyMagicSquare"],"picked":"SKIP","floor":36.0},{"not_picked":["TwelveNightmare","BlasphemousPunishment"],"picked":"UnstableMagic+1","floor":37.0},{"not_picked":["ScarletSymphony","EmergencyRegeneration+1"],"picked":"FavorOfDestiny","floor":37.0},{"not_picked":["KillingBlow+1","VampireKiss+1"],"picked":"FavorOfDestiny","floor":37.0},{"not_picked":["BlasphemousPunishment+1","StarOfDavid+1"],"picked":"ScarletImprint+1","floor":37.0},{"not_picked":["MastersStateliness","ScarletDevil+1"],"picked":"UnstableMagic+1","floor":39.0},{"not_picked":["ChainGang+1","StarOfDavid+1","ScarletDevil+1"],"picked":"SKIP","floor":40.0},{"not_picked":["UnderTheZenith","VampireKiss+1"],"picked":"Septette","floor":42.0},{"not_picked":["UnderTheZenith","DemonKingCradle","EndlessAdversity+1"],"picked":"SKIP","floor":42.0},{"not_picked":["DiffusionOfMisfortune+1","BloodyCatastrophe","UnderTheZenith"],"picked":"SKIP","floor":44.0},{"not_picked":["UnstableMagic","StarOfDavid+1","ScarletNetherworld+1"],"picked":"SKIP","floor":44.0},{"not_picked":["BloodyTrap+1","BloodyMagicSquare+1","RedRainbow+1"],"picked":"SKIP","floor":47.0}],"player_experience":283377,"relics_obtained":[{"floor":6.0,"key":"Bottled Flame"},{"floor":9.0,"key":"Regal Pillow"},{"floor":10.0,"key":"Centennial Puzzle"},{"floor":14.0,"key":"Pear"},{"floor":23.0,"key":"Bronze Scales"},{"floor":25.0,"key":"Pantograph"},{"floor":26.0,"key":"Ginger"},{"floor":27.0,"key":"hubris:MedicalManual"},{"floor":27.0,"key":"theSenshi:FeatherClipsRelic"},{"floor":30.0,"key":"Strawberry"},{"floor":40.0,"key":"hubris:CrystalStatue"},{"floor":42.0,"key":"Juzu Bracelet"},{"floor":43.0,"key":"Kunai"},{"floor":44.0,"key":"Shovel"},{"floor":45.0,"key":"Lantern"},{"floor":49,"key":"Dead Branch"}],"event_choices":[{"damage_healed":0.0,"max_hp_gain":0.0,"max_hp_loss":0.0,"gold_gain":0.0,"event_name":"Scrap Ooze","player_choice":"Success","floor":8.0,"gold_loss":0.0,"damage_taken":12.0,"relics_obtained":["Molten Egg 2"]},{"damage_healed":0.0,"max_hp_gain":0.0,"max_hp_loss":0.0,"gold_gain":75.0,"event_name":"FaceTrader","player_choice":"Touch","floor":13.0,"gold_loss":0.0,"damage_taken":7.0},{"damage_healed":0.0,"max_hp_gain":0.0,"max_hp_loss":0.0,"gold_gain":0.0,"event_name":"Colosseum","player_choice":"Fight","floor":27.0,"gold_loss":0.0,"damage_taken":0.0},{"damage_healed":0.0,"max_hp_gain":0.0,"max_hp_loss":0.0,"gold_gain":0.0,"event_name":"Colosseum","player_choice":"Fought Nobs","floor":27.0,"gold_loss":0.0,"damage_taken":0.0},{"cards_removed":["BombardNight"],"damage_healed":0.0,"max_hp_gain":0.0,"max_hp_loss":0.0,"gold_gain":0.0,"event_name":"Falling","player_choice":"Removed Attack","floor":38.0,"gold_loss":0.0,"damage_taken":0.0},{"damage_healed":0,"gold_gain":0,"cards_transformed":["Defend_RM"],"player_choice":"Transformed","damage_taken":0,"max_hp_gain":0,"max_hp_loss":0,"event_name":"Transmorgrifier","floor":48,"gold_loss":0,"cards_obtained":["ReincarnationDial"]}],"is_beta":false,"boss_relics":[{"not_picked":["hubris:Stopwatch","hubris:CrackedHourglass"],"picked":"Coffee Dripper"},{"not_picked":["Busted Crown","hubris:RunicObelisk"],"picked":"Empty Cage"}],"items_purged_floors":[2,21,46],"is_endless":false,"potions_floor_spawned":[3,6,16,18,19,22,27,29,33,39,40],"ascension_level":1}}