{"host":"8akdrwfmzu5ai7mr","time":1614271702,"event":{"mods":["100% Spire Juice","Act Like it!","BaseMod","Colored Powertips","Downfall","Gensokyo","Marisa£®ÏF”Í°°ƒß¿Ì…≥£©","Minty Spire (QoL Compilation)","Quick Restart","Reimu£®≤©¿ˆ¡È√Œ£©","Remilia£®¿Ÿ√◊¿Ú—«£©","Replay The Spire","StSLib","The Administrix","The Marked","The Runesmith","The Servant 0.9.4","Youmu£®ªÍ∆«—˝√Œ£©","°æ“≈ŒÔø®≈∆°øREMEMod"],"gold_per_floor":[111,302,302,317,317,348,348,52,52,52,78,78,106,129,29,29,29,146,146,170,190,243,263,295,345,381,381],"floor_reached":26,"language":"ZHS","playtime":2948,"items_purged":["Strike_S"],"score":253,"play_id":"60487c34-c535-419a-ae9d-a01ce0b47bf5","local_time":"20210226004822","is_ascension_mode":false,"campfire_choices":[{"data":"expansioncontent:DashGenerateEvil","floor":7,"key":"SMITH"},{"data":"Inflame","floor":12,"key":"SMITH"},{"data":"BestPractice","floor":17,"key":"SMITH"}],"circlet_count":0,"master_deck":["Strike_S+1","Strike_S","Strike_S","Defend_S+1","Defend_S","Defend_S+1","Defend_S","KidneyShot","Exchange","expansioncontent:DashGenerateEvil+1","Luminosity","Barrier","MoonPhase","Inflame+1","KillingDoll","MoonPhase","ShiftingGears","TimeTheft","BestPractice+1","Flex","Deny","Deny","Jack Of All Trades","ShatteredReality","REME_AllRoundStrike","MurderousAura","StarChef","BottledTime","Contraction+1","Defy","Rearm","Embodiment"],"relics":["REME_ComplimentaryCards","NeowsBlessing","m_ScarletBlood","Replay:Bandana","Membership Card","Matryoshka","Ancient Tea Set","Boot","BargainBundle","StoneMask","Replay:Bottled Snecko"],"acts_visited":["Exordium","TheCity"],"potions_floor_usage":[23,25,25,26],"damage_taken":[{"damage":0,"enemies":"2 Louse","floor":1,"turns":1},{"damage":0,"enemies":"Small Slimes","floor":4,"turns":2},{"damage":0,"enemies":"3 Sentries","floor":6,"turns":3},{"damage":0,"enemies":"Jaw Worm","floor":13,"turns":2},{"damage":0,"enemies":"3 Louse","floor":14,"turns":3},{"damage":8,"enemies":"Fading Forest","floor":18,"turns":11},{"damage":1,"enemies":"Chosen","floor":20,"turns":6},{"damage":0,"enemies":"Spheric Guardian","floor":21,"turns":6},{"damage":11,"enemies":"Centurion and Healer","floor":22,"turns":6},{"damage":19,"enemies":"Chosen and Byrds","floor":23,"turns":9},{"damage":7,"enemies":"3 Cultists","floor":24,"turns":5},{"damage":36,"enemies":"Slavers","floor":25,"turns":6},{"damage":25,"enemies":"Snake Plant","floor":26,"turns":5}],"seed_played":"3495519943287951312","potions_obtained":[{"floor":13,"key":"Guardian:BlockOnCardUsePotion"},{"floor":14,"key":"Dexterity Potion"},{"floor":23,"key":"Block Potion"},{"floor":25,"key":"REME_GoldPotion"}],"is_trial":false,"path_per_floor":["M","?","?","M","?","E","R","$","PTL","PTL","T","R","M","M","$","?","R","B",null,"M","M","M","M","M","E","M"],"character_chosen":"THE_SERVANT","items_purchased":["Membership Card","Matryoshka","MoonPhase","BargainBundle","BestPractice","Flex","Deny","Elixir","Block Potion","Jack Of All Trades","ShatteredReality","REME_AllRoundStrike"],"campfire_rested":0,"item_purchase_floors":[8,8,8,15,15,15,15,15,15,15,15,15],"current_hp_per_floor":[65,65,52,52,52,52,52,52,52,52,52,52,52,52,52,52,52,44,65,66,67,62,49,51,24,0,0],"gold":381,"neow_bonus":"THREE_ENEMY_KILL","is_daily":false,"chose_seed":false,"campfire_upgraded":3,"win_rate":0.0,"timestamp":1614271702,"path_taken":["M","?","?","M","?","E","R","?","PTL","PTL","T","R","M","M","$","?","R","BOSS","M","M","M","M","M","E","M"],"items_purchased_type":["Relic","Relic","Card","Relic","Card","Card","Card","Potion","Potion","Card","Card","Card"],"build_version":"2020-12-22","purchased_purges":1,"victory":false,"max_hp_per_floor":[65,65,65,65,65,65,65,65,65,65,65,65,65,65,65,65,65,65,65,66,67,69,71,74,77,77,77],"card_choices":[{"not_picked":["DoubleEdge","FastForward"],"picked":"Luminosity","floor":1},{"not_picked":["Unruled","Hightail"],"picked":"Barrier","floor":2},{"not_picked":["Moondial","Read"],"picked":"MoonPhase","floor":4},{"not_picked":["ReturningBlade","Spin"],"picked":"KillingDoll","floor":6},{"not_picked":["Defy","Moondial"],"picked":"ShiftingGears","floor":13},{"not_picked":["Starlight","Ricochet"],"picked":"TimeTheft","floor":14},{"not_picked":["PendulumOfEternity","Sunlight"],"picked":"MurderousAura","floor":18},{"not_picked":["Spin","FastForward"],"picked":"StarChef","floor":20},{"not_picked":["Defy","RealityMarble"],"picked":"BottledTime","floor":21},{"not_picked":["Starlight","BottledTime"],"picked":"Contraction+1","floor":22},{"not_picked":["TimeTheft","Starlight"],"picked":"Defy","floor":23},{"not_picked":["Advance","Revamp"],"picked":"Rearm","floor":24},{"not_picked":["FastForward","Potential"],"picked":"Embodiment","floor":25}],"player_experience":163240,"relics_obtained":[{"floor":6,"key":"Replay:Bandana"},{"floor":11,"key":"Ancient Tea Set"},{"floor":11,"key":"Boot"},{"floor":25,"key":"Replay:Bottled Snecko"}],"event_choices":[{"damage_healed":0,"gold_gain":0,"player_choice":"Entered Light","damage_taken":13,"max_hp_gain":0,"max_hp_loss":0,"event_name":"Shining Light","floor":3,"gold_loss":0,"cards_upgraded":["Defend_S","Defend_S"]}],"is_beta":false,"boss_relics":[{"not_picked":["REME_ChargedStone","Coffee Dripper"],"picked":"StoneMask"}],"items_purged_floors":[15],"is_endless":false,"potions_floor_spawned":[13,14,21,22,23,24,25],"killed_by":"Snake Plant","ascension_level":0}}