{"host":"zp8jvycvinn13jdb","time":1614297099,"event":{"mods":["BaseMod","Better Match","Colored Powertips","Downfall","Googly Eyes","Hermit","Minty Spire (QoL Compilation)","Rare Cards Sparkle","Relic Stats","StSLib","SuperFastMode","Synergy Search","The Bug Knight","The Cursed"],"gold_per_floor":[115,1,1,19,94,94,26,36,36,49,67,67,85,105,105,105,105],"floor_reached":16,"language":"ENG","playtime":479,"items_purged":["Strike_G"],"score":94,"play_id":"756ab3fe-9f40-4873-8862-1762293b6fe8","local_time":"20210225185139","is_ascension_mode":false,"campfire_choices":[{"data":"Skewer","floor":6,"key":"SMITH"},{"floor":15,"key":"REST"}],"circlet_count":0,"master_deck":["Strike_G","Strike_G","Strike_G","Strike_G","Defend_G","Defend_G","Defend_G","Defend_G","Defend_G","Survivor","Neutralize","Flying Knee","Skewer+1","Flying Knee","Skewer","Backflip","Skewer"],"relics":["Ring of the Snake","Ancient Tea Set","Blue Candle"],"acts_visited":["Exordium"],"potions_floor_usage":[],"damage_taken":[{"damage":7,"enemies":"2 Louse","floor":1,"turns":3},{"damage":0,"enemies":"Jaw Worm","floor":4,"turns":3},{"damage":0,"enemies":"Small Slimes","floor":8,"turns":3},{"damage":14,"enemies":"Gremlin Gang","floor":10,"turns":5},{"damage":0,"enemies":"Exordium Wildlife","floor":11,"turns":4},{"damage":1,"enemies":"Exordium Thugs","floor":13,"turns":3},{"damage":7,"enemies":"Looter","floor":14,"turns":2},{"damage":71,"enemies":"Hexaghost","floor":16,"turns":10}],"seed_played":"-7893604714554719116","potions_obtained":[{"floor":1,"key":"ColorlessPotion"},{"floor":4,"key":"Strength Potion"},{"floor":10,"key":"SkillPotion"},{"floor":14,"key":"Explosive Potion"}],"is_trial":false,"path_per_floor":["M","$","?","M","?","R","$","M","T","M","M","?","M","M","R","B"],"character_chosen":"THE_SILENT","items_purchased":["Skewer","Skewer"],"campfire_rested":1,"item_purchase_floors":[2,7],"current_hp_per_floor":[63,63,63,63,52,52,52,52,52,38,38,61,60,53,70,0,0],"gold":105,"neow_bonus":"RANDOM_COMMON_RELIC","is_daily":false,"chose_seed":false,"campfire_upgraded":1,"win_rate":0.0,"timestamp":1614297099,"path_taken":["M","$","?","M","?","R","$","M","T","M","M","?","M","M","R","BOSS"],"items_purchased_type":["Card","Card"],"build_version":"2020-12-22","purchased_purges":1,"victory":false,"max_hp_per_floor":[70,70,70,70,70,70,70,70,70,70,70,70,70,70,70,70,70],"relic_stats":{"counters":[8,33],"Blue Candle":[0],"obtain_stats":[{"Blue Candle":9,"Ancient Tea Set":0,"Ring of the Snake":0},{"Blue Candle":3,"Ancient Tea Set":0,"Ring of the Snake":0},{"Blue Candle":9,"Ancient Tea Set":0,"Ring of the Snake":0}],"Ring of the Snake":[16]},"card_choices":[{"not_picked":["Backstab","Deflect"],"picked":"Flying Knee","floor":1},{"not_picked":["Footwork","Slice"],"picked":"Flying Knee","floor":4},{"not_picked":["Bane","Finisher"],"picked":"Backflip","floor":8},{"not_picked":["Catalyst","Footwork"],"picked":"Skewer","floor":10},{"not_picked":["Predator","Deadly Poison","Infinite Blades"],"picked":"SKIP","floor":11},{"not_picked":["Finisher","Acrobatics","Envenom"],"picked":"SKIP","floor":13},{"not_picked":["Masterful Stab","Quick Slash","Prepared"],"picked":"SKIP","floor":14}],"player_experience":200375,"relics_obtained":[{"floor":9,"key":"Blue Candle"}],"event_choices":[{"damage_healed":0,"gold_gain":0,"player_choice":"Ignored","damage_taken":0,"max_hp_gain":0,"max_hp_loss":0,"event_name":"Liars Game","floor":3,"gold_loss":0},{"damage_healed":0,"gold_gain":75,"player_choice":"Gather Gold","damage_taken":11,"max_hp_gain":0,"max_hp_loss":0,"event_name":"World of Goop","floor":5,"gold_loss":0},{"damage_healed":23,"gold_gain":0,"player_choice":"Banana","damage_taken":0,"max_hp_gain":0,"max_hp_loss":0,"event_name":"Big Fish","floor":12,"gold_loss":0}],"is_beta":false,"boss_relics":[],"items_purged_floors":[2],"is_endless":false,"potions_floor_spawned":[1,4,10,13,14],"killed_by":"Hexaghost","ascension_level":0}}