{"host":"y080dcqw8fj32q7d","time":1614268388,"event":{"mods":["AchievementEnabler","BaseMod","Colored Map","Colored Powertips","DeckTracker","Minty Spire (QoL Compilation)","Relic Sorter"],"gold_per_floor":[114,114,114,64,28,54,54,83,107,141,141,141,141],"floor_reached":12,"language":"ENG","playtime":414,"items_purged":[],"score":149,"play_id":"25343ff3-a1cd-4b41-b622-1c89f4a1bf4e","local_time":"20210225185308","is_ascension_mode":true,"campfire_choices":[{"data":"Auto Shields","floor":7,"key":"SMITH"}],"circlet_count":0,"master_deck":["Strike_B","Defend_B","Defend_B","Defend_B","Defend_B+1","Zap","Dualcast","Capacitor","Auto Shields+1","Genetic Algorithm","Ball Lightning"],"relics":["Cracked Core","NeowsBlessing","Potion Belt","Juzu Bracelet","Mummified Hand"],"acts_visited":["Exordium"],"potions_floor_usage":[8,10],"damage_taken":[{"damage":0,"enemies":"Small Slimes","floor":1,"turns":1},{"damage":0,"enemies":"Gremlin Nob","floor":6,"turns":1},{"damage":0,"enemies":"Lagavulin","floor":8,"turns":1},{"damage":32,"enemies":"3 Sentries","floor":10,"turns":10},{"damage":24,"enemies":"Gremlin Nob","floor":12,"turns":3}],"seed_played":"4542110515081036390","potions_obtained":[{"floor":6,"key":"LiquidBronze"},{"floor":8,"key":"PowerPotion"}],"is_trial":false,"path_per_floor":["M","?","?","?","$","E","R","E","T","E","?","E"],"character_chosen":"DEFECT","items_purchased":["Auto Shields"],"campfire_rested":0,"item_purchase_floors":[5],"current_hp_per_floor":[75,60,53,53,53,53,53,53,53,21,21,0,0],"gold":141,"neow_bonus":"THREE_ENEMY_KILL","is_daily":false,"chose_seed":false,"campfire_upgraded":1,"win_rate":0.0,"timestamp":1614268388,"path_taken":["M","?","?","?","$","E","R","E","T","E","?","E"],"items_purchased_type":["Card"],"build_version":"2020-12-22","purchased_purges":0,"victory":false,"max_hp_per_floor":[75,75,75,75,75,75,75,75,75,75,75,75,75],"card_choices":[{"not_picked":["Turbo","Reprogram"],"picked":"Capacitor","floor":1},{"not_picked":["Go for the Eyes","Amplify","Gash"],"picked":"SKIP","floor":6},{"not_picked":["Steam","Streamline"],"picked":"Genetic Algorithm","floor":8},{"not_picked":["Conserve Battery","Stack"],"picked":"Ball Lightning","floor":10}],"player_experience":388138,"relics_obtained":[{"floor":6,"key":"Potion Belt"},{"floor":8,"key":"Juzu Bracelet"},{"floor":10,"key":"Mummified Hand"}],"event_choices":[{"damage_healed":0,"gold_gain":0,"player_choice":"Entered Light","damage_taken":15,"max_hp_gain":0,"max_hp_loss":0,"event_name":"Shining Light","floor":2,"gold_loss":0,"cards_upgraded":["Defend_B","Strike_B"]},{"cards_removed":["Strike_B"],"damage_healed":0,"gold_gain":0,"player_choice":"Card Removal","damage_taken":7,"max_hp_gain":0,"max_hp_loss":0,"event_name":"Golden Wing","floor":3,"gold_loss":0},{"cards_removed":["Strike_B"],"damage_healed":0,"gold_gain":0,"player_choice":"Card Removal","damage_taken":0,"max_hp_gain":0,"max_hp_loss":0,"event_name":"The Cleric","floor":4,"gold_loss":50},{"cards_removed":["Strike_B"],"damage_healed":0,"gold_gain":0,"player_choice":"Forget","damage_taken":0,"max_hp_gain":0,"max_hp_loss":0,"event_name":"Living Wall","floor":11,"gold_loss":0}],"is_beta":false,"boss_relics":[],"items_purged_floors":[],"is_endless":false,"potions_floor_spawned":[6,8],"killed_by":"Gremlin Nob","ascension_level":1}}