{"host":"0ueeacaatm8t6jyh","time":1614238630,"event":{"mods":["AchievementEnabler","BaseMod","Colored Powertips","Minty Spire (QoL Compilation)","Quick Restart","Rare Cards Sparkle","Shop Mod","StSLib"],"gold_per_floor":[117,117,42,56,206,206,281,311,388,408,216,216,243,262,262,340,340,360,360,410,425,439,439,439,439],"floor_reached":24,"language":"ZHS","playtime":958,"items_purged":["Strike_G","Doubt"],"score":447,"play_id":"582ba84d-9b0d-423b-a7a6-25b571ac1c6b","local_time":"20210225153710","is_ascension_mode":true,"campfire_choices":[{"data":"Neutralize","floor":6.0,"key":"SMITH"},{"floor":15.0,"key":"REST"},{"floor":23,"key":"REST"}],"circlet_count":0,"master_deck":["AscendersBane","Strike_G","Defend_G","Defend_G","Defend_G","Defend_G","Survivor","Neutralize+1","Prepared","Tactician","Acrobatics","Dagger Throw","Backflip","After Image","Outmaneuver+1","Leg Sweep+1","Phantasmal Killer+1","Acrobatics"],"relics":["Ring of the Snake","NeowsBlessing","Ornamental Fan","Letter Opener","Centennial Puzzle","Astrolabe"],"acts_visited":["Exordium","TheCity"],"potions_floor_usage":[22,22],"damage_taken":[{"damage":0.0,"enemies":"Small Slimes","floor":1.0,"turns":2.0},{"damage":0.0,"enemies":"2 Louse","floor":4.0,"turns":1.0},{"damage":0.0,"enemies":"Gremlin Nob","floor":8.0,"turns":1.0},{"damage":1.0,"enemies":"Cultist","floor":10.0,"turns":5.0},{"damage":37.0,"enemies":"Lagavulin","floor":13.0,"turns":10.0},{"damage":0.0,"enemies":"Large Slime","floor":14.0,"turns":7.0},{"damage":33.0,"enemies":"The Guardian","floor":16.0,"turns":22.0},{"damage":13.0,"enemies":"Spheric Guardian","floor":18.0,"turns":5.0},{"damage":1.0,"enemies":"Shell Parasite","floor":21.0,"turns":6.0},{"damage":3,"enemies":"Cultist and Chosen","floor":22,"turns":5},{"damage":54,"enemies":"Slavers","floor":24,"turns":4}],"seed_played":"-2893723832147324856","potions_obtained":[{"floor":4.0,"key":"Block Potion"},{"floor":10.0,"key":"SpeedPotion"},{"floor":13.0,"key":"DuplicationPotion"},{"floor":16.0,"key":"ColorlessPotion"},{"floor":21.0,"key":"Strength Potion"}],"is_trial":false,"path_per_floor":["M","?","$","M","?","R","?","E","T","M","$","?","E","M","R","B",null,"M","?","?","M","M","R","E"],"character_chosen":"THE_SILENT","items_purchased":["Tactician","Acrobatics"],"campfire_rested":2,"item_purchase_floors":[11,11],"current_hp_per_floor":[59,64,64,64,64,64,53,53,53,52,52,52,15,15,36,3,54,41,41,34,33,30,51,0,0],"gold":439,"neow_bonus":"THREE_ENEMY_KILL","is_daily":false,"chose_seed":false,"campfire_upgraded":1,"win_rate":0.0,"timestamp":1614238630,"path_taken":["M","?","$","M","?","R","?","E","T","M","$","?","E","M","R","BOSS","M","?","?","M","?","R","E"],"items_purchased_type":["Card","Card"],"build_version":"2020-12-22","purchased_purges":2,"victory":false,"max_hp_per_floor":[66,71,71,71,71,71,71,71,71,71,71,71,71,71,71,71,71,71,71,71,71,71,71,71,71],"card_choices":[{"not_picked":["Quick Slash","Skewer"],"picked":"Prepared","floor":1.0},{"not_picked":["All Out Attack","Poisoned Stab","Well Laid Plans"],"picked":"SKIP","floor":4.0},{"not_picked":["Endless Agony","Deadly Poison","Cloak And Dagger"],"picked":"SKIP","floor":8.0},{"not_picked":["Masterful Stab","Backstab","Setup"],"picked":"SKIP","floor":10.0},{"not_picked":["Choke","Bane","Underhanded Strike"],"picked":"SKIP","floor":13.0},{"not_picked":["Underhanded Strike","Outmaneuver"],"picked":"Backflip","floor":14.0},{"not_picked":["Doppelganger","Wraith Form v2"],"picked":"After Image","floor":16.0},{"not_picked":["Dodge and Roll","Flying Knee","Deadly Poison"],"picked":"SKIP","floor":18.0},{"not_picked":["Slice+1","Blade Dance","Sucker Punch"],"picked":"SKIP","floor":21.0},{"not_picked":["Underhanded Strike","Accuracy"],"picked":"Acrobatics","floor":22}],"player_experience":581058,"relics_obtained":[{"floor":8.0,"key":"Ornamental Fan"},{"floor":9.0,"key":"Letter Opener"},{"floor":13.0,"key":"Centennial Puzzle"}],"event_choices":[{"damage_healed":0.0,"max_hp_gain":5.0,"max_hp_loss":0.0,"gold_gain":0.0,"event_name":"Big Fish","player_choice":"Donut","floor":2.0,"gold_loss":0.0,"damage_taken":0.0},{"damage_healed":0.0,"max_hp_gain":0.0,"max_hp_loss":0.0,"gold_gain":150.0,"event_name":"Liars Game","player_choice":"AGREE","floor":5.0,"gold_loss":0.0,"damage_taken":0.0,"cards_obtained":["Doubt"]},{"damage_healed":0.0,"max_hp_gain":0.0,"max_hp_loss":0.0,"gold_gain":75.0,"event_name":"World of Goop","player_choice":"Gather Gold","floor":7.0,"gold_loss":0.0,"damage_taken":11.0},{"damage_healed":0.0,"max_hp_gain":0.0,"max_hp_loss":0.0,"gold_gain":0.0,"cards_transformed":["Strike_G"],"event_name":"Living Wall","player_choice":"Change","floor":12.0,"gold_loss":0.0,"damage_taken":0.0,"cards_obtained":["Dagger Throw"]},{"damage_healed":0.0,"max_hp_gain":0.0,"max_hp_loss":0.0,"gold_gain":0.0,"event_name":"Vampires","player_choice":"Ignored","floor":19.0,"gold_loss":0.0,"damage_taken":0.0},{"damage_healed":0.0,"max_hp_gain":0.0,"max_hp_loss":0.0,"gold_gain":50.0,"event_name":"FaceTrader","player_choice":"Touch","floor":20.0,"gold_loss":0.0,"damage_taken":7.0}],"is_beta":false,"boss_relics":[{"not_picked":["Velvet Choker","Empty Cage"],"picked":"Astrolabe"}],"items_purged_floors":[3,11],"is_endless":false,"potions_floor_spawned":[4,10,13,16,21],"killed_by":"Slavers","ascension_level":19}}