{"host":"ovivighfa421z0zp","time":1614249260,"event":{"mods":["BaseMod","Colored Map","DeckTracker","Keyboard Shortcuts","Minty Spire (QoL Compilation)","Permanent Neow","Quick Restart","Replay The Spire","StSLib","SuperFastMode","The Cursed","The Hierophant"],"gold_per_floor":[366,17,34,53,53,62,73,85,108,108,139,139,168,172,172,262,262,270,270,270],"floor_reached":19,"language":"KOR","playtime":700,"items_purged":["hierophant:Strike_Hierophant"],"score":407,"play_id":"dd87b0d1-56ca-4aa1-9bd4-626af4e29d72","local_time":"20210225193420","is_ascension_mode":true,"campfire_choices":[{"data":"hierophant:LocustPlague","floor":10,"key":"SMITH"},{"floor":15,"key":"REST"}],"circlet_count":0,"master_deck":["AscendersBane","hierophant:Strike_Hierophant","hierophant:Strike_Hierophant","hierophant:Punish","hierophant:Defend_Hierophant","hierophant:Defend_Hierophant","hierophant:Defend_Hierophant","hierophant:Defend_Hierophant","hierophant:ChurchCoffers","hierophant:Embezzle","hierophant:LocustPlague+1","hierophant:LocustPlague","hierophant:WrathOfGod","hierophant:Doomsaying","hierophant:SolarFlare","hierophant:EyeForCoin+1","hierophant:ThreeLashes","hierophant:Doubloon+1","hierophant:Doubloon+1","hierophant:Glossolalia","hierophant:DeathKnell+1","hierophant:Doubloon+1","hierophant:LocustPlague","hierophant:Doubloon+1","hierophant:DisplayOfPower","hierophant:Doubloon+1"],"relics":["hierophant:PropheticMaskRelic","Toxic Egg 2","Regal Pillow","Ancient Tea Set","Replay:Rubber Ducky","ReplayTheSpireMod:DimensionalGlitch"],"acts_visited":["Exordium","TheCity"],"potions_floor_usage":[7,8,11,13,19],"damage_taken":[{"damage":0,"enemies":"Small Slimes","floor":1,"turns":3},{"damage":5,"enemies":"2 Louse","floor":3,"turns":1},{"damage":2,"enemies":"Jaw Worm","floor":4,"turns":2},{"damage":5,"enemies":"3 Sentries","floor":6,"turns":2},{"damage":10,"enemies":"Exordium Wildlife","floor":7,"turns":3},{"damage":0,"enemies":"Blue Slaver","floor":8,"turns":1},{"damage":0,"enemies":"Gremlin Nob","floor":11,"turns":3},{"damage":3,"enemies":"3 Sentries","floor":13,"turns":3},{"damage":10,"enemies":"Gremlin Gang","floor":14,"turns":1},{"damage":1,"enemies":"Slime Boss","floor":16,"turns":4},{"damage":27,"enemies":"2 Thieves","floor":18,"turns":2},{"damage":45,"enemies":"Masked Bandits","floor":19,"turns":4}],"seed_played":"-7565528568424279983","potions_obtained":[{"floor":1,"key":"Dexterity Potion"},{"floor":6,"key":"Flashbang"},{"floor":7,"key":"FearPotion"},{"floor":8,"key":"LifebloodPotion"},{"floor":16,"key":"Block Potion"}],"is_trial":false,"path_per_floor":["M","$","M","M","?","E","M","M","T","R","E","?","E","M","R_BF","B",null,"M","?"],"character_chosen":"HIEROPHANT","items_purchased":["hierophant:LocustPlague","hierophant:WrathOfGod"],"campfire_rested":1,"item_purchase_floors":[2,2],"current_hp_per_floor":[50,50,45,43,68,63,53,53,53,53,53,53,50,40,75,74,75,48,3,3],"gold":270,"neow_bonus":"TWO_FIFTY_GOLD","is_daily":false,"chose_seed":false,"campfire_upgraded":1,"win_rate":0.0,"timestamp":1614249260,"path_taken":["M","$","M","M","?","E","M","M","T","R","E","?","E","M","R_BF","BOSS","M","?"],"items_purchased_type":["Card","Card"],"build_version":"2020-12-22","purchased_purges":1,"victory":false,"max_hp_per_floor":[75,75,75,75,75,75,75,75,75,75,75,75,75,75,75,75,75,75,75,75],"card_choices":[{"not_picked":["hierophant:Sermon","hierophant:Zeal"],"picked":"hierophant:Embezzle","floor":1},{"not_picked":["hierophant:AuricShield","hierophant:Sermon","hierophant:OrnateBuckler"],"picked":"SKIP","floor":3},{"not_picked":["hierophant:Community","hierophant:RustyCrate"],"picked":"hierophant:Doomsaying","floor":4},{"not_picked":["hierophant:HolyVerse+1","hierophant:WrathOfGod"],"picked":"hierophant:SolarFlare","floor":6},{"not_picked":["hierophant:Smite","hierophant:Charity"],"picked":"hierophant:EyeForCoin+1","floor":7},{"not_picked":["hierophant:SealAway","hierophant:RustyCrate+1"],"picked":"hierophant:ThreeLashes","floor":8},{"not_picked":["hierophant:Empathy+1","hierophant:Zeal"],"picked":"hierophant:Doubloon+1","floor":11},{"not_picked":["hierophant:Endure+1","hierophant:FieryStrike"],"picked":"hierophant:Glossolalia","floor":13},{"not_picked":["hierophant:Doubloon+1","hierophant:Purify"],"picked":"hierophant:DeathKnell+1","floor":14},{"not_picked":["hierophant:MintersHammer","hierophant:DeathKnell+1"],"picked":"hierophant:LocustPlague","floor":16},{"not_picked":["hierophant:HolyVerse+1","hierophant:ArchangelShield"],"picked":"hierophant:DisplayOfPower","floor":18}],"player_experience":870062,"relics_obtained":[{"floor":6,"key":"Toxic Egg 2"},{"floor":9,"key":"Regal Pillow"},{"floor":11,"key":"Ancient Tea Set"},{"floor":13,"key":"Replay:Rubber Ducky"}],"event_choices":[{"damage_healed":25,"gold_gain":0,"player_choice":"Banana","damage_taken":0,"max_hp_gain":0,"max_hp_loss":0,"event_name":"Big Fish","floor":5,"gold_loss":0},{"damage_healed":0,"gold_gain":0,"player_choice":"Fought Bandits","damage_taken":0,"max_hp_gain":0,"max_hp_loss":0,"event_name":"Masked Bandits","floor":19,"gold_loss":0}],"is_beta":false,"boss_relics":[{"not_picked":["Philosopher\u0027s Stone","Empty Cage"],"picked":"ReplayTheSpireMod:DimensionalGlitch"}],"items_purged_floors":[2],"is_endless":false,"potions_floor_spawned":[1,6,7,8,16],"killed_by":"Masked Bandits","ascension_level":12}}