{"host":"gvmmh8a4dbuurnvz","time":1614262894,"event":{"mods":["100% Spire Juice","AchievementEnabler","Aspiration","BaseMod","Better Vampires","BetterRewards","Colored Powertips","Highlight Path","Marisa£®ÏF”Í°°ƒß¿Ì…≥£©","Minty Spire (QoL Compilation)","MostiFishMod","Remilia£®¿Ÿ√◊¿Ú—«£©","Spicy Shops","StSLib","The Cursed","The Runesmith","The Servant 0.9.4","Youmu£®ªÍ∆«—˝√Œ£©","°æ“≈ŒÔø®≈∆°øREMEMod"],"gold_per_floor":[116,116,116,130,59,85,102,102,102,120,134,149,149,149,149,249,249,467,467,467,30,242,242,268,268,295,295,495,845,845,857,857,955,1005,1021,1021,723,736,782,812,829,829,877,877,178,393,393,80,80,80,80,80,3,33,33],"floor_reached":56,"language":"ZHS","playtime":3540,"items_purged":["Strike_S","Strike_S","Strike_S","PreachingAvici","Normality","Regret","Decay","Decay","Writhe","Injury","Shame"],"score":1816,"play_id":"d5650657-79ba-4979-9fac-91e679c1ccc8","local_time":"20210225222133","is_ascension_mode":false,"campfire_choices":[{"floor":8.0,"key":"RECALL"},{"data":"Defy","floor":13.0,"key":"SMITH"},{"data":"RealityMarble","floor":15.0,"key":"SMITH"},{"data":"TheWorld","floor":23.0,"key":"SMITH"},{"data":"Sunlight","floor":25.0,"key":"SMITH"},{"data":"SurpressingFire","floor":27.0,"key":"SMITH"},{"data":"Moondial","floor":32.0,"key":"SMITH"},{"data":"TheWorld","floor":42.0,"key":"SMITH"},{"data":"Rearm","floor":44.0,"key":"SMITH"},{"data":"Starlight","floor":47.0,"key":"SMITH"},{"floor":49.0,"key":"DIG"},{"data":"DoubleEdge","floor":52.0,"key":"SMITH"}],"circlet_count":0,"master_deck":["Defend_S","Defend_S","Defend_S","Defend_S","KidneyShot","Exchange+1","Starlight+1","SurpressingFire+1","BottledTime","DoubleEdge+1","Defy+1","Forethought","Rearm+1","Moondial+1","RealityMarble+1","Comet","Sunlight+1","TheWorld+1","BottledTime","Dilation","Clumsy","SilverBlades+1","Violence","TheWorld+1","Sadistic Nature+1","Shame","Luminosity+1"],"relics":["Uniform","DaveBox","REME_ComplimentaryCards","CombinedTypeHook","Membership Card","Medical Kit","Singing Bowl","SynthV:TestCard","Dream Catcher","REME_DemonsWealth","BirthdayGift-Tetrahedron","Lantern","Anchor","SynthV:C4","Orrery","Bag of Preparation","Frozen Egg 2","Dodecahedron","Tiny House","aspiration:StickyExplosives_weak","Shovel","aspiration:FetidBarrel","Potion Belt","aspiration:TrustyKnives","HandDrill","PreservedInsect","Nunchaku","Bag of Marbles","BionicSphere","aspiration:HatOfInfinitePower","Toy Ornithopter"],"acts_visited":["Exordium","TheCity","TheBeyond","TheEnding"],"potions_floor_usage":[55,55],"damage_taken":[{"damage":0.0,"enemies":"Cultist","floor":1.0,"turns":2.0},{"damage":6.0,"enemies":"Jaw Worm","floor":4.0,"turns":3.0},{"damage":3.0,"enemies":"Gremlin Nob","floor":6.0,"turns":5.0},{"damage":5.0,"enemies":"2 Louse","floor":7.0,"turns":2.0},{"damage":10.0,"enemies":"Looter","floor":10.0,"turns":3.0},{"damage":0.0,"enemies":"Exordium Thugs","floor":11.0,"turns":3.0},{"damage":0.0,"enemies":"3 Louse","floor":12.0,"turns":2.0},{"damage":1.0,"enemies":"The Guardian","floor":16.0,"turns":9.0},{"damage":0.0,"enemies":"Shell Parasite","floor":18.0,"turns":3.0},{"damage":0.0,"enemies":"2 Thieves","floor":22.0,"turns":2.0},{"damage":0.0,"enemies":"Slavers","floor":24.0,"turns":2.0},{"damage":0.0,"enemies":"Snake Plant","floor":31.0,"turns":2.0},{"damage":0.0,"enemies":"Champ","floor":33.0,"turns":4.0},{"damage":0.0,"enemies":"Orb Walker","floor":35.0,"turns":1.0},{"damage":0.0,"enemies":"3 Shapes","floor":38.0,"turns":1.0},{"damage":0.0,"enemies":"2 Orb Walkers","floor":39.0,"turns":2.0},{"damage":0.0,"enemies":"Nemesis","floor":40.0,"turns":3.0},{"damage":0.0,"enemies":"Sphere and 2 Shapes","floor":41.0,"turns":1.0},{"damage":0.0,"enemies":"Writhing Mass","floor":46.0,"turns":1.0},{"damage":0.0,"enemies":"Awakened One","floor":50.0,"turns":5.0},{"damage":0.0,"enemies":"Shield and Spear","floor":54.0,"turns":1.0},{"damage":0,"enemies":"The Heart","floor":55,"turns":3}],"seed_played":"-6979967435942790669","potions_obtained":[{"floor":6.0,"key":"Regen Potion"},{"floor":10.0,"key":"DuplicationPotion"},{"floor":11.0,"key":"Block Potion"},{"floor":22.0,"key":"Explosive Potion"},{"floor":34.0,"key":"Swift Potion"},{"floor":46.0,"key":"Weak Potion"}],"is_trial":false,"path_per_floor":["M","?","?","M","$","E","M","R","T","M","M","M","R","?","R","B",null,"M","?","?","$","M","R","E","R","T","R","?","$","?","M","R","B",null,"M","?","$","M","?","E","M","R","T","R","$","M","R","$","R","B",null,"R","$","E","B",null],"character_chosen":"THE_SERVANT","items_purchased":["Starlight","SurpressingFire","BottledTime","Membership Card","DoubleEdge","Defy","Medical Kit","Singing Bowl","REME_GoldPotion","Energy Potion","Moondial","RealityMarble","BirthdayGift-Tetrahedron","Lantern","Orrery","Bag of Preparation","Frozen Egg 2","SilverBlades+1","Energy Potion","Violence","Dodecahedron","aspiration:StickyExplosives_weak","aspiration:TrustyKnives","HandDrill","PreservedInsect","Sadistic Nature+1","Nunchaku","Bag of Marbles","aspiration:HatOfInfinitePower"],"campfire_rested":0,"item_purchase_floors":[0,0,0,0,0,0,0,0,0,0,5,5,21,21,29,29,29,29,29,29,29,37,45,45,45,45,48,48,53],"current_hp_per_floor":[67,72,72,66,66,63,63,63,63,55,57,59,59,52,52,51,78,78,78,78,78,78,78,78,78,78,78,78,78,78,80,80,80,87,89,85,85,87,89,91,93,93,93,93,93,93,93,93,93,93,93,93,93,93,93],"gold":33,"neow_bonus":"","is_daily":false,"chose_seed":false,"campfire_upgraded":10,"win_rate":0.0,"timestamp":1614262893,"path_taken":["M","?","?","M","$","E","M","R","T","?","M","M","R","?","R","BOSS","M","?","?","$","?","R","E","R","T","R","?","$","?","M","R","BOSS","M","?","$","M","?","E","M","R","T","R","$","M","R","?","R","BOSS","R","$","E","BOSS"],"items_purchased_type":["Card","Card","Card","Relic","Card","Card","Relic","Relic","Potion","Potion","Card","Card","Relic","Relic","Relic","Relic","Relic","Card","Potion","Card","Relic","Relic","Relic","Relic","Relic","Card","Relic","Relic","Relic"],"build_version":"2020-12-22","purchased_purges":11,"victory":true,"max_hp_per_floor":[67,72,72,72,72,72,72,72,72,74,76,78,78,78,78,78,78,78,78,78,78,78,78,78,78,78,78,78,78,78,80,80,80,87,89,85,85,87,89,91,93,93,93,93,93,93,93,93,93,93,93,93,93,93,93],"card_choices":[{"not_picked":["TimeWarp","DoubleEdge","Potential"],"picked":"Singing Bowl","floor":1.0},{"not_picked":["Rewind","FastForward","Starlight","Unruled"],"picked":"Rearm","floor":4.0},{"not_picked":["Moonlight","Replace","Shuttle","DoubleEdge"],"picked":"Comet","floor":6.0},{"not_picked":["Replace","Starlight","DoubleEdge","Unruled"],"picked":"Sunlight","floor":7.0},{"not_picked":["Desolation","Alleviate","Ricochet","TimeWarp","Potential"],"picked":"Singing Bowl","floor":10.0},{"not_picked":["Rearm","DoubleEdge","FanOfKnives","Ricochet","Hightail"],"picked":"Singing Bowl","floor":11.0},{"not_picked":["Luminosity","Revamp","Rearm","FanOfKnives","ShatteredReality"],"picked":"Singing Bowl","floor":12.0},{"not_picked":["ForgedInTime","MurderousAura","Duplication","Embodiment"],"picked":"TheWorld","floor":16.0},{"not_picked":["BottledTime","Rearm","Desolation","ShatteredReality+1","Sabotage+1"],"picked":"Injury","floor":18.0},{"not_picked":["Rewind","TimeWarp","Unruled","DoubleEdge+1","Replace+1"],"picked":"Decay","floor":22.0},{"not_picked":["TimeWarp+1","Defy+1","Replace","FastForward","Clumsy"],"picked":"Dilation","floor":24.0},{"not_picked":["TimeWarp","Collapse+1","Desolation","Comet","Snipe"],"picked":"Normality","floor":29.0},{"not_picked":["TimeWarp","Barrier","Spin","Starlight+1","DoubleEdge"],"picked":"Shame","floor":29.0},{"not_picked":["RealityMarble+1","Barrier","Advance","InstantArmor","StarChef"],"picked":"Regret","floor":29.0},{"not_picked":["Rearm","Manipulate+1","Luminosity","Rewind","Revamp"],"picked":"Writhe","floor":29.0},{"not_picked":["ShatteredReality+1","DualDimension","Rearm","SpecialFormula","Replace"],"picked":"Clumsy","floor":29.0},{"not_picked":["Revamp","Spin","PendulumOfEternity","SurpressingFire+1","Rearm+1","Doubt"],"picked":"Singing Bowl","floor":31.0},{"not_picked":["MurderousAura+1","FloweringNight+1","FlawlessForm+1","KillingDoll","Parasite"],"picked":"TheWorld","floor":33.0},{"not_picked":["SpecialFormula+1","Revamp","Replace","Defy","FastForward","TheCursedMod:Dregs"],"picked":"Singing Bowl","floor":34.0},{"not_picked":["Rewind+1","Misdirection+1","Defy","Read","Alleviate","Clumsy"],"picked":"Singing Bowl","floor":35.0},{"not_picked":["BottledTime+1","Spin+1","TimeWarp+1","Deny","DoubleEdge","Shame"],"picked":"Singing Bowl","floor":38.0},{"not_picked":["Comet","ReturningBlade","Reset","Starlight","DoubleEdge","Injury"],"picked":"Singing Bowl","floor":39.0},{"not_picked":["DoubleEdge","DualDimension+1","Comet+1","Shuttle+1","Hightail+1","Shame"],"picked":"Singing Bowl","floor":40.0},{"not_picked":["DoubleEdge","Hightail","FastForward","MoonPhase+1","Alleviate","Normality"],"picked":"Singing Bowl","floor":41.0},{"not_picked":["Comet+1","SurpressingFire+1","Starlight+1","LightFlow","ShatteredReality"],"picked":"Shame","floor":46.0},{"not_picked":["Collapse","Gouge+1","Replace","Rearm","Pain"],"picked":"Luminosity+1","floor":54.0}],"player_experience":365186,"relics_obtained":[{"floor":1.0,"key":"SynthV:TestCard"},{"floor":6.0,"key":"Dream Catcher"},{"floor":24.0,"key":"Anchor"},{"floor":26.0,"key":"SynthV:C4"},{"floor":39.0,"key":"Shovel"},{"floor":40.0,"key":"aspiration:FetidBarrel"},{"floor":43.0,"key":"Potion Belt"},{"floor":49.0,"key":"BionicSphere"},{"floor":54.0,"key":"Toy Ornithopter"}],"event_choices":[{"damage_healed":0.0,"max_hp_gain":5.0,"max_hp_loss":0.0,"gold_gain":0.0,"event_name":"Big Fish","player_choice":"Donut","floor":2.0,"gold_loss":0.0,"damage_taken":0.0},{"cards_removed":["Strike_S"],"damage_healed":0.0,"max_hp_gain":0.0,"max_hp_loss":0.0,"gold_gain":0.0,"event_name":"Golden Wing","player_choice":"Card Removal","floor":14.0,"gold_loss":0.0,"damage_taken":7.0},{"damage_healed":0.0,"max_hp_gain":0.0,"max_hp_loss":0.0,"gold_gain":0.0,"event_name":"The Library","player_choice":"Read","floor":19.0,"gold_loss":0.0,"damage_taken":0.0,"cards_obtained":["BottledTime"]},{"damage_healed":0.0,"max_hp_gain":0.0,"max_hp_loss":0.0,"gold_gain":0.0,"event_name":"Match and Keep!","player_choice":"0 cards matched","floor":20.0,"gold_loss":0.0,"damage_taken":0.0,"cards_obtained":[]},{"damage_healed":0.0,"max_hp_gain":0.0,"max_hp_loss":0.0,"gold_gain":0.0,"event_name":"Forgotten Altar","player_choice":"Smashed Altar","floor":28.0,"gold_loss":0.0,"damage_taken":0.0,"cards_obtained":["Decay"]},{"damage_healed":0.0,"max_hp_gain":0.0,"max_hp_loss":0.0,"gold_gain":0.0,"event_name":"Ghosts","player_choice":"Ignored","floor":30.0,"gold_loss":0.0,"damage_taken":0.0},{"damage_healed":0.0,"max_hp_gain":0.0,"max_hp_loss":4.0,"gold_gain":0.0,"event_name":"Winding Halls","player_choice":"Max HP","floor":36.0,"gold_loss":0.0,"damage_taken":0.0},{"damage_healed":0.0,"max_hp_gain":0.0,"max_hp_loss":0.0,"gold_gain":0.0,"event_name":"Mysterious Sphere","player_choice":"Fight","floor":39.0,"gold_loss":0.0,"damage_taken":0.0}],"is_beta":false,"boss_relics":[{"not_picked":["Cursed Key","MoonlightInvasionPlan"],"picked":"REME_DemonsWealth"},{"not_picked":["aspiration:FutureDiary","SacredBark"],"picked":"Tiny House"}],"items_purged_floors":[0,0,0,21,29,29,37,37,45,45,48],"is_endless":false,"potions_floor_spawned":[6,10,11,22,35,46,54],"ascension_level":0}}