{"host":"uyfpom4rlahfoee4","time":1614289891,"event":{"mods":["BaseMod","Downfall","Minty Spire (QoL Compilation)","StSLib"],"gold_per_floor":[99,118,131,142,157,157,157,157,157,157],"floor_reached":8,"language":"ENG","playtime":329,"items_purged":[],"score":48,"play_id":"d8a2c223-782e-44e5-acf7-cbaf5d61852f","local_time":"20210225135131","is_ascension_mode":false,"campfire_choices":[{"data":"sneckomod:SnekBite","floor":1,"key":"SMITH"},{"data":"sneckomod:MorePower","floor":6,"key":"SMITH"}],"circlet_count":0,"master_deck":["sneckomod:Strike","sneckomod:Strike","sneckomod:Strike","sneckomod:Defend","sneckomod:Defend","sneckomod:Defend","sneckomod:TailWhip+1","sneckomod:SnekBite+1","sneckomod:Unknown","sneckomod:Unknown","sneckomod:SoulRoll","sneckomod:MorePower","sneckomod:UnknownStrike+1","sneckomod:MorePower+1","sneckomod:UnknownStrength+1","sneckomod:UnknownRarePower+1","sneckomod:MasterEye"],"relics":["sneckomod:SneckoSoul","Du-Vu Doll"],"acts_visited":["Exordium"],"potions_floor_usage":[],"damage_taken":[{"damage":2,"enemies":"2 Louse","floor":2,"turns":3},{"damage":0,"enemies":"Jaw Worm","floor":3,"turns":2},{"damage":5,"enemies":"Small Slimes","floor":4,"turns":3},{"damage":12,"enemies":"3 Louse","floor":5,"turns":3},{"damage":35,"enemies":"3 Sentries","floor":8,"turns":8}],"seed_played":"8610272404557123654","potions_obtained":[],"is_trial":false,"path_per_floor":["R","M","M","M","M","R","T","E"],"character_chosen":"THE_SNECKO","items_purchased":[],"campfire_rested":0,"item_purchase_floors":[],"current_hp_per_floor":[90,88,88,83,71,71,71,36,36,36],"gold":157,"neow_bonus":"UPGRADE_CARD","is_daily":false,"chose_seed":false,"campfire_upgraded":2,"win_rate":0.0,"timestamp":1614289891,"path_taken":["R","M","M","M","M","R","T","E"],"items_purchased_type":[],"build_version":"2020-12-22","purchased_purges":0,"victory":false,"max_hp_per_floor":[90,90,90,90,90,90,90,90,90,90],"card_choices":[{"not_picked":["sneckomod:UnknownDraw","sneckomod:DiceCrush"],"picked":"sneckomod:SoulRoll","floor":2},{"not_picked":["sneckomod:UnknownX","sneckomod:DiceBoulder"],"picked":"sneckomod:MorePower","floor":3},{"not_picked":["sneckomod:UnknownUncommonAttack+1","sneckomod:UnknownBlock+1"],"picked":"sneckomod:UnknownStrike+1","floor":4},{"not_picked":["sneckomod:Unknown1Cost","sneckomod:RainOfDice"],"picked":"sneckomod:MorePower","floor":4},{"not_picked":["sneckomod:UnknownUncommonAttack+1","sneckomod:Unknown3Cost+1"],"picked":"sneckomod:UnknownStrength+1","floor":5},{"not_picked":["sneckomod:Unknown1Cost+1","sneckomod:UnknownStrike+1"],"picked":"sneckomod:UnknownRarePower+1","floor":5},{"not_picked":["sneckomod:ImprovisedGuard","sneckomod:QuickBite"],"picked":"sneckomod:MasterEye","floor":5}],"player_experience":211165,"relics_obtained":[{"floor":7,"key":"Du-Vu Doll"}],"event_choices":[],"is_beta":false,"boss_relics":[],"items_purged_floors":[],"is_endless":false,"potions_floor_spawned":[],"killed_by":"3 Sentries","ascension_level":0}}