{"host":"Vert","time":1614263458,"event":{"mods":["AlwaysNeverKeys","BaseMod","Better Note","Better Third Choice","Colored Powertips","Downfall","Hermit","Marisa????????","Minty Spire (QoL Compilation)","Replay The Spire","StSLib","Td1madao Mod","The Cursed","The Disciple","The Gatherer","The Marked","The Servant 0.9.4","Together in Spire","Transform Curses","everything is the same but u backflip on backflip"],"gold_per_floor":[109,34,50,150,170,170,181,214,239,284,284,312,363,380,380,484,484,506,506,506,606,86,133,133,183,251,302,337,357,357],"floor_reached":29,"language":"ENG","playtime":1369,"items_purged":["Regret"],"score":394,"play_id":"1c0e0f3e-2a02-44bf-9402-1551fd9c1468","local_time":"20210225173058","is_ascension_mode":true,"campfire_choices":[{"floor":6,"key":"RECALL"},{"floor":11,"key":"REST"},{"floor":15,"key":"REST"},{"floor":24,"key":"REST"}],"circlet_count":0,"master_deck":["Strike_P","Defend_P","Defend_P","Defend_P","Defend_P","Eruption","Vigilance","Ragnarok","Swivel","Prostrate","Worship","EmptyBody","Judgement","WindmillStrike","SandsOfTime","Prostrate","Replay:LoomingThreat","Replay:AtTheReady+1","CarveReality+1","Indignation+1","Necronomicurse","Ragnarok","Spreading Infection"],"relics":["PureWater","Replay:Bandana","Replay:Baseball","Letter Opener","Replay:Grab Bag","Cursed Key","ReplayTheSpireMod:Onyx Gauntlets","Astrolabe","Necronomicon","Ginger","Simple Rune","InkBottle","Matryoshka"],"acts_visited":["Exordium","TheCity"],"potions_floor_usage":[8,13,23,23,27],"damage_taken":[{"damage":9,"enemies":"Jaw Worm","floor":1,"turns":3},{"damage":0,"enemies":"Cultist","floor":3,"turns":2},{"damage":1,"enemies":"2 Louse","floor":5,"turns":3},{"damage":8,"enemies":"Lots of Slimes","floor":7,"turns":4},{"damage":7,"enemies":"Replay:BlueRogue","floor":8,"turns":10},{"damage":28,"enemies":"Gremlin Nob","floor":10,"turns":5},{"damage":0,"enemies":"2 Fungi Beasts","floor":12,"turns":2},{"damage":0,"enemies":"3 Sentries","floor":13,"turns":6},{"damage":9,"enemies":"Looter","floor":14,"turns":4},{"damage":25,"enemies":"Fading Forest","floor":16,"turns":11},{"damage":17,"enemies":"Shell Parasite","floor":18,"turns":4},{"damage":0,"enemies":"Book of Stabbing","floor":23,"turns":4},{"damage":0,"enemies":"Chosen","floor":25,"turns":3},{"damage":0,"enemies":"Replay:Snechameleon","floor":27,"turns":2},{"damage":45,"enemies":"Snake Plant","floor":28,"turns":3},{"damage":22,"enemies":"Cultist and Chosen","floor":29,"turns":4}],"seed_played":"-7754226046019746502","potions_obtained":[{"floor":3,"key":"Adrenaline Potion"},{"floor":10,"key":"Dexterity Potion"},{"floor":13,"key":"Strength Potion"},{"floor":18,"key":"Guardian:BlockOnCardUsePotion"},{"floor":28,"key":"BlessingOfTheForge"}],"is_trial":false,"path_per_floor":["M","$","M","?","M","R","M","E","T","E","R","M","E","M","R","B",null,"M","?","?","?","$","E","R","M","T","E","M","M"],"character_chosen":"WATCHER","items_purchased":["Ragnarok","Ginger","Languid Potion"],"campfire_rested":3,"item_purchase_floors":[22,22,22],"current_hp_per_floor":[63,63,63,63,62,62,54,47,47,19,40,40,40,31,52,37,72,55,39,26,26,26,26,49,49,49,49,4,0,0],"gold":357,"neow_bonus":"THREE_RARE_CARDS","is_daily":false,"chose_seed":false,"campfire_upgraded":0,"win_rate":0.0,"timestamp":1614263458,"path_taken":["M","$","M","?","M","R","?","E","T","E","R","M","E","M","R","BOSS","M","?","?","?","$","E","R","M","T","E","M","M"],"items_purchased_type":["Card","Relic","Potion"],"build_version":"2020-12-18","purchased_purges":1,"victory":false,"max_hp_per_floor":[72,72,72,72,72,72,72,72,72,72,72,72,72,72,72,72,72,72,72,77,77,77,77,77,77,77,77,77,77,77],"card_choices":[{"not_picked":["Omniscience","Vault"],"picked":"Ragnarok","floor":0},{"not_picked":["PathToVictory","WheelKick","Replay:AtTheReady"],"picked":"SKIP","floor":1},{"not_picked":["InnerPeace","ClearTheMind"],"picked":"Swivel","floor":3},{"not_picked":["CrushJoints","WheelKick"],"picked":"Prostrate","floor":5},{"not_picked":["Evaluate","Study"],"picked":"Worship","floor":7},{"not_picked":["ClearTheMind","CutThroughFate"],"picked":"EmptyBody","floor":8},{"not_picked":["ReachHeaven","Replay:AtTheReady"],"picked":"Judgement","floor":10},{"not_picked":["FlurryOfBlows","Halt"],"picked":"WindmillStrike","floor":12},{"not_picked":["WheelKick","WreathOfFlame"],"picked":"SandsOfTime","floor":13},{"not_picked":["BowlingBash","ClearTheMind"],"picked":"Prostrate","floor":14},{"not_picked":["Vault","SpiritShield"],"picked":"Replay:LoomingThreat","floor":16},{"not_picked":["FlurryOfBlows","SashWhip","Vengeance"],"picked":"SKIP","floor":18},{"not_picked":["Replay:BluntJabs","MasterReality","Wallop"],"picked":"SKIP","floor":23},{"not_picked":["Evaluate","BowlingBash","Nirvana+1"],"picked":"SKIP","floor":25},{"not_picked":["FollowUp","ReachHeaven","Nirvana"],"picked":"SKIP","floor":27},{"not_picked":["Replay:BluntJabs","Wallop","ThirdEye"],"picked":"SKIP","floor":28}],"player_experience":549935,"relics_obtained":[{"floor":8,"key":"Replay:Bandana"},{"floor":10,"key":"Replay:Baseball"},{"floor":13,"key":"Letter Opener"},{"floor":19,"key":"Necronomicon"},{"floor":23,"key":"Simple Rune"},{"floor":26,"key":"InkBottle"},{"floor":27,"key":"Matryoshka"}],"event_choices":[{"damage_healed":0,"gold_gain":100,"player_choice":"Pray","damage_taken":0,"max_hp_gain":0,"max_hp_loss":0,"event_name":"Golden Shrine","floor":4,"gold_loss":0},{"damage_healed":0,"gold_gain":0,"player_choice":"Obtained Book","damage_taken":16,"max_hp_gain":0,"max_hp_loss":0,"event_name":"Cursed Tome","floor":19,"gold_loss":0},{"damage_healed":0,"gold_gain":0,"player_choice":"Shed Blood","damage_taken":18,"max_hp_gain":5,"max_hp_loss":0,"event_name":"Forgotten Altar","floor":20,"gold_loss":0},{"damage_healed":0,"gold_gain":100,"player_choice":"Pray","damage_taken":0,"max_hp_gain":0,"max_hp_loss":0,"event_name":"Golden Shrine","floor":21,"gold_loss":0}],"is_beta":true,"boss_relics":[{"not_picked":["Snecko Eye","Honey Jar"],"picked":"Replay:Grab Bag"},{"not_picked":["Busted Crown","Velvet Choker"],"picked":"Cursed Key"},{"not_picked":["ReplayTheSpireMod:DimensionalGlitch","Coffee Dripper"],"picked":"ReplayTheSpireMod:Onyx Gauntlets"},{"not_picked":["Runic Pyramid","Pandora\u0027s Box"],"picked":"Astrolabe"}],"items_purged_floors":[2],"is_endless":false,"potions_floor_spawned":[3,10,13,18,28],"killed_by":"Cultist and Chosen","ascension_level":2}}