{"host":"y13mj1mxwnd5xx1x","time":1614234448,"event":{"mods":["AchievementEnabler","BaseMod","Minty Spire (QoL Compilation)"],"gold_per_floor":[114,129,129,129,94,132,7,7,7,7,45,64,83,102,102,227,227,246,246,246,345,110,148,148,167,167,205,224,146,146,165,165,165,165],"floor_reached":33,"language":"ENG","playtime":1810,"items_purged":["Streamline"],"score":443,"play_id":"21ec8b55-6aa9-414e-9d96-27371cbcaded","local_time":"20210225002728","daily_mods":["Insanity","Colorless Cards","Night Terrors"],"is_ascension_mode":false,"campfire_choices":[{"data":"Mind Blast","floor":8,"key":"SMITH"},{"data":"Streamline","floor":10,"key":"SMITH"},{"data":"BootSequence","floor":15,"key":"SMITH"},{"data":"Creative AI","floor":24,"key":"SMITH"},{"data":"Hologram","floor":32,"key":"SMITH"}],"circlet_count":0,"master_deck":["Streamline+1","Hologram+1","Redo","Ball Lightning","Leap","Gash","Barrage","Hello World","Blizzard","Undo","Turbo","Undo","Bandage Up","Streamline","BootSequence+1","Glacier","Stack","Gash","Ball Lightning","Turbo","Gash","Turbo","Beam Cell","Trip","Redo","Jack Of All Trades","Ball Lightning","Coolheaded","Hologram","Leap","Doom and Gloom","Hologram","Coolheaded","Ball Lightning","Rebound","Self Repair","Streamline","Skim","Loop","Blizzard","Mind Blast+1","Barrage","Beam Cell","Rebound","Streamline","Static Discharge","FTL","Scrape","Loop","Steam","Multi-Cast","Coolheaded","Creative AI+1","Streamline+1","J.A.X.","Capacitor","Gash","Darkness+1","Gash","Ball Lightning","Stack","Storm","Leap+1","Barrage","BootSequence","Defragment","Self Repair"],"relics":["Cracked Core","Golden Idol","Girya","Pantograph","MealTicket","Busted Crown","Orrery","Centennial Puzzle","Bottled Flame","Oddly Smooth Stone"],"acts_visited":["Exordium","TheCity"],"potions_floor_usage":[16,23,28,33],"damage_taken":[{"damage":0,"enemies":"2 Louse","floor":1,"turns":1},{"damage":0,"enemies":"Small Slimes","floor":2,"turns":1},{"damage":15,"enemies":"3 Sentries","floor":6,"turns":4},{"damage":0,"enemies":"Lagavulin","floor":11,"turns":2},{"damage":0,"enemies":"Jaw Worm","floor":12,"turns":1},{"damage":0,"enemies":"Large Slime","floor":13,"turns":1},{"damage":0,"enemies":"2 Fungi Beasts","floor":14,"turns":2},{"damage":25,"enemies":"Hexaghost","floor":16,"turns":7},{"damage":0,"enemies":"Chosen","floor":18,"turns":3},{"damage":29,"enemies":"Gremlin Leader","floor":23,"turns":3},{"damage":0,"enemies":"2 Thieves","floor":25,"turns":3},{"damage":8,"enemies":"Slavers","floor":27,"turns":7},{"damage":0,"enemies":"Sentry and Sphere","floor":28,"turns":3},{"damage":0,"enemies":"Shelled Parasite and Fungi","floor":31,"turns":2},{"damage":86,"enemies":"Automaton","floor":33,"turns":6}],"seed_played":"3523290589944034342","potions_obtained":[{"floor":2,"key":"LiquidBronze"},{"floor":6,"key":"Block Potion"},{"floor":11,"key":"DuplicationPotion"},{"floor":18,"key":"LiquidMemories"},{"floor":28,"key":"Ancient Potion"}],"is_trial":false,"path_per_floor":["M","M","?","?","?","E","$","R","T","R","E","M","M","M","R","B",null,"M","?","?","?","$","E","R","M","T","E","M","$","?","M","R","B"],"character_chosen":"DEFECT","items_purchased":["Block Potion","Capacitor","Gash","Orrery","Defragment"],"campfire_rested":0,"item_purchase_floors":[7,22,22,22,29],"current_hp_per_floor":[75,75,75,57,75,67,67,67,67,67,67,67,67,71,71,50,75,75,75,75,75,75,46,46,53,53,56,56,71,71,75,75,0,0],"gold":165,"neow_bonus":"","is_daily":true,"chose_seed":false,"campfire_upgraded":5,"win_rate":0.0,"timestamp":1614234448,"path_taken":["M","M","?","?","?","E","?","R","T","R","E","M","M","M","R","BOSS","M","?","?","?","$","E","R","M","T","E","M","?","?","M","R","BOSS"],"items_purchased_type":["Potion","Card","Card","Relic","Card"],"build_version":"2020-12-22","purchased_purges":1,"victory":false,"max_hp_per_floor":[75,75,75,75,75,75,75,75,75,75,75,75,75,75,75,75,75,75,75,75,75,75,75,75,75,75,75,75,75,75,75,75,75,75],"card_choices":[{"not_picked":["Undo","Redo","Conserve Battery"],"picked":"SKIP","floor":1},{"not_picked":["Gash","Barrage","Hologram"],"picked":"SKIP","floor":2},{"not_picked":["Coolheaded","Beam Cell","Recycle"],"picked":"SKIP","floor":6},{"not_picked":["Hello World","Stack","Compile Driver"],"picked":"SKIP","floor":11},{"not_picked":["Redo","Go for the Eyes"],"picked":"Steam","floor":12},{"not_picked":["Loop","Force Field"],"picked":"Multi-Cast","floor":13},{"not_picked":["Streamline","Barrage"],"picked":"Coolheaded","floor":14},{"not_picked":["Violence","Mayhem"],"picked":"Creative AI","floor":16},{"not_picked":[],"picked":"Streamline+1","floor":18},{"not_picked":[],"picked":"Darkness+1","floor":22},{"not_picked":[],"picked":"Gash","floor":22},{"not_picked":[],"picked":"Ball Lightning","floor":22},{"not_picked":[],"picked":"Stack","floor":22},{"not_picked":[],"picked":"Storm","floor":22},{"not_picked":[],"picked":"Leap+1","floor":23},{"not_picked":[],"picked":"Barrage","floor":25},{"not_picked":["PanicButton"],"picked":"SKIP","floor":27},{"not_picked":[],"picked":"BootSequence","floor":28},{"not_picked":[],"picked":"Self Repair","floor":31}],"player_experience":209391,"relics_obtained":[{"floor":6,"key":"Girya"},{"floor":9,"key":"Pantograph"},{"floor":11,"key":"MealTicket"},{"floor":23,"key":"Centennial Puzzle"},{"floor":26,"key":"Bottled Flame"},{"floor":27,"key":"Oddly Smooth Stone"}],"event_choices":[{"damage_healed":0,"gold_gain":0,"player_choice":"Ignored","damage_taken":0,"max_hp_gain":0,"max_hp_loss":0,"event_name":"Liars Game","floor":3,"gold_loss":0},{"damage_healed":0,"gold_gain":0,"player_choice":"Take Damage","damage_taken":18,"relics_obtained":["Golden Idol"],"max_hp_gain":0,"max_hp_loss":0,"event_name":"Golden Idol","floor":4,"gold_loss":0},{"damage_healed":18,"gold_gain":0,"player_choice":"Healed","damage_taken":0,"max_hp_gain":0,"max_hp_loss":0,"event_name":"The Cleric","floor":5,"gold_loss":35},{"damage_healed":0,"gold_gain":0,"player_choice":"Ignored","damage_taken":0,"max_hp_gain":0,"max_hp_loss":0,"event_name":"Ghosts","floor":19,"gold_loss":0},{"damage_healed":0,"gold_gain":0,"player_choice":"Obtain J.A.X.","damage_taken":0,"max_hp_gain":0,"max_hp_loss":0,"event_name":"Drug Dealer","floor":20,"gold_loss":0,"cards_obtained":["J.A.X."]},{"damage_healed":0,"gold_gain":99,"player_choice":"Stole From Cult","damage_taken":0,"max_hp_gain":0,"max_hp_loss":0,"event_name":"Nest","floor":21,"gold_loss":0},{"damage_healed":0,"gold_gain":0,"player_choice":"Simplicity","damage_taken":0,"max_hp_gain":0,"max_hp_loss":0,"event_name":"Back to Basics","floor":30,"gold_loss":0,"cards_upgraded":[]}],"is_beta":false,"boss_relics":[{"not_picked":["Tiny House","Calling Bell"],"picked":"Busted Crown"}],"items_purged_floors":[7],"is_endless":false,"potions_floor_spawned":[2,6,11,14,18,28],"killed_by":"Automaton","ascension_level":0}}