{"host":"raaimkojny05jekw","time":1614262319,"event":{"mods":["AchievementEnabler","BaseMod","Colored Map","Colored Powertips","DeckTracker","Minty Spire (QoL Compilation)","Quick Restart","Rare Cards Sparkle","everything is the same but u backflip on backflip"],"gold_per_floor":[119,119,69,69,69,100,100,132,157,188,201,216,226,236,236,334,334,345,14,25,25,25,25,41,41,92,42,56,56,67,67,67,167,167,181,231,231,248,123,154,154,154,177,177,177,189,189,219,219,219,219,219,7,40,40,40],"floor_reached":55,"language":"KOR","playtime":1534,"items_purged":["Strike_R","Defend_R","Wild Strike"],"score":1226,"play_id":"a8077a68-e449-4fd0-be13-4ec540f25d92","local_time":"20210225231159","is_ascension_mode":true,"campfire_choices":[{"data":"Bash","floor":7,"key":"SMITH"},{"data":"Heavy Blade","floor":15,"key":"SMITH"},{"data":"Evolve","floor":23,"key":"SMITH"},{"data":"True Grit","floor":25,"key":"SMITH"},{"floor":32,"key":"REST"},{"data":"Apotheosis","floor":41,"key":"SMITH"},{"floor":45,"key":"RECALL"},{"data":"Limit Break","floor":47,"key":"SMITH"},{"floor":49,"key":"REST"},{"data":"Rupture","floor":52,"key":"SMITH"}],"circlet_count":0,"master_deck":["AscendersBane","Strike_R+1","Strike_R+1","Defend_R","Defend_R","Defend_R","Bash+1","Brutality","Spot Weakness","Immolate","Reaper","True Grit+1","Heavy Blade+1","Impervious","Offering","Ghostly Armor","Evolve+1","Reckless Charge","Necronomicurse","Limit Break+1","Spot Weakness","Rupture+1","Apotheosis+1","Power Through","Evolve+1","Battle Trance","Fire Breathing","Bandage Up","Reaper"],"relics":["Burning Blood","NeowsBlessing","Bag of Marbles","Question Card","Smiling Mask","Self Forming Clay","Sozu","Bottled Flame","PreservedInsect","Necronomicon","Mark of Pain","Bird Faced Urn","Mercury Hourglass","Bronze Scales","Champion Belt"],"acts_visited":["Exordium","TheCity","TheBeyond","TheEnding"],"potions_floor_usage":[10,14,30,33],"damage_taken":[{"damage":0,"enemies":"Jaw Worm","floor":1,"turns":1},{"damage":0,"enemies":"3 Sentries","floor":6,"turns":1},{"damage":0,"enemies":"Lagavulin","floor":8,"turns":1},{"damage":29,"enemies":"3 Sentries","floor":10,"turns":5},{"damage":0,"enemies":"2 Louse","floor":11,"turns":2},{"damage":0,"enemies":"Small Slimes","floor":12,"turns":2},{"damage":14,"enemies":"Red Slaver","floor":13,"turns":4},{"damage":5,"enemies":"Gremlin Gang","floor":14,"turns":4},{"damage":46,"enemies":"Slime Boss","floor":16,"turns":8},{"damage":20,"enemies":"2 Thieves","floor":18,"turns":4},{"damage":20,"enemies":"Shell Parasite","floor":20,"turns":4},{"damage":31,"enemies":"Snake Plant","floor":24,"turns":3},{"damage":30,"enemies":"Shelled Parasite and Fungi","floor":28,"turns":7},{"damage":11,"enemies":"Sentry and Sphere","floor":30,"turns":3},{"damage":78,"enemies":"Collector","floor":33,"turns":7},{"damage":0,"enemies":"3 Darklings","floor":35,"turns":1},{"damage":29,"enemies":"Mind Bloom Boss Battle","floor":36,"turns":5},{"damage":12,"enemies":"Orb Walker","floor":38,"turns":2},{"damage":29,"enemies":"Giant Head","floor":40,"turns":5},{"damage":0,"enemies":"Jaw Worm Horde","floor":46,"turns":1},{"damage":24,"enemies":"Reptomancer","floor":48,"turns":3},{"damage":79,"enemies":"Time Eater","floor":50,"turns":7},{"damage":94,"enemies":"Shield and Spear","floor":54,"turns":6},{"damage":31,"enemies":"The Heart","floor":55,"turns":2}],"seed_played":"-5865094351309015270","potions_obtained":[{"floor":1,"key":"Energy Potion"},{"floor":6,"key":"LiquidBronze"},{"floor":13,"key":"AttackPotion"},{"floor":14,"key":"Regen Potion"}],"is_trial":false,"path_per_floor":["M","?","?","?","$","E","R","E","T","E","M","M","M","M","R","B",null,"M","$","M","$","?","R","M","R","T","$","M","?","M","?","R","B",null,"M","?","?","M","$","E","R","?","T","T","R","M","R","E","R","B",null,"R","$","E","B"],"character_chosen":"IRONCLAD","items_purchased":["Evolve","Bottled Flame","Power Through","Fire Breathing","Bandage Up"],"campfire_rested":2,"item_purchase_floors":[19,19,39,53,53],"current_hp_per_floor":[78,62,62,62,62,68,68,74,74,51,69,80,76,77,77,45,71,67,67,63,63,63,63,48,48,48,48,27,11,15,15,39,9,62,68,80,80,74,74,57,57,57,57,57,57,63,63,49,73,51,73,73,73,25,0,0],"gold":40,"neow_bonus":"THREE_ENEMY_KILL","is_daily":false,"chose_seed":false,"campfire_upgraded":7,"win_rate":0.0,"timestamp":1614262319,"path_taken":["M","?","?","?","$","E","R","E","T","E","?","M","M","M","R","BOSS","M","$","?","$","?","R","?","R","T","?","M","?","M","?","R","BOSS","M","?","?","M","$","E","R","?","T","?","R","M","R","E","R","BOSS","R","$","E","BOSS"],"items_purchased_type":["Card","Relic","Card","Card","Card"],"build_version":"2020-12-22","purchased_purges":3,"victory":false,"max_hp_per_floor":[80,80,80,80,80,80,80,80,80,80,80,80,80,80,80,80,80,80,80,80,80,80,80,80,80,80,80,80,80,80,80,80,80,80,80,80,80,80,80,80,80,80,80,80,80,80,80,80,80,80,80,80,80,80,80,80],"card_choices":[{"not_picked":["Combust","Heavy Blade"],"picked":"Wild Strike","floor":1},{"not_picked":["Cleave","Pommel Strike"],"picked":"Spot Weakness","floor":6},{"not_picked":["Iron Wave","Havoc"],"picked":"Immolate","floor":8},{"not_picked":["Sword Boomerang","Shrug It Off","Entrench"],"picked":"Reaper","floor":10},{"not_picked":["Iron Wave","Clash","Cleave"],"picked":"True Grit","floor":11},{"not_picked":["Flex","Clothesline","Thunderclap"],"picked":"Heavy Blade","floor":12},{"not_picked":["Pummel","True Grit","Heavy Blade"],"picked":"Impervious","floor":13},{"not_picked":["Iron Wave","Warcry","Thunderclap","True Grit"],"picked":"SKIP","floor":14},{"not_picked":["Barricade","Exhume","Juggernaut"],"picked":"Offering","floor":16},{"not_picked":["Shrug It Off","Perfected Strike","Sentinel"],"picked":"Ghostly Armor","floor":18},{"not_picked":["Clash","Havoc","Iron Wave"],"picked":"Reckless Charge","floor":20},{"not_picked":["Clothesline","True Grit","Sword Boomerang","Thunderclap"],"picked":"SKIP","floor":24},{"not_picked":["Clash","Flex","Fiend Fire","Pommel Strike"],"picked":"SKIP","floor":28},{"not_picked":["Thunderclap","Clash","Blood for Blood+1","Iron Wave"],"picked":"SKIP","floor":30},{"not_picked":["Fiend Fire","Feed","Bludgeon"],"picked":"Limit Break","floor":33},{"not_picked":["Feel No Pain","Perfected Strike","Heavy Blade+1"],"picked":"Spot Weakness","floor":35},{"not_picked":["Armaments","Clothesline","Entrench"],"picked":"Rupture","floor":36},{"not_picked":["Impatience","Metamorphosis","Discovery"],"picked":"Apotheosis","floor":37},{"not_picked":["Reckless Charge","Iron Wave","True Grit","Body Slam+1"],"picked":"SKIP","floor":38},{"not_picked":["Perfected Strike","Anger+1","Sever Soul"],"picked":"Evolve+1","floor":40},{"not_picked":["Pommel Strike","Havoc","Whirlwind","Hemokinesis+1"],"picked":"SKIP","floor":46},{"not_picked":["Thunderclap+1","Clothesline+1","Twin Strike+1"],"picked":"Battle Trance","floor":48},{"not_picked":["Warcry+1","Iron Wave","Perfected Strike+1"],"picked":"Reaper","floor":54}],"player_experience":789850,"relics_obtained":[{"floor":6,"key":"Bag of Marbles"},{"floor":8,"key":"Question Card"},{"floor":9,"key":"Smiling Mask"},{"floor":10,"key":"Self Forming Clay"},{"floor":26,"key":"PreservedInsect"},{"floor":29,"key":"Necronomicon"},{"floor":40,"key":"Bird Faced Urn"},{"floor":44,"key":"Mercury Hourglass"},{"floor":48,"key":"Bronze Scales"},{"floor":54,"key":"Champion Belt"}],"event_choices":[{"damage_healed":0,"gold_gain":0,"player_choice":"Entered Light","damage_taken":16,"max_hp_gain":0,"max_hp_loss":0,"event_name":"Shining Light","floor":2,"gold_loss":0,"cards_upgraded":["Strike_R","Strike_R"]},{"cards_removed":["Strike_R"],"damage_healed":0,"gold_gain":0,"player_choice":"Card Removal","damage_taken":0,"max_hp_gain":0,"max_hp_loss":0,"event_name":"The Cleric","floor":3,"gold_loss":50},{"damage_healed":0,"gold_gain":0,"player_choice":"1 cards matched","damage_taken":0,"max_hp_gain":0,"max_hp_loss":0,"event_name":"Match and Keep!","floor":4,"gold_loss":0,"cards_obtained":["Brutality"]},{"damage_healed":0,"gold_gain":0,"player_choice":"Got Potions","damage_taken":0,"max_hp_gain":0,"max_hp_loss":0,"event_name":"Lab","floor":22,"gold_loss":0},{"damage_healed":0,"gold_gain":0,"player_choice":"Obtained Book","damage_taken":16,"max_hp_gain":0,"max_hp_loss":0,"event_name":"Cursed Tome","floor":29,"gold_loss":0},{"cards_removed":["Strike_R"],"damage_healed":0,"gold_gain":0,"player_choice":"Elegance","damage_taken":0,"max_hp_gain":0,"max_hp_loss":0,"event_name":"Back to Basics","floor":31,"gold_loss":0},{"damage_healed":0,"gold_gain":0,"player_choice":"Fight","damage_taken":0,"max_hp_gain":0,"max_hp_loss":0,"event_name":"MindBloom","floor":36,"gold_loss":0},{"damage_healed":0,"gold_gain":0,"player_choice":"Memory 1","damage_taken":0,"max_hp_gain":0,"max_hp_loss":0,"event_name":"SensoryStone","floor":37,"gold_loss":0},{"damage_healed":0,"gold_gain":0,"player_choice":"Ignored","damage_taken":0,"max_hp_gain":0,"max_hp_loss":0,"event_name":"Tomb of Lord Red Mask","floor":42,"gold_loss":0}],"is_beta":false,"boss_relics":[{"not_picked":["SacredBark","Cursed Key"],"picked":"Sozu"},{"not_picked":["Runic Dome","Fusion Hammer"],"picked":"Mark of Pain"}],"items_purged_floors":[27,39,53],"is_endless":false,"potions_floor_spawned":[1,6,13,14,16,33,35,38,48,54],"killed_by":"The Heart","ascension_level":12}}