{"host":"5tzvto3beate6p8b","time":1614248085,"event":{"mods":["BaseMod","Colored Map","DeckTracker","Minty Spire (QoL Compilation)","Relic Stats","StSLib","SuperFastMode"],"gold_per_floor":[214,233,248,266,25,25,58,58,109,143,155,110,150,179,191,275,287,287,287,17,17,17,17,17,17,17,17,17,17,17,17,17,17,17,17,17,17,17,17,17,17,17,17,17,17,17,17,17,17,17,17,17],"floor_reached":51,"language":"JPN","playtime":3839,"items_purged":["Strike_G"],"score":1645,"play_id":"530f9cc9-99e1-42ee-8b12-bfadbc119084","local_time":"20210225191445","is_ascension_mode":true,"campfire_choices":[{"data":"Die Die Die","floor":6.0,"key":"SMITH"},{"data":"Die Die Die","floor":8.0,"key":"SMITH"},{"data":"Infinite Blades","floor":11.0,"key":"SMITH"},{"floor":15.0,"key":"REST"},{"floor":23.0,"key":"REST"},{"floor":30.0,"key":"REST"},{"floor":32.0,"key":"REST"},{"data":"Wraith Form v2","floor":40.0,"key":"SMITH"},{"floor":42.0,"key":"REST"},{"floor":49,"key":"RECALL"}],"circlet_count":0,"master_deck":["AscendersBane","Survivor","Neutralize+1","Backflip","Blade Dance","Die Die Die+1","Infinite Blades+1","Die Die Die+1","Footwork","PiercingWail","Flying Knee+1","Endless Agony","Adrenaline","Quick Slash+1","Leg Sweep+1","Acrobatics+1","Acrobatics","Escape Plan","Backflip","Backstab","Quick Slash+1","Venomology","Outmaneuver","Poisoned Stab","Heel Hook","Backflip","Wraith Form v2+1","Grand Finale","Expertise","Terror","Accuracy","Concentrate","Bandage Up","Bandage Up","Panache","Endless Agony+1","Blade Dance","Heel Hook+1","Quick Slash+1","Terror+1"],"relics":["Ring of the Snake","DollysMirror","The Courier","Toy Ornithopter","MawBank","Bottled Lightning","Ectoplasm","Regal Pillow","Sling","Orichalcum","Centennial Puzzle","Ice Cream","Singing Bowl","Whetstone","Pandora\u0027s Box","PreservedInsect","Dead Branch","FossilizedHelix"],"acts_visited":["Exordium","TheCity","TheBeyond"],"potions_floor_usage":[44,45,48,50,50,51,51],"damage_taken":[{"damage":2.0,"enemies":"Jaw Worm","floor":1.0,"turns":5.0},{"damage":6.0,"enemies":"Cultist","floor":2.0,"turns":5.0},{"damage":0.0,"enemies":"2 Louse","floor":3.0,"turns":3.0},{"damage":10.0,"enemies":"Red Slaver","floor":4.0,"turns":6.0},{"damage":5.0,"enemies":"Lagavulin","floor":7.0,"turns":6.0},{"damage":8.0,"enemies":"Gremlin Nob","floor":10.0,"turns":3.0},{"damage":21.0,"enemies":"3 Sentries","floor":13.0,"turns":8.0},{"damage":0.0,"enemies":"2 Fungi Beasts","floor":14.0,"turns":2.0},{"damage":36.0,"enemies":"Slime Boss","floor":16.0,"turns":13.0},{"damage":17.0,"enemies":"Chosen","floor":18.0,"turns":6.0},{"damage":12.0,"enemies":"Shell Parasite","floor":21.0,"turns":5.0},{"damage":0.0,"enemies":"3 Cultists","floor":22.0,"turns":3.0},{"damage":11.0,"enemies":"Shelled Parasite and Fungi","floor":24.0,"turns":4.0},{"damage":11.0,"enemies":"Book of Stabbing","floor":25.0,"turns":3.0},{"damage":29.0,"enemies":"Slavers","floor":27.0,"turns":5.0},{"damage":28.0,"enemies":"Book of Stabbing","floor":29.0,"turns":7.0},{"damage":3.0,"enemies":"Gremlin Leader","floor":31.0,"turns":6.0},{"damage":41.0,"enemies":"Automaton","floor":33.0,"turns":14.0},{"damage":6.0,"enemies":"Orb Walker","floor":35.0,"turns":2.0},{"damage":6.0,"enemies":"3 Shapes","floor":37.0,"turns":4.0},{"damage":0.0,"enemies":"Transient","floor":38.0,"turns":6.0},{"damage":9.0,"enemies":"Nemesis","floor":41.0,"turns":5.0},{"damage":15,"enemies":"Jaw Worm Horde","floor":44,"turns":3},{"damage":24,"enemies":"Reptomancer","floor":45,"turns":3},{"damage":0,"enemies":"3 Darklings","floor":46,"turns":1},{"damage":0,"enemies":"Giant Head","floor":47,"turns":3},{"damage":0,"enemies":"Maw","floor":48,"turns":5},{"damage":63,"enemies":"Awakened One","floor":50,"turns":13},{"damage":43,"enemies":"Time Eater","floor":51,"turns":9}],"seed_played":"2140392367107727944","potions_obtained":[{"floor":1.0,"key":"CultistPotion"},{"floor":3.0,"key":"Ancient Potion"},{"floor":4.0,"key":"SteroidPotion"},{"floor":13.0,"key":"Energy Potion"},{"floor":14.0,"key":"Regen Potion"},{"floor":16.0,"key":"FearPotion"},{"floor":29.0,"key":"AttackPotion"},{"floor":31.0,"key":"Explosive Potion"},{"floor":35.0,"key":"Strength Potion"},{"floor":47,"key":"PowerPotion"}],"is_trial":false,"path_per_floor":["M","M","M","M","$","R","E","R","T","E","R","?","E","M","R","B",null,"M","?","$","M","M","R","M","E","T","E","?","E","R","E","R","B",null,"M","?","M","M","?","R","E","R","T","M","E","M","E","M","R","B","B"],"character_chosen":"THE_SILENT","items_purchased":["DollysMirror","Regal Pillow","Sling"],"campfire_rested":5,"item_purchase_floors":[5,20,20],"current_hp_per_floor":[57,51,51,41,41,41,36,36,36,33,33,33,12,12,31,15,53,36,36,36,24,24,58,47,41,41,17,30,2,36,38,66,25,56,50,41,37,42,32,32,38,70,70,63,52,56,56,69,69,20,0,0],"gold":17,"neow_bonus":"HUNDRED_GOLD","is_daily":false,"chose_seed":false,"campfire_upgraded":4,"win_rate":0.0,"timestamp":1614248085,"path_taken":["M","M","M","M","$","R","E","R","T","E","R","?","E","M","R","BOSS","M","?","?","M","M","R","M","E","T","E","?","E","R","E","R","BOSS","M","?","?","M","?","R","E","R","T","M","E","M","E","M","R","BOSS","BOSS"],"items_purchased_type":["Relic","Relic","Relic"],"build_version":"2020-12-22","purchased_purges":1,"victory":false,"max_hp_per_floor":[66,66,66,66,66,66,66,66,66,66,66,66,66,66,66,66,66,66,66,66,66,66,66,66,66,66,66,66,66,66,66,66,66,66,66,66,68,68,68,68,70,70,70,70,70,70,70,70,70,70,70,70],"relic_stats":{"Regal Pillow":50,"Singing Bowl":4,"counters":[29,158],"Dead Branch":[102],"PreservedInsect":191,"Whetstone":["Neutralize","Flying Knee"],"Orichalcum":[114],"MawBank":84,"Centennial Puzzle":[34],"Pandora\u0027s Box":["Outmaneuver","Poisoned Stab","Heel Hook","Backflip","Wraith Form v2","Grand Finale","Expertise","Terror"],"Ectoplasm":524,"obtain_stats":[{"Ice Cream":27,"Regal Pillow":20,"Singing Bowl":29,"Dead Branch":45,"The Courier":7,"PreservedInsect":41,"Whetstone":31,"Orichalcum":25,"MawBank":10,"Sling":20,"Centennial Puzzle":26,"DollysMirror":5,"Pandora\u0027s Box":34,"Ectoplasm":17,"Bottled Lightning":13,"Toy Ornithopter":9,"FossilizedHelix":47,"Ring of the Snake":0},{"Ice Cream":15,"Regal Pillow":10,"Singing Bowl":16,"Dead Branch":24,"The Courier":5,"PreservedInsect":22,"Whetstone":17,"Orichalcum":14,"MawBank":6,"Sling":10,"Centennial Puzzle":14,"DollysMirror":4,"Pandora\u0027s Box":18,"Ectoplasm":9,"Bottled Lightning":7,"Toy Ornithopter":5,"FossilizedHelix":26,"Ring of the Snake":0},{"Ice Cream":77,"Regal Pillow":57,"Singing Bowl":84,"Dead Branch":127,"The Courier":25,"PreservedInsect":121,"Whetstone":90,"Orichalcum":72,"MawBank":28,"Sling":57,"Centennial Puzzle":72,"DollysMirror":19,"Pandora\u0027s Box":104,"Ectoplasm":51,"Bottled Lightning":36,"Toy Ornithopter":25,"FossilizedHelix":131,"Ring of the Snake":0}],"Toy Ornithopter":61,"Ring of the Snake":[59]},"card_choices":[{"not_picked":["Endless Agony","Crippling Poison"],"picked":"Backflip","floor":1.0},{"not_picked":["Backflip","Underhanded Strike"],"picked":"Blade Dance","floor":2.0},{"not_picked":["Bane","Prepared"],"picked":"Die Die Die","floor":3.0},{"not_picked":["Bouncing Flask","Sucker Punch"],"picked":"Infinite Blades","floor":4.0},{"not_picked":["Flechettes","Catalyst"],"picked":"Footwork","floor":7.0},{"not_picked":["Caltrops","Bullet Time"],"picked":"PiercingWail","floor":10.0},{"not_picked":["Sucker Punch","Catalyst"],"picked":"Flying Knee","floor":13.0},{"not_picked":["Bane","Outmaneuver"],"picked":"Endless Agony","floor":14.0},{"not_picked":["Bullet Time","Wraith Form v2"],"picked":"Adrenaline","floor":16.0},{"not_picked":["Flying Knee","Poisoned Stab"],"picked":"Quick Slash+1","floor":18.0},{"not_picked":["Dagger Throw","Slice"],"picked":"Leg Sweep+1","floor":21.0},{"not_picked":["Underhanded Strike","Noxious Fumes"],"picked":"Acrobatics+1","floor":22.0},{"not_picked":["Caltrops","Slice"],"picked":"Acrobatics","floor":24.0},{"not_picked":["Prepared","Flechettes"],"picked":"Escape Plan","floor":25.0},{"not_picked":["Masterful Stab","Phantasmal Killer"],"picked":"Backflip","floor":27.0},{"not_picked":["Concentrate","Backflip"],"picked":"Backstab","floor":29.0},{"not_picked":["Poisoned Stab+1","Deflect"],"picked":"Quick Slash+1","floor":31.0},{"not_picked":["Glass Knife","Bullet Time"],"picked":"Venomology","floor":33.0},{"not_picked":["Outmaneuver","Underhanded Strike"],"picked":"Accuracy","floor":35.0},{"not_picked":["Deadly Poison+1","Flying Knee","Cloak And Dagger"],"picked":"Singing Bowl","floor":37.0},{"not_picked":["Flechettes+1","Endless Agony"],"picked":"Concentrate","floor":38.0},{"not_picked":["Finesse","Chrysalis"],"picked":"Bandage Up","floor":39.0},{"not_picked":["Panacea","Flash of Steel"],"picked":"Bandage Up","floor":39.0},{"not_picked":["Master of Strategy","Forethought"],"picked":"Panache","floor":39.0},{"not_picked":["Poisoned Stab","Sucker Punch+1","Flying Knee"],"picked":"Singing Bowl","floor":41.0},{"not_picked":["Dagger Spray","Bane"],"picked":"Endless Agony+1","floor":44},{"not_picked":["Sucker Punch","Die Die Die"],"picked":"Blade Dance","floor":45},{"not_picked":["Eviscerate","PiercingWail"],"picked":"Heel Hook+1","floor":46},{"not_picked":["Deadly Poison","Riddle With Holes"],"picked":"Quick Slash+1","floor":47},{"not_picked":["Prepared","Blur"],"picked":"Terror+1","floor":48}],"player_experience":883042,"relics_obtained":[{"floor":7.0,"key":"The Courier"},{"floor":9.0,"key":"Toy Ornithopter"},{"floor":10.0,"key":"MawBank"},{"floor":13.0,"key":"Bottled Lightning"},{"floor":25.0,"key":"Orichalcum"},{"floor":26.0,"key":"Centennial Puzzle"},{"floor":27.0,"key":"Ice Cream"},{"floor":29.0,"key":"Singing Bowl"},{"floor":31.0,"key":"Whetstone"},{"floor":41.0,"key":"PreservedInsect"},{"floor":45,"key":"Dead Branch"},{"floor":47,"key":"FossilizedHelix"}],"event_choices":[{"damage_healed":0.0,"max_hp_gain":0.0,"max_hp_loss":0.0,"gold_gain":0.0,"event_name":"World of Goop","player_choice":"Left Gold","floor":12.0,"gold_loss":57.0,"damage_taken":0.0},{"cards_removed":["Strike_G"],"damage_healed":0.0,"max_hp_gain":0.0,"max_hp_loss":0.0,"gold_gain":0.0,"event_name":"Purifier","player_choice":"Purged","floor":19.0,"gold_loss":0.0,"damage_taken":0.0},{"damage_healed":13.0,"max_hp_gain":0.0,"max_hp_loss":0.0,"gold_gain":0.0,"event_name":"The Library","player_choice":"Heal","floor":28.0,"gold_loss":0.0,"damage_taken":0.0},{"damage_healed":0.0,"max_hp_gain":0.0,"max_hp_loss":0.0,"gold_gain":0.0,"event_name":"Wheel of Change","player_choice":"Damaged","floor":36.0,"gold_loss":0.0,"damage_taken":9.0},{"damage_healed":0.0,"max_hp_gain":0.0,"max_hp_loss":0.0,"gold_gain":0.0,"event_name":"SensoryStone","player_choice":"Memory 3","floor":39.0,"gold_loss":0.0,"damage_taken":10.0}],"is_beta":false,"boss_relics":[{"not_picked":["Snecko Eye","Busted Crown"],"picked":"Ectoplasm"},{"not_picked":["Philosopher\u0027s Stone","Empty Cage"],"picked":"Pandora\u0027s Box"}],"items_purged_floors":[5],"is_endless":false,"potions_floor_spawned":[1,3,4,13,14,16,21,29,31,35,41,47],"killed_by":"Time Eater","ascension_level":20}}