{"host":"zksvs3x2ysy9npnz","time":1614295982,"event":{"mods":["Aspiration","BaseMod","Beaked The Cultist","BetterRewards","Clockwork Mod","Colored Map","Conspire","Downfall","Halation","Highlight Path","Hubris","Infinite Spire","Jedi Mod","Magitek Elite","Minty Spire (QoL Compilation)","Permanent Neow","Quick Restart","Relic Stats","Shop Mod","StSLib","The Runesmith","The Witch"],"gold_per_floor":[114,131,31,47,47,79,92,92,169,187,217,227,243,259,259,336,336,276,276,276,289,30,56,56,106,188,188,205,234,251,285,285,363,363,382,382,397,407,407,407,432,443,468,80,108,124,124,149,149,149],"floor_reached":51,"language":"FRA","playtime":3438,"items_purged":["beaked:Strike_Y"],"score":1350,"play_id":"114e2af6-7d13-4ce7-8ece-c6db378026ee","local_time":"20210226003302","is_ascension_mode":true,"campfire_choices":[{"data":"beaked:Ceremony","floor":8,"key":"SMITH"},{"data":"beaked:MachineEssence","floor":15,"key":"SMITH"},{"data":"beaked:MachineEssence+1","floor":27,"key":"SMITH"},{"data":"beaked:MachineEssence+2","floor":32,"key":"SMITH"},{"data":"beaked:MachineEssence+3","floor":40,"key":"SMITH"},{"data":"beaked:MachineEssence+4","floor":47,"key":"SMITH"},{"data":"beaked:MachineEssence+5","floor":49,"key":"SMITH"}],"circlet_count":0,"master_deck":["AscendersBane","beaked:Strike_Y+1","beaked:Strike_Y","beaked:Strike_Y","beaked:Strike_Y","beaked:Defend_Y","beaked:Defend_Y","beaked:Defend_Y","beaked:Defend_Y","beaked:Ceremony+1","beaked:Ceremony","beaked:Ceremony","beaked:Tweet","beaked:Windmill+1","beaked:Evade+1","beaked:FullHouse","beaked:Foresight","beaked:MachineEssence+6","beaked:MimicMachine","beaked:ScreechingChant","beaked:BloodRitual+1","beaked:FullHouse","beaked:SurvivalInstinct","beaked:AwakenedForm","beaked:RitualOfBody","Thinking Ahead","beaked:CursingBlood","beaked:BraceForImpact+1"],"relics":["beaked:BlessedCoat","hubris:Spice","Anchor","Darkstone Periapt","conspire:InfiniteJournal","Pantograph","Mummified Hand","infinitespire:CheckeredPen","Regal Pillow","hubris:Icosahedron","halation:PapillonHeart","Whetstone","Happy Flower"],"acts_visited":["Exordium","TheCity","TheBeyond"],"potions_floor_usage":[11,13,16,23,28,50,50],"damage_taken":[{"damage":5,"enemies":"Cultist","floor":1,"turns":5},{"damage":5,"enemies":"2 Louse","floor":2,"turns":4},{"damage":5,"enemies":"Small Slimes","floor":4,"turns":3},{"damage":15,"enemies":"Lagavulin","floor":6,"turns":7},{"damage":9,"enemies":"Exordium Thugs","floor":7,"turns":4},{"damage":1,"enemies":"2 Fungi Beasts","floor":10,"turns":4},{"damage":23,"enemies":"Gremlin Nob","floor":11,"turns":4},{"damage":16,"enemies":"3 Louse","floor":12,"turns":4},{"damage":10,"enemies":"Large Slime","floor":13,"turns":6},{"damage":20,"enemies":"Looter","floor":14,"turns":4},{"damage":71,"enemies":"Hexaghost","floor":16,"turns":12},{"damage":24,"enemies":"2 Thieves","floor":18,"turns":4},{"damage":26,"enemies":"Shell Parasite","floor":21,"turns":9},{"damage":114,"enemies":"Slavers","floor":23,"turns":8},{"damage":19,"enemies":"Snake Plant","floor":28,"turns":4},{"damage":84,"enemies":"Nightmare","floor":29,"turns":8},{"damage":52,"enemies":"Snecko","floor":30,"turns":6},{"damage":92,"enemies":"Gremlin Leader","floor":31,"turns":7},{"damage":80,"enemies":"Champ","floor":33,"turns":8},{"damage":67,"enemies":"3 Darklings","floor":35,"turns":4},{"damage":29,"enemies":"3 Shapes","floor":37,"turns":8},{"damage":39,"enemies":"Writhing Mass","floor":38,"turns":6},{"damage":114,"enemies":"Reptomancer","floor":41,"turns":8},{"damage":54,"enemies":"Spire Growth","floor":42,"turns":8},{"damage":119,"enemies":"Nemesis","floor":45,"turns":9},{"damage":39,"enemies":"3 Darklings","floor":46,"turns":6},{"damage":107,"enemies":"Giant Head","floor":48,"turns":9},{"damage":83,"enemies":"conspire:OrnateMirror","floor":50,"turns":8}],"seed_played":"-5677525642980273461","potions_obtained":[{"floor":4,"key":"SkillPotion"},{"floor":6,"key":"Energy Potion"},{"floor":12,"key":"sneckomod:MuddlingPotion"},{"floor":13,"key":"Block Potion"},{"floor":21,"key":"SteroidPotion"},{"floor":23,"key":"Energy Potion"},{"floor":31,"key":"champ:CounterPotion"},{"floor":46,"key":"jedi:tentaclejuice"}],"is_trial":false,"path_per_floor":["M","M","$","M","?","E","M","R","T","M","E","M","M","M","R","B",null,"M","?","?","M","$","E","?","?","T","R","M","NM","M","E","R","B",null,"M","?","M","M","?","R","E","M","T","$","E","M","R","E","R","B",null],"character_chosen":"BEAKED_THE_CULTIST","items_purchased":["beaked:Windmill","Pantograph","Happy Flower","ColorlessPotion","Thinking Ahead"],"campfire_rested":0,"item_purchase_floors":[3,22,44,44,44],"current_hp_per_floor":[46,53,53,53,53,49,53,53,53,53,38,47,53,49,49,44,51,53,39,39,58,58,58,58,58,58,58,58,58,43,66,66,66,58,58,58,58,58,55,55,55,55,55,55,55,55,55,52,52,55],"gold":149,"neow_bonus":"ONE_RARE_RELIC","is_daily":false,"chose_seed":false,"campfire_upgraded":7,"win_rate":0.0,"timestamp":1614295982,"path_taken":["M","M","$","M","?","E","M","R","T","M","E","M","M","M","R","BOSS","M","?","?","?","$","E","?","?","T","R","M","NM","M","E","R","BOSS","M","?","M","M","?","R","E","M","T","$","E","M","R","E","R","BOSS"],"items_purchased_type":["Card","Relic","Relic","Potion","Card"],"build_version":"2020-12-22","purchased_purges":1,"victory":true,"max_hp_per_floor":[53,53,53,53,53,53,53,53,53,53,53,53,53,53,53,53,53,53,58,58,58,58,58,58,58,58,58,58,58,58,66,66,66,58,58,58,58,58,55,55,55,55,55,55,55,55,55,55,55,55],"relic_stats":{"Darkstone Periapt":0,"Regal Pillow":0,"Happy Flower":[10],"counters":[28,177],"Mummified Hand":[78],"Pantograph":3,"Whetstone":["beaked:Strike_Y","beaked:Windmill"],"obtain_stats":[{"Darkstone Periapt":9,"Regal Pillow":29,"halation:PapillonHeart":39,"Happy Flower":44,"infinitespire:CheckeredPen":26,"Whetstone":43,"beaked:BlessedCoat":17,"conspire:InfiniteJournal":11,"Anchor":6,"hubris:Icosahedron":36,"hubris:Spice":0,"Mummified Hand":23,"Pantograph":22,"beaked:MendingPlumage":0},{"Darkstone Periapt":5,"Regal Pillow":16,"halation:PapillonHeart":22,"Happy Flower":24,"infinitespire:CheckeredPen":14,"Whetstone":24,"beaked:BlessedCoat":11,"conspire:InfiniteJournal":7,"Anchor":4,"hubris:Icosahedron":20,"hubris:Spice":0,"Mummified Hand":14,"Pantograph":13,"beaked:MendingPlumage":0},{"Darkstone Periapt":23,"Regal Pillow":90,"halation:PapillonHeart":129,"Happy Flower":145,"infinitespire:CheckeredPen":78,"Whetstone":145,"beaked:BlessedCoat":57,"conspire:InfiniteJournal":31,"Anchor":19,"hubris:Icosahedron":115,"hubris:Spice":0,"Mummified Hand":78,"Pantograph":70,"beaked:MendingPlumage":0}]},"card_choices":[{"not_picked":["beaked:CursingBlood","beaked:DesperateSwing"],"picked":"beaked:Tweet","floor":1},{"not_picked":["beaked:Resilience","beaked:Poke","beaked:Mantra"],"picked":"SKIP","floor":2},{"not_picked":["beaked:Insight","beaked:Daydream"],"picked":"beaked:Evade","floor":4},{"not_picked":["beaked:Caw","beaked:Tradeoff"],"picked":"beaked:FullHouse","floor":6},{"not_picked":["beaked:Cower","beaked:FeelMyPain","beaked:Pecker"],"picked":"SKIP","floor":7},{"not_picked":["beaked:Recite","beaked:Replenish"],"picked":"beaked:Foresight","floor":10},{"not_picked":["beaked:WarriorSpirit","beaked:ScreechingChant"],"picked":"beaked:MachineEssence","floor":11},{"not_picked":["beaked:Resilience","beaked:DigDeep"],"picked":"beaked:MimicMachine","floor":12},{"not_picked":["beaked:Cower","beaked:SacrificialAttack","beaked:MaddeningMurmurs"],"picked":"SKIP","floor":13},{"not_picked":["beaked:Resilience","beaked:WarriorSpirit","beaked:Overexert"],"picked":"SKIP","floor":14},{"not_picked":["beaked:DarkPact","beaked:WildInstinct"],"picked":"beaked:ScreechingChant","floor":16},{"not_picked":["beaked:Overexert","beaked:DigDeep+1","beaked:Tweet"],"picked":"SKIP","floor":18},{"not_picked":["beaked:Poke","beaked:DesperateSwing","beaked:ScreechingChant"],"picked":"SKIP","floor":21},{"not_picked":["beaked:Negation","beaked:RuinSticks","beaked:Resilience+1"],"picked":"SKIP","floor":23},{"not_picked":["beaked:BarbedWire","beaked:Overexert","beaked:Poke"],"picked":"SKIP","floor":28},{"not_picked":["beaked:Poke","beaked:Daydream","beaked:WarriorEssence+1"],"picked":"SKIP","floor":29},{"not_picked":["beaked:CursingBlood","beaked:HuntressEssence+1"],"picked":"beaked:BloodRitual+1","floor":30},{"not_picked":["beaked:WarriorSpirit+1","beaked:ScreechingChant"],"picked":"beaked:FullHouse","floor":31},{"not_picked":["hubris:SpiceAddiction","beaked:Cower"],"picked":"beaked:SurvivalInstinct","floor":35},{"not_picked":["beaked:Flinch","beaked:Resilience"],"picked":"beaked:AwakenedForm","floor":37},{"not_picked":["beaked:Evade","beaked:Daydream"],"picked":"beaked:RitualOfBody","floor":38},{"not_picked":["beaked:MachineSpirit","beaked:MachineEssence","beaked:BloodRitual+1"],"picked":"SKIP","floor":41},{"not_picked":["beaked:RuinSticks","beaked:Daydream","beaked:Cower"],"picked":"SKIP","floor":42},{"not_picked":["hubris:SpiceAddiction","beaked:WarriorSpirit+1","beaked:Redirect"],"picked":"SKIP","floor":45},{"not_picked":["beaked:DesperateSwing","beaked:Windmill"],"picked":"beaked:CursingBlood","floor":46},{"not_picked":["beaked:Cower","beaked:CheekyTricks"],"picked":"beaked:BraceForImpact+1","floor":48}],"player_experience":1967279,"relics_obtained":[{"floor":6,"key":"Anchor"},{"floor":9,"key":"Darkstone Periapt"},{"floor":11,"key":"conspire:InfiniteJournal"},{"floor":23,"key":"Mummified Hand"},{"floor":26,"key":"infinitespire:CheckeredPen"},{"floor":29,"key":"Regal Pillow"},{"floor":31,"key":"hubris:Spice"},{"floor":43,"key":"Whetstone"}],"event_choices":[{"damage_healed":0,"gold_gain":0,"player_choice":"Grow","damage_taken":0,"max_hp_gain":0,"max_hp_loss":0,"event_name":"Living Wall","floor":5,"gold_loss":0,"cards_upgraded":["beaked:Evade"]},{"damage_healed":0,"gold_gain":0,"player_choice":"Shed Blood","damage_taken":19,"max_hp_gain":5,"max_hp_loss":0,"event_name":"Forgotten Altar","floor":19,"gold_loss":0},{"cards_removed":["beaked:Strike_Y"],"damage_healed":0,"gold_gain":0,"player_choice":"Purged","damage_taken":0,"max_hp_gain":0,"max_hp_loss":0,"event_name":"Purifier","floor":20,"gold_loss":0},{"damage_healed":0,"gold_gain":0,"player_choice":"Ignored","damage_taken":0,"max_hp_gain":0,"max_hp_loss":0,"event_name":"Vampires","floor":24,"gold_loss":0},{"damage_healed":0,"gold_gain":50,"player_choice":"Stole From Cult","damage_taken":0,"max_hp_gain":0,"max_hp_loss":0,"event_name":"Nest","floor":25,"gold_loss":0}],"is_beta":false,"boss_relics":[{"not_picked":["Velvet Choker","Pandora\u0027s Box"],"picked":"beaked:BlessedCoat"},{"not_picked":["Snecko Eye","beaked:MawFillet"],"picked":"hubris:Spice"}],"items_purged_floors":[3],"is_endless":false,"potions_floor_spawned":[4,6,12,13,21,23,31,37,42,46,48],"ascension_level":15}}