{"host":"ul3z8ex5o8l5j7mh","time":1614281528,"event":{"mods":["2.2 Compatiblity","AchievementEnabler","BaseMod","Bestiary","Colored Map","Colored Powertips","Curses Come First","DeckTracker","Highlight Path","Keyboard Shortcuts","Minty Spire (QoL Compilation)","Relic Sorter","Relic Stats","StSLib","SuperFastMode"],"gold_per_floor":[118,118,43,63,73,73,73,73,73,73,101,31,31,31,31],"floor_reached":14,"language":"ENG","playtime":300,"items_purged":["Injury"],"score":112,"play_id":"7056b85c-58fd-4253-90c2-1256eab8d5bf","local_time":"20210225203208","is_ascension_mode":true,"campfire_choices":[{"data":"Ghostly Armor","floor":7,"key":"SMITH"},{"data":"Rupture","floor":13,"key":"SMITH"}],"circlet_count":0,"master_deck":["Strike_R","Strike_R","Strike_R+1","Strike_R","Strike_R","Defend_R","Defend_R","Defend_R","Defend_R","Bash","Ghostly Armor+1","Cleave+1","Cleave","Rupture+1"],"relics":["Burning Blood","Bag of Marbles","Mummified Hand","Toxic Egg 2"],"acts_visited":["Exordium"],"potions_floor_usage":[11],"damage_taken":[{"damage":12,"enemies":"Small Slimes","floor":1,"turns":4},{"damage":6,"enemies":"Cultist","floor":4,"turns":4},{"damage":9,"enemies":"2 Louse","floor":5,"turns":3},{"damage":25,"enemies":"Lagavulin","floor":11,"turns":4},{"damage":64,"enemies":"Gremlin Nob","floor":14,"turns":5}],"seed_played":"-502928385418978084","potions_obtained":[{"floor":4,"key":"FairyPotion"},{"floor":5,"key":"PowerPotion"}],"is_trial":false,"path_per_floor":["M","?","$","M","M","?","R","?","T","$","E","$","R","E"],"character_chosen":"IRONCLAD","items_purchased":["Rupture"],"campfire_rested":0,"item_purchase_floors":[12],"current_hp_per_floor":[74,74,74,74,71,64,64,46,46,46,27,27,27,0,0],"gold":31,"neow_bonus":"TEN_PERCENT_HP_BONUS","is_daily":false,"chose_seed":false,"campfire_upgraded":2,"win_rate":0.0,"timestamp":1614281528,"path_taken":["M","?","$","?","M","?","R","?","T","?","E","$","R","E"],"items_purchased_type":["Card"],"build_version":"2020-12-22","purchased_purges":1,"victory":false,"max_hp_per_floor":[88,88,88,88,88,88,88,88,88,88,88,88,88,88,88],"relic_stats":{"counters":[5,20],"Mummified Hand":[2],"obtain_stats":[{"Mummified Hand":9,"Bag of Marbles":6,"Toxic Egg 2":11,"Burning Blood":0},{"Mummified Hand":3,"Bag of Marbles":3,"Toxic Egg 2":4,"Burning Blood":0},{"Mummified Hand":11,"Bag of Marbles":11,"Toxic Egg 2":15,"Burning Blood":0}],"Burning Blood":24},"card_choices":[{"not_picked":["Shrug It Off","Thunderclap"],"picked":"Ghostly Armor","floor":1},{"not_picked":["Warcry","Reckless Charge","Headbutt"],"picked":"SKIP","floor":4},{"not_picked":["Dual Wield","Shrug It Off"],"picked":"Cleave","floor":5},{"not_picked":["Exhume+1","Shrug It Off+1"],"picked":"Cleave","floor":11}],"player_experience":439251,"relics_obtained":[{"floor":9,"key":"Mummified Hand"},{"floor":11,"key":"Toxic Egg 2"}],"event_choices":[{"damage_healed":0,"gold_gain":0,"player_choice":"1 cards matched","damage_taken":0,"max_hp_gain":0,"max_hp_loss":0,"event_name":"Match and Keep!","floor":2,"gold_loss":0,"cards_obtained":["Injury"]},{"damage_healed":0,"gold_gain":0,"player_choice":"Success","damage_taken":7,"relics_obtained":["Bag of Marbles"],"max_hp_gain":0,"max_hp_loss":0,"event_name":"Scrap Ooze","floor":6,"gold_loss":0},{"damage_healed":0,"gold_gain":0,"player_choice":"Entered Light","damage_taken":18,"max_hp_gain":0,"max_hp_loss":0,"event_name":"Shining Light","floor":8,"gold_loss":0,"cards_upgraded":["Cleave","Strike_R"]}],"is_beta":false,"boss_relics":[],"items_purged_floors":[3],"is_endless":false,"potions_floor_spawned":[4,5],"killed_by":"Gremlin Nob","ascension_level":6}}