{"host":"x73jdofm2fk9hsud","time":1614236041,"event":{"mods":["BaseMod","Bestiary","Minty Spire (QoL Compilation)","Relic Stats","ojb\u0027s Better Paths Mod","ojb\u0027s Info Mod"],"gold_per_floor":[113,123,123,138,63,88,88,118,118,138,138,149,149,177,177,250,250,261,241,23,41,41,41,69,10,10,10,42,42,68,81,81,158,158,177,177,452,352,363,363,363,391,391,418,189,189,115,159,159,159,159,159],"floor_reached":51,"language":"ENG","playtime":2182,"items_purged":["Strike_P","Regret"],"score":1665,"play_id":"825cb08c-3d2c-4010-aeea-bc9e2052cdc3","local_time":"20210225015401","is_ascension_mode":true,"campfire_choices":[{"data":"MentalFortress","floor":7.0,"key":"SMITH"},{"data":"Fasting2","floor":13.0,"key":"SMITH"},{"data":"Eruption","floor":15.0,"key":"SMITH"},{"data":"SashWhip","floor":23.0,"key":"SMITH"},{"data":"Adaptation","floor":27.0,"key":"SMITH"},{"data":"ThirdEye","floor":29.0,"key":"SMITH"},{"data":"SashWhip","floor":32.0,"key":"SMITH"},{"floor":41.0,"key":"RECALL"},{"data":"Indignation","floor":46,"key":"SMITH"},{"data":"Wireheading","floor":49,"key":"SMITH"}],"circlet_count":0,"master_deck":["AscendersBane","Strike_P","Strike_P","Defend_P","Defend_P","Defend_P","Eruption+1","Vigilance","MentalFortress+1","ThirdEye+1","FollowUp","Protect","Fasting2+1","DevaForm","SashWhip+1","FlurryOfBlows","Finesse","InnerPeace","EmptyFist","Adaptation+1","EmptyBody","SashWhip+1","Sanctity+1","Master of Strategy","Wireheading+1","Indignation+1","Consecrate","Halt","Tantrum","Study"],"relics":["Busted Crown","Mummified Hand","Kunai","Pantograph","Runic Pyramid","Eternal Feather","Regal Pillow","Gambling Chip","SlaversCollar","Bag of Marbles","CeramicFish","Toy Ornithopter","Prayer Wheel"],"acts_visited":["Exordium","TheCity","TheBeyond"],"potions_floor_usage":[48,51],"damage_taken":[{"damage":2.0,"enemies":"Jaw Worm","floor":1.0,"turns":2.0},{"damage":9.0,"enemies":"Small Slimes","floor":2.0,"turns":4.0},{"damage":0.0,"enemies":"Cultist","floor":4.0,"turns":4.0},{"damage":16.0,"enemies":"Gremlin Nob","floor":6.0,"turns":3.0},{"damage":1.0,"enemies":"Blue Slaver","floor":10.0,"turns":3.0},{"damage":2.0,"enemies":"Red Slaver","floor":12.0,"turns":3.0},{"damage":16.0,"enemies":"3 Sentries","floor":14.0,"turns":14.0},{"damage":0.0,"enemies":"The Guardian","floor":16.0,"turns":6.0},{"damage":0.0,"enemies":"Spheric Guardian","floor":18.0,"turns":4.0},{"damage":0.0,"enemies":"3 Byrds","floor":21.0,"turns":5.0},{"damage":3.0,"enemies":"Book of Stabbing","floor":24.0,"turns":5.0},{"damage":0.0,"enemies":"Gremlin Leader","floor":28.0,"turns":5.0},{"damage":6.0,"enemies":"Book of Stabbing","floor":30.0,"turns":6.0},{"damage":9.0,"enemies":"Snake Plant","floor":31.0,"turns":5.0},{"damage":1.0,"enemies":"Automaton","floor":33.0,"turns":8.0},{"damage":32.0,"enemies":"3 Darklings","floor":35.0,"turns":6.0},{"damage":0.0,"enemies":"3 Shapes","floor":39.0,"turns":5.0},{"damage":7.0,"enemies":"Giant Head","floor":42.0,"turns":6.0},{"damage":11.0,"enemies":"Nemesis","floor":44.0,"turns":7.0},{"damage":23,"enemies":"Reptomancer","floor":48,"turns":4},{"damage":36,"enemies":"Donu and Deca","floor":50,"turns":6},{"damage":71,"enemies":"Time Eater","floor":51,"turns":4}],"seed_played":"7542881528717255389","potions_obtained":[{"floor":1.0,"key":"DuplicationPotion"},{"floor":6.0,"key":"SneckoOil"},{"floor":10.0,"key":"AttackPotion"},{"floor":14.0,"key":"SkillPotion"},{"floor":18.0,"key":"SkillPotion"},{"floor":24.0,"key":"Regen Potion"},{"floor":31.0,"key":"SpeedPotion"},{"floor":42.0,"key":"SkillPotion"}],"is_trial":false,"path_per_floor":["M","M","?","M","?","E","R","?","T","M","?","M","R","E","R","B",null,"M","?","$","M","?","R","E","$","T","R","E","R","E","M","R","B",null,"M","?","?","$","M","?","R","E","T","E","$","R","$","E","R","B","B"],"character_chosen":"WATCHER","items_purchased":["FlurryOfBlows","Finesse","EmptyBody","Toy Ornithopter","Consecrate","Halt","Tantrum"],"campfire_rested":0,"item_purchase_floors":[20,20,25,45,45,45,47],"current_hp_per_floor":[59,50,68,68,68,52,52,52,52,51,51,49,49,33,33,58,66,66,66,66,66,66,66,63,63,63,68,68,68,62,53,65,67,68,36,26,26,26,26,16,31,39,39,28,28,43,43,25,43,32,0,0],"gold":159,"neow_bonus":"BOSS_RELIC","is_daily":false,"chose_seed":false,"campfire_upgraded":9,"win_rate":0.0,"timestamp":1614236041,"path_taken":["M","M","?","M","?","E","R","?","T","?","?","?","R","E","R","BOSS","M","?","$","?","?","R","E","?","T","R","E","R","E","M","R","BOSS","M","?","?","$","?","?","R","E","T","E","$","R","?","E","R","BOSS","BOSS"],"items_purchased_type":["Card","Card","Card","Relic","Card","Card","Card"],"build_version":"2020-12-22","purchased_purges":2,"victory":false,"max_hp_per_floor":[68,68,68,68,68,68,68,68,68,68,68,68,68,68,68,68,68,68,68,68,68,68,68,68,68,68,68,68,68,68,68,68,68,68,68,68,68,68,68,68,68,68,68,68,68,68,68,68,68,68,68,68],"relic_stats":{"Regal Pillow":0,"Busted Crown":46,"counters":[22,115],"Mummified Hand":[77],"Pantograph":78,"Gambling Chip":[23],"CeramicFish":36,"Eternal Feather":65,"Prayer Wheel":0,"Kunai":[63],"obtain_stats":[{"Regal Pillow":28,"CeramicFish":44,"Eternal Feather":24,"SlaversCollar":34,"Busted Crown":0,"Mummified Hand":6,"Pantograph":14,"Gambling Chip":30,"Prayer Wheel":48,"Bag of Marbles":43,"Kunai":9,"PureWater":0,"Toy Ornithopter":45,"Runic Pyramid":17},{"Regal Pillow":12,"CeramicFish":19,"Eternal Feather":11,"SlaversCollar":15,"Busted Crown":0,"Mummified Hand":4,"Pantograph":7,"Gambling Chip":13,"Prayer Wheel":20,"Bag of Marbles":18,"Kunai":4,"PureWater":0,"Toy Ornithopter":19,"Runic Pyramid":8},{"Regal Pillow":58,"CeramicFish":101,"Eternal Feather":53,"SlaversCollar":77,"Busted Crown":0,"Mummified Hand":13,"Pantograph":33,"Gambling Chip":64,"Prayer Wheel":105,"Bag of Marbles":94,"Kunai":13,"PureWater":0,"Toy Ornithopter":101,"Runic Pyramid":39}],"Toy Ornithopter":10},"card_choices":[{"not_picked":[],"picked":"MentalFortress","floor":1.0},{"not_picked":[],"picked":"ThirdEye","floor":2.0},{"not_picked":["Evaluate"],"picked":"SKIP","floor":4.0},{"not_picked":[],"picked":"FollowUp","floor":6.0},{"not_picked":[],"picked":"Protect","floor":10.0},{"not_picked":[],"picked":"Fasting2","floor":12.0},{"not_picked":["Evaluate"],"picked":"SKIP","floor":14.0},{"not_picked":[],"picked":"DevaForm","floor":16.0},{"not_picked":[],"picked":"SashWhip","floor":18.0},{"not_picked":[],"picked":"InnerPeace","floor":21.0},{"not_picked":[],"picked":"Adaptation","floor":24.0},{"not_picked":["WreathOfFlame"],"picked":"SKIP","floor":28.0},{"not_picked":["Protect"],"picked":"SKIP","floor":30.0},{"not_picked":[],"picked":"SashWhip","floor":31.0},{"not_picked":[],"picked":"Sanctity+1","floor":35.0},{"not_picked":[],"picked":"Master of Strategy","floor":36.0},{"not_picked":[],"picked":"Wireheading","floor":39.0},{"not_picked":[],"picked":"Indignation","floor":42.0},{"not_picked":["CrushJoints+1"],"picked":"SKIP","floor":44.0},{"not_picked":[],"picked":"Study","floor":48}],"player_experience":5431706,"relics_obtained":[{"floor":6.0,"key":"Mummified Hand"},{"floor":9.0,"key":"Kunai"},{"floor":14.0,"key":"Pantograph"},{"floor":24.0,"key":"Eternal Feather"},{"floor":28.0,"key":"Regal Pillow"},{"floor":30.0,"key":"Gambling Chip"},{"floor":43.0,"key":"Bag of Marbles"},{"floor":44.0,"key":"CeramicFish"},{"floor":48,"key":"Prayer Wheel"}],"event_choices":[{"damage_healed":22.0,"max_hp_gain":0.0,"max_hp_loss":0.0,"gold_gain":0.0,"event_name":"Big Fish","player_choice":"Banana","floor":3.0,"gold_loss":0.0,"damage_taken":0.0},{"cards_removed":["Defend_P"],"damage_healed":0.0,"max_hp_gain":0.0,"max_hp_loss":0.0,"gold_gain":0.0,"event_name":"The Cleric","player_choice":"Card Removal","floor":5.0,"gold_loss":75.0,"damage_taken":0.0},{"damage_healed":0.0,"max_hp_gain":0.0,"max_hp_loss":0.0,"gold_gain":30.0,"event_name":"Dead Adventurer","player_choice":"Searched \u00271\u0027 times","floor":8.0,"gold_loss":0.0,"damage_taken":0.0},{"cards_removed":["Strike_P"],"damage_healed":0.0,"max_hp_gain":0.0,"max_hp_loss":0.0,"gold_gain":0.0,"event_name":"Bonfire Elementals","player_choice":"Offered Basic","floor":11.0,"gold_loss":0.0,"damage_taken":0.0},{"damage_healed":0.0,"max_hp_gain":0.0,"max_hp_loss":0.0,"gold_gain":0.0,"event_name":"The Woman in Blue","player_choice":"Bought 1 Potion","floor":19.0,"gold_loss":0.0,"damage_taken":0.0},{"damage_healed":0.0,"max_hp_gain":0.0,"max_hp_loss":0.0,"gold_gain":0.0,"event_name":"The Library","player_choice":"Read","floor":22.0,"gold_loss":0.0,"damage_taken":0.0,"cards_obtained":["EmptyFist"]},{"damage_healed":0.0,"max_hp_gain":0.0,"max_hp_loss":0.0,"gold_gain":0.0,"event_name":"SensoryStone","player_choice":"Memory 3","floor":36.0,"gold_loss":0.0,"damage_taken":10.0},{"damage_healed":0.0,"max_hp_gain":0.0,"max_hp_loss":0.0,"gold_gain":275.0,"event_name":"Golden Shrine","player_choice":"Desecrate","floor":37.0,"gold_loss":0.0,"damage_taken":0.0,"cards_obtained":["Regret"]},{"damage_healed":0.0,"max_hp_gain":0.0,"max_hp_loss":0.0,"gold_gain":0.0,"event_name":"Wheel of Change","player_choice":"Damaged","floor":40.0,"gold_loss":0.0,"damage_taken":10.0}],"is_beta":false,"boss_relics":[{"not_picked":["Cursed Key","Coffee Dripper"],"picked":"Runic Pyramid"},{"not_picked":["Tiny House","Calling Bell"],"picked":"SlaversCollar"}],"items_purged_floors":[20,38],"is_endless":false,"potions_floor_spawned":[1,6,10,14,18,24,31,35,42],"killed_by":"Time Eater","ascension_level":20}}