{"host":"gfmcepcjap0l8d24","time":1614251615,"event":{"mods":["AchievementEnabler","Act Like it!","BaseMod","BetterRewards","Card Filter","Card Forge","Colored Map","Colored Powertips","Custom Start","DeckTracker","Defuse TimeMaze Blight","Gold Saver","Key Reminder","Minty Spire (QoL Compilation)","Permanent Neow","Practice Mode","Quick Restart","Relic Filter","Shop Mod","StSLib","SuperFastMode"],"gold_per_floor":[121,134,149,167,187,187,187],"floor_reached":6,"language":"JPN","playtime":568,"items_purged":[],"score":40,"play_id":"c7506ac7-07f1-49e4-978e-c831084fe1c7","local_time":"20210225201335","is_ascension_mode":false,"campfire_choices":[],"circlet_count":0,"master_deck":["Strike_G","Strike_G","Strike_G","Strike_G","Defend_G","Defend_G","Defend_G","Defend_G","Survivor","Neutralize","Malaise","Finisher","Concentrate","Blur","Backflip","Footwork","Catalyst","Deadly Poison","Blur"],"relics":["Ring of the Snake","Hammer of Thor","Seething Fire","Anvil of the Gods"],"acts_visited":["Exordium"],"potions_floor_usage":[],"damage_taken":[{"damage":1,"enemies":"Cultist","floor":1,"turns":6},{"damage":0,"enemies":"Small Slimes","floor":2,"turns":3},{"damage":4,"enemies":"2 Louse","floor":3,"turns":4},{"damage":5,"enemies":"Large Slime","floor":4,"turns":14},{"damage":12,"enemies":"Looter","floor":5,"turns":3},{"damage":56,"enemies":"Gremlin Nob","floor":6,"turns":7}],"seed_played":"8316988858999480752","potions_obtained":[{"floor":1,"key":"CultistPotion"},{"floor":2,"key":"Strength Potion"},{"floor":5,"key":"PowerPotion"}],"is_trial":false,"path_per_floor":["M","M","M","M","M","E"],"character_chosen":"THE_SILENT","items_purchased":[],"campfire_rested":0,"item_purchase_floors":[],"current_hp_per_floor":[69,69,65,60,48,0,0],"gold":187,"neow_bonus":"ONE_RANDOM_RARE_CARD","is_daily":false,"chose_seed":false,"campfire_upgraded":0,"win_rate":0.0,"timestamp":1614251615,"path_taken":["M","M","M","M","M","E"],"items_purchased_type":[],"build_version":"2020-12-22","purchased_purges":0,"victory":false,"max_hp_per_floor":[70,70,70,70,70,70,70],"card_choices":[{"not_picked":["Quick Slash","Sucker Punch"],"picked":"Finisher","floor":1},{"not_picked":["Finisher","Underhanded Strike"],"picked":"Concentrate","floor":2},{"not_picked":["Dodge and Roll","Slice"],"picked":"Catalyst","floor":3},{"not_picked":["Underhanded Strike","Skewer","Sucker Punch"],"picked":"SKIP","floor":4},{"not_picked":["Leg Sweep","Poisoned Stab"],"picked":"Deadly Poison","floor":5}],"player_experience":217532,"relics_obtained":[],"event_choices":[],"is_beta":false,"boss_relics":[],"items_purged_floors":[],"is_endless":false,"potions_floor_spawned":[1,2,5],"killed_by":"Gremlin Nob","ascension_level":0}}