{"host":"en4narc5947t7k9n","time":1614241409,"event":{"mods":["AchievementEnabler","BaseMod","Colored Map","Minty Spire (QoL Compilation)","SuperFastMode"],"gold_per_floor":[113,130,39,58,75,75,87,99,126,160,177,194,42,62,62,167,167,181,192,4,21,120,120,138,138,138,138,138,149,0,0,0,0,0],"floor_reached":33,"language":"KOR","playtime":1662,"items_purged":[],"score":253,"play_id":"705d2108-22b9-4227-9a24-931eae7c824c","local_time":"20210225172329","is_ascension_mode":false,"campfire_choices":[{"data":"Seeing Red","floor":6,"key":"SMITH"},{"data":"Bandage Up","floor":15,"key":"SMITH"},{"floor":23,"key":"RECALL"},{"data":"Feed","floor":25,"key":"SMITH"},{"floor":28,"key":"REST"},{"data":"Heavy Blade","floor":32,"key":"SMITH"}],"circlet_count":0,"master_deck":["Strike_R","Strike_R","Strike_R","Strike_R","Strike_R","Defend_R","Bash","Bandage Up","Ghostly Armor","Carnage","Bandage Up+1","Seeing Red+1","Flex","Bloodletting","Disarm","Intimidate","Cleave","Uppercut","Seeing Red+1","Clash","Feed+1","Whirlwind+1","Iron Wave+1","Dual Wield+1","Uppercut+1","Heavy Blade+1","Rampage","Twin Strike+1","Seeing Red+1","Infernal Blade+1"],"relics":["Burning Blood","Lantern","Pear","DollysMirror","Astrolabe","Pen Nib","Nilry\u0027s Codex","Vajra"],"acts_visited":["Exordium","TheCity"],"potions_floor_usage":[7,10,10,29,29,33],"damage_taken":[{"damage":12,"enemies":"Cultist","floor":1,"turns":5},{"damage":0,"enemies":"Small Slimes","floor":2,"turns":3},{"damage":0,"enemies":"2 Louse","floor":4,"turns":3},{"damage":9,"enemies":"Blue Slaver","floor":5,"turns":3},{"damage":0,"enemies":"Large Slime","floor":7,"turns":3},{"damage":9,"enemies":"2 Fungi Beasts","floor":8,"turns":3},{"damage":15,"enemies":"Gremlin Nob","floor":10,"turns":5},{"damage":10,"enemies":"Exordium Thugs","floor":11,"turns":6},{"damage":10,"enemies":"Red Slaver","floor":12,"turns":3},{"damage":5,"enemies":"Blue Slaver","floor":14,"turns":5},{"damage":88,"enemies":"Slime Boss","floor":16,"turns":14},{"damage":44,"enemies":"Chosen","floor":18,"turns":7},{"damage":28,"enemies":"3 Byrds","floor":19,"turns":6},{"damage":38,"enemies":"Centurion and Healer","floor":21,"turns":6},{"damage":0,"enemies":"3 Cultists","floor":24,"turns":4},{"damage":25,"enemies":"Shelled Parasite and Fungi","floor":29,"turns":7},{"damage":72,"enemies":"Champ","floor":33,"turns":9}],"seed_played":"-2636072295509938065","potions_obtained":[{"floor":1,"key":"Fire Potion"},{"floor":4,"key":"Strength Potion"},{"floor":5,"key":"HeartOfIron"},{"floor":14,"key":"Dexterity Potion"},{"floor":21,"key":"ColorlessPotion"},{"floor":24,"key":"BloodPotion"}],"is_trial":false,"path_per_floor":["M","M","$","M","M","R","M","M","T","E","M","M","$","M","R","B",null,"M","M","$","M","?","R","M","R","T","?","R","M","$","?","R","B"],"character_chosen":"IRONCLAD","items_purchased":["Bandage Up","DollysMirror","Rampage","Pen Nib","Vajra"],"campfire_rested":1,"item_purchase_floors":[3,13,20,20,30],"current_hp_per_floor":[78,80,80,80,80,80,80,80,80,81,85,89,89,90,90,18,90,62,50,50,28,28,28,37,37,37,21,48,57,57,57,57,0,0],"gold":0,"neow_bonus":"RANDOM_COLORLESS","is_daily":false,"chose_seed":false,"campfire_upgraded":4,"win_rate":0.0,"timestamp":1614241409,"path_taken":["M","M","$","M","M","R","?","M","T","E","M","M","$","M","R","BOSS","M","M","$","M","?","R","M","R","T","?","R","M","$","?","R","BOSS"],"items_purchased_type":["Card","Relic","Card","Relic","Relic"],"build_version":"2020-12-22","purchased_purges":0,"victory":false,"max_hp_per_floor":[80,80,80,80,80,80,80,80,80,90,90,90,90,90,90,90,90,90,90,90,90,90,90,93,93,93,93,93,93,93,93,93,93,93],"card_choices":[{"not_picked":["Deep Breath","Panacea"],"picked":"Bandage Up","floor":0},{"not_picked":["Wild Strike","Armaments"],"picked":"Ghostly Armor","floor":1},{"not_picked":["True Grit","Pommel Strike"],"picked":"Carnage","floor":2},{"not_picked":["Whirlwind","Headbutt"],"picked":"Seeing Red","floor":4},{"not_picked":["Clothesline","Corruption"],"picked":"Flex","floor":5},{"not_picked":["True Grit","Dual Wield"],"picked":"Bloodletting","floor":7},{"not_picked":["Pommel Strike","Flex"],"picked":"Disarm","floor":8},{"not_picked":["Clash","Dual Wield"],"picked":"Intimidate","floor":10},{"not_picked":["Iron Wave","True Grit"],"picked":"Cleave","floor":11},{"not_picked":["Sword Boomerang","Pommel Strike"],"picked":"Uppercut","floor":12},{"not_picked":["Iron Wave","Clothesline"],"picked":"Clash","floor":14},{"not_picked":["Reaper","Corruption"],"picked":"Feed","floor":16},{"not_picked":["Seeing Red","Thunderclap"],"picked":"Uppercut+1","floor":18},{"not_picked":["Flex","Evolve"],"picked":"Heavy Blade","floor":19},{"not_picked":["Cleave","Clash"],"picked":"Twin Strike+1","floor":21},{"not_picked":["Armaments","Carnage"],"picked":"Seeing Red+1","floor":24},{"not_picked":["Warcry","Battle Trance"],"picked":"Infernal Blade","floor":29}],"player_experience":213632,"relics_obtained":[{"floor":9,"key":"Lantern"},{"floor":10,"key":"Pear"},{"floor":27,"key":"Nilry\u0027s Codex"}],"event_choices":[{"damage_healed":0,"gold_gain":99,"player_choice":"Stole From Cult","damage_taken":0,"max_hp_gain":0,"max_hp_loss":0,"event_name":"Nest","floor":22,"gold_loss":0},{"damage_healed":0,"gold_gain":0,"player_choice":"Obtained Book","damage_taken":16,"max_hp_gain":0,"max_hp_loss":0,"event_name":"Cursed Tome","floor":27,"gold_loss":0},{"damage_healed":0,"gold_gain":0,"player_choice":"Forge","damage_taken":0,"max_hp_gain":0,"max_hp_loss":0,"event_name":"Accursed Blacksmith","floor":31,"gold_loss":0,"cards_upgraded":["Infernal Blade"]}],"is_beta":false,"boss_relics":[{"not_picked":["Fusion Hammer","Ectoplasm"],"picked":"Astrolabe"}],"items_purged_floors":[],"is_endless":false,"potions_floor_spawned":[1,4,5,14,21,24],"killed_by":"Champ","ascension_level":0}}