{"host":"v7nip9mocme4em3v","time":1614279579,"event":{"mods":["BaseMod","BetterRewards","Minty Spire (QoL Compilation)","Quick Restart","StSLib"],"gold_per_floor":[110,125,142,160,173,206,206,219,243,275,305,334,334,361,361,456,456,474,486,486,486,263,289,289,289,289,308,308,343,343,360,360,465,465,485,504,255,274,274,302,22,22,22,49,60,71,71,91,91,91],"floor_reached":51,"language":"ENG","playtime":3422,"items_purged":["Clash","Strike_R","Strike_R"],"score":802,"play_id":"7c34a33b-73af-4da5-96ad-438bfa3304f4","local_time":"20210225105939","is_ascension_mode":false,"campfire_choices":[{"data":"True Grit","floor":7,"key":"SMITH"},{"data":"Body Slam","floor":15,"key":"SMITH"},{"data":"Blood for Blood","floor":24,"key":"SMITH"},{"data":"True Grit","floor":30,"key":"SMITH"},{"data":"Carnage","floor":32,"key":"SMITH"},{"data":"Flame Barrier","floor":42,"key":"SMITH"},{"data":"Flame Barrier","floor":47,"key":"SMITH"},{"data":"Shockwave","floor":49,"key":"SMITH"}],"circlet_count":0,"master_deck":["Strike_R","Strike_R","Defend_R","Defend_R+1","Defend_R","Defend_R","Bash","Pommel Strike","Shrug It Off+1","Cleave","Impervious","True Grit+1","Carnage+1","Headbutt","Reaper","Hemokinesis","Body Slam+1","Demon Form+1","Sword Boomerang","J.A.X.","Feel No Pain","Blood for Blood+1","Shockwave+1","True Grit+1","Flex+1","Reaper","Blood for Blood","Flame Barrier+1","Blood for Blood","Shockwave+1","Bash","Flame Barrier+1","Body Slam+1","Parasite","Inflame+1"],"relics":["Burning Blood","WingedGreaves","Bag of Preparation","Kunai","Toy Ornithopter","War Paint","Incense Burner","Odd Mushroom","SlaversCollar","Red Skull","Bronze Scales","StoneCalendar","Matryoshka","Snecko Eye","Darkstone Periapt","Sling","Lantern","Eternal Feather","Bottled Flame"],"acts_visited":["Exordium","TheCity","TheBeyond"],"potions_floor_usage":[8,10,19,23,31,33,50,50],"damage_taken":[{"damage":1,"enemies":"Cultist","floor":1,"turns":3},{"damage":4,"enemies":"2 Louse","floor":2,"turns":4},{"damage":6,"enemies":"Jaw Worm","floor":3,"turns":2},{"damage":0,"enemies":"Large Slime","floor":4,"turns":6},{"damage":6,"enemies":"3 Louse","floor":5,"turns":3},{"damage":23,"enemies":"3 Sentries","floor":6,"turns":9},{"damage":8,"enemies":"2 Fungi Beasts","floor":8,"turns":4},{"damage":23,"enemies":"Lagavulin","floor":10,"turns":5},{"damage":20,"enemies":"Gremlin Nob","floor":11,"turns":4},{"damage":23,"enemies":"3 Sentries","floor":12,"turns":8},{"damage":4,"enemies":"The Mushroom Lair","floor":14,"turns":7},{"damage":17,"enemies":"The Guardian","floor":16,"turns":14},{"damage":0,"enemies":"Chosen","floor":18,"turns":5},{"damage":11,"enemies":"3 Byrds","floor":19,"turns":6},{"damage":33,"enemies":"Slavers","floor":23,"turns":7},{"damage":15,"enemies":"Centurion and Healer","floor":27,"turns":7},{"damage":4,"enemies":"Book of Stabbing","floor":29,"turns":5},{"damage":43,"enemies":"3 Cultists","floor":31,"turns":5},{"damage":24,"enemies":"Champ","floor":33,"turns":9},{"damage":24,"enemies":"3 Darklings","floor":35,"turns":5},{"damage":22,"enemies":"3 Shapes","floor":36,"turns":7},{"damage":5,"enemies":"Jaw Worm Horde","floor":38,"turns":5},{"damage":24,"enemies":"Giant Head","floor":40,"turns":7},{"damage":2,"enemies":"Reptomancer","floor":44,"turns":4},{"damage":2,"enemies":"Writhing Mass","floor":45,"turns":4},{"damage":7,"enemies":"3 Darklings","floor":46,"turns":3},{"damage":13,"enemies":"Jaw Worm Horde","floor":48,"turns":4},{"damage":44,"enemies":"Awakened One","floor":50,"turns":8}],"seed_played":"-7732502190289047159","potions_obtained":[{"floor":4,"key":"Regen Potion"},{"floor":6,"key":"Energy Potion"},{"floor":8,"key":"LiquidMemories"},{"floor":12,"key":"AttackPotion"},{"floor":23,"key":"AttackPotion"},{"floor":31,"key":"Regen Potion"},{"floor":36,"key":"Energy Potion"},{"floor":44,"key":"DistilledChaos"},{"floor":46,"key":"DistilledChaos"}],"is_trial":false,"path_per_floor":["M","M","M","M","M","E","R","M","T","E","E","E","T","?","R","B",null,"M","M","?","?","$","E","R","?","T","M","?","E","R","M","R","B",null,"M","M","$","M","?","E","$","R","T","E","M","M","R","M","R","B",null],"character_chosen":"IRONCLAD","items_purchased":["Red Skull","Flame Barrier","Blood for Blood","Sling"],"campfire_rested":0,"item_purchase_floors":[22,37,37,41],"current_hp_per_floor":[80,80,80,80,80,63,63,61,61,56,42,36,36,42,42,31,80,80,75,75,75,75,71,71,71,71,62,62,64,64,44,44,63,80,63,71,71,80,80,69,69,69,69,76,86,86,86,85,86,86],"gold":91,"neow_bonus":"","is_daily":false,"chose_seed":false,"campfire_upgraded":8,"win_rate":0.0,"timestamp":1614279579,"path_taken":["M","M","M","M","M","E","R","M","T","E","E","E","?","?","R","BOSS","M","M","?","?","$","E","R","?","T","M","?","E","R","M","R","BOSS","M","?","$","M","?","E","$","R","T","E","?","M","R","M","R","BOSS"],"items_purchased_type":["Relic","Card","Card","Relic"],"build_version":"2020-12-22","purchased_purges":3,"victory":true,"max_hp_per_floor":[80,80,80,80,80,80,80,80,80,80,80,80,80,80,80,80,80,80,80,80,80,80,80,80,80,80,80,80,80,80,80,80,80,80,80,80,80,80,80,80,80,80,80,80,86,86,86,86,86,86],"card_choices":[{"not_picked":["Flex","Body Slam"],"picked":"Clash","floor":1},{"not_picked":["Seeing Red","Flex"],"picked":"Pommel Strike","floor":2},{"not_picked":["Body Slam","Rage"],"picked":"Shrug It Off","floor":3},{"not_picked":["Twin Strike","Armaments"],"picked":"Cleave","floor":4},{"not_picked":["Shrug It Off","Rampage"],"picked":"Impervious","floor":5},{"not_picked":["Power Through","Entrench"],"picked":"True Grit","floor":6},{"not_picked":["Warcry","Combust"],"picked":"Carnage","floor":8},{"not_picked":["Armaments","Dual Wield"],"picked":"Headbutt","floor":10},{"not_picked":["Corruption","Bloodletting"],"picked":"Reaper","floor":11},{"not_picked":["Headbutt","Pummel"],"picked":"Hemokinesis","floor":12},{"not_picked":["Second Wind","Clash"],"picked":"Body Slam","floor":14},{"not_picked":["Corruption","Impervious"],"picked":"Demon Form","floor":16},{"not_picked":["Rage","Clash","Anger"],"picked":"SKIP","floor":18},{"not_picked":["Anger","Warcry"],"picked":"Sword Boomerang","floor":19},{"not_picked":["Clash+1","Shrug It Off"],"picked":"Blood for Blood","floor":23},{"not_picked":["Rampage+1","Whirlwind+1"],"picked":"Shockwave+1","floor":27},{"not_picked":["Demon Form","Rage+1"],"picked":"True Grit","floor":29},{"not_picked":["True Grit","Cleave"],"picked":"Flex+1","floor":31},{"not_picked":["Demon Form","Berserk"],"picked":"Reaper","floor":33},{"not_picked":["Anger","Iron Wave+1"],"picked":"Blood for Blood","floor":35},{"not_picked":["Rage","Iron Wave","Sword Boomerang"],"picked":"SKIP","floor":36},{"not_picked":["Infernal Blade+1","Burning Pact"],"picked":"Shockwave","floor":38},{"not_picked":["Armaments","Searing Blow"],"picked":"Flame Barrier","floor":40},{"not_picked":["Warcry+1","Shrug It Off"],"picked":"Body Slam+1","floor":44},{"not_picked":["Flex+1","Bloodletting+1","Iron Wave+1"],"picked":"SKIP","floor":45},{"not_picked":["Warcry","Thunderclap+1"],"picked":"Inflame+1","floor":46},{"not_picked":["Flex+1","Pummel","Armaments"],"picked":"SKIP","floor":48}],"player_experience":0,"relics_obtained":[{"floor":6,"key":"WingedGreaves"},{"floor":9,"key":"Bag of Preparation"},{"floor":10,"key":"Kunai"},{"floor":11,"key":"Toy Ornithopter"},{"floor":12,"key":"War Paint"},{"floor":13,"key":"Incense Burner"},{"floor":14,"key":"Odd Mushroom"},{"floor":23,"key":"Bronze Scales"},{"floor":26,"key":"StoneCalendar"},{"floor":29,"key":"Matryoshka"},{"floor":40,"key":"Darkstone Periapt"},{"floor":43,"key":"Lantern"},{"floor":43,"key":"Eternal Feather"},{"floor":44,"key":"Bottled Flame"}],"event_choices":[{"damage_healed":0,"gold_gain":0,"player_choice":"Fought Mushrooms","damage_taken":0,"max_hp_gain":0,"max_hp_loss":0,"event_name":"Mushrooms","floor":14,"gold_loss":0},{"damage_healed":0,"gold_gain":0,"player_choice":"Obtain J.A.X.","damage_taken":0,"max_hp_gain":0,"max_hp_loss":0,"event_name":"Drug Dealer","floor":20,"gold_loss":0,"cards_obtained":["J.A.X."]},{"damage_healed":0,"gold_gain":0,"player_choice":"Read","damage_taken":0,"max_hp_gain":0,"max_hp_loss":0,"event_name":"The Library","floor":21,"gold_loss":0,"cards_obtained":["Feel No Pain"]},{"cards_removed":["Strike_R"],"damage_healed":0,"gold_gain":0,"player_choice":"Elegance","damage_taken":0,"max_hp_gain":0,"max_hp_loss":0,"event_name":"Back to Basics","floor":25,"gold_loss":0},{"damage_healed":0,"gold_gain":0,"player_choice":"Forge","damage_taken":0,"max_hp_gain":0,"max_hp_loss":0,"event_name":"Accursed Blacksmith","floor":28,"gold_loss":0,"cards_upgraded":["Demon Form"]},{"damage_healed":0,"gold_gain":0,"player_choice":"1 cards matched","damage_taken":0,"max_hp_gain":0,"max_hp_loss":0,"event_name":"Match and Keep!","floor":39,"gold_loss":0,"cards_obtained":["Bash"]}],"is_beta":false,"boss_relics":[{"not_picked":["Runic Dome","Sozu"],"picked":"SlaversCollar"},{"not_picked":["Velvet Choker","Coffee Dripper"],"picked":"Snecko Eye"}],"items_purged_floors":[22,37,41],"is_endless":false,"potions_floor_spawned":[4,6,8,12,23,31,36,44,46],"ascension_level":0}}