{"host":"73bw5seuoedfmnty","time":1614215022,"event":{"mods":["AchievementEnabler","Ascension Reborn","Aspiration","Bard","BaseMod","Challenge The Spire","Conspire","Curses Come First","Custom Start","Downfall","Emptier Cage","Gremlin Mod","Halation","Infinite Spire","Marked Mod","Minty Spire (QoL Compilation)","Permanent Neow","Reliquary","Replay The Spire","Robot Space Explorer","Somnambulant","Spikes Relics","StSLib","The Cursed","The Disciple","The Senshi","thorton"],"gold_per_floor":[111,111,111,126,136,136,154,154,154,154,172,19,19,32,32,129,129,140,140,159,179,195,195,208,208,286,22,22,22],"floor_reached":28,"language":"ENG","playtime":4109,"items_purged":["CloudedMind"],"score":237,"play_id":"f61ff76f-756d-4be2-abe3-5d816d9398a9","local_time":"20210224170342","is_ascension_mode":true,"campfire_choices":[{"data":"Dagger Spray","floor":6,"key":"SMITH"},{"data":"Blade Dance","floor":8,"key":"SMITH"},{"data":"Madness","floor":10,"key":"SMITH"},{"floor":15,"key":"REST"},{"floor":23,"key":"REST"}],"circlet_count":0,"master_deck":["Strike_G","Strike_G","Strike_G","Strike_G","Strike_G","Defend_G","Defend_G","Defend_G","Defend_G","Defend_G","Survivor","Neutralize","Madness+1","Dagger Spray+1","Blade Dance+1","Bane","Poisoned Stab","Blade Dance","infinitespire:Neurotoxin+1","Deflect","ReplayTheSpireMod:Faulty Equipment","Clumsy","Blade Dance","Replay:Poison Smokescreen+1","Footwork","Blade Dance","Terror","PlatinumSkin","PiercingWail","Noxious Fumes"],"relics":["Ring of the Snake","ReplayTheSpireMod:Ring of Addiction","SacredBark","Potion Belt","Question Card","SuspiciousGoo","halation:TwoAmDonut","Replay:Ancient Bell","reliquary:RoseTintedGlasses","Iron Hammer","infinitespire:Joker Card","Letter Opener"],"acts_visited":["Exordium","TheCity"],"potions_floor_usage":[16,16,16],"damage_taken":[{"damage":0,"enemies":"conspire:RoseBush","floor":1,"turns":10},{"damage":5,"enemies":"Cultist","floor":4,"turns":5},{"damage":0,"enemies":"Small Slimes","floor":5,"turns":5},{"damage":7,"enemies":"Exordium Thugs","floor":7,"turns":6},{"damage":19,"enemies":"Large Slime","floor":11,"turns":8},{"damage":8,"enemies":"Red Slaver","floor":14,"turns":3},{"damage":9,"enemies":"Fading Forest","floor":16,"turns":11},{"damage":31,"enemies":"conspire:FuzzyDice","floor":18,"turns":6},{"damage":9,"enemies":"Shell Parasite","floor":20,"turns":4},{"damage":41,"enemies":"Shelled Parasite and Fungi","floor":21,"turns":6},{"damage":18,"enemies":"conspire:HollyBat","floor":22,"turns":6},{"damage":9,"enemies":"Centurion and Healer","floor":24,"turns":5},{"damage":13,"enemies":"Snake Plant","floor":28,"turns":1}],"seed_played":"-7010372970786581636","potions_obtained":[{"floor":2,"key":"Poison Potion"},{"floor":2,"key":"PowerPotion"},{"floor":2,"key":"EssenceOfSteel"},{"floor":11,"key":"SpeedPotion"}],"is_trial":false,"path_per_floor":["M","?","?","M","M","R","M","R","T","R","M","$","T","M","R","B",null,"M","?","M","M","M","R","M","?","T","$","M"],"character_chosen":"THE_SILENT","items_purchased":["infinitespire:Neurotoxin","PlatinumSkin","PiercingWail","Noxious Fumes"],"campfire_rested":2,"item_purchase_floors":[12,27,27,27],"current_hp_per_floor":[70,70,70,65,65,65,58,58,58,58,39,39,39,31,49,58,62,31,72,61,20,2,22,13,13,13,13,0,0],"gold":22,"neow_bonus":"RANDOM_COLORLESS","is_daily":false,"chose_seed":false,"campfire_upgraded":3,"win_rate":0.0,"timestamp":1614215022,"path_taken":["M","?","?","M","M","R","?","R","T","R","M","$","?","M","R","BOSS","M","?","M","M","M","R","?","?","T","?","M"],"items_purchased_type":["Card","Card","Card","Card"],"build_version":"2020-12-22","purchased_purges":1,"victory":false,"max_hp_per_floor":[70,70,70,70,70,68,68,68,66,66,66,64,64,64,62,62,62,62,72,70,70,70,68,68,68,66,66,66,66],"card_choices":[{"not_picked":["Impatience","Trip"],"picked":"Madness","floor":0},{"not_picked":["Flying Knee","Backflip"],"picked":"Dagger Spray","floor":1},{"not_picked":["Dagger Throw","Reflex","Tactician"],"picked":"Blade Dance","floor":4},{"not_picked":["ReplayTheSpireMod:The Works","Acrobatics","Slice"],"picked":"Bane","floor":5},{"not_picked":["Fluid Movement","PiercingWail","Predator"],"picked":"Poisoned Stab","floor":7},{"not_picked":["Sucker Punch","Finisher","Flying Knee"],"picked":"Blade Dance","floor":11},{"not_picked":["Heel Hook","Tactician","ReplayTheSpireMod:Tripwire"],"picked":"Deflect","floor":14},{"not_picked":["Doppelganger","A Thousand Cuts","Phantasmal Killer"],"picked":"Corpse Explosion","floor":16},{"not_picked":["Intolerance","SwitchConfidence","Sickly"],"picked":"ReplayTheSpireMod:Faulty Equipment","floor":17},{"not_picked":["Replay:Hysterical Blindness","Hallucinations","TheCursedMod:Dregs"],"picked":"CloudedMind","floor":17},{"not_picked":["downfall:Icky","Hatred","CommonCold"],"picked":"Clumsy","floor":17},{"not_picked":["Deadly Poison","Bane","Caltrops"],"picked":"Blade Dance","floor":18},{"not_picked":["PiercingWail","All Out Attack+1","conspire:DoublingDagger"],"picked":"Replay:Poison Smokescreen+1","floor":20},{"not_picked":["Bane","Backflip","Poisoned Stab+1"],"picked":"Footwork","floor":21},{"not_picked":["Sucker Punch+1","Well Laid Plans","Choke"],"picked":"Blade Dance","floor":22},{"not_picked":["Malaise","Acrobatics","Well Laid Plans+1"],"picked":"Terror","floor":24}],"player_experience":119123,"relics_obtained":[{"floor":2,"key":"ReplayTheSpireMod:Ring of Addiction"},{"floor":2,"key":"SacredBark"},{"floor":2,"key":"Potion Belt"},{"floor":9,"key":"SuspiciousGoo"},{"floor":13,"key":"halation:TwoAmDonut"},{"floor":26,"key":"Letter Opener"}],"event_choices":[{"damage_healed":0,"gold_gain":0,"player_choice":"Gave Potion","damage_taken":0,"relics_obtained":["Question Card"],"max_hp_gain":0,"max_hp_loss":0,"event_name":"WeMeetAgain","floor":3,"gold_loss":0},{"cards_removed":["Corpse Explosion"],"damage_healed":31,"gold_gain":0,"player_choice":"Offered Rare","damage_taken":0,"max_hp_gain":10,"max_hp_loss":0,"event_name":"Bonfire Elementals","floor":19,"gold_loss":0},{"damage_healed":0,"gold_gain":0,"player_choice":"Forge","damage_taken":0,"max_hp_gain":0,"max_hp_loss":0,"event_name":"Accursed Blacksmith","floor":25,"gold_loss":0,"cards_upgraded":["infinitespire:Neurotoxin"]}],"is_beta":false,"boss_relics":[{"not_picked":["Fusion Hammer","Replay:Drink Me"],"picked":"Replay:Ancient Bell"},{"not_picked":["Lantern","Bag of Marbles"],"picked":"reliquary:RoseTintedGlasses"},{"not_picked":["ReplayTheSpireMod:Ninjato","RetroEgg"],"picked":"Iron Hammer"},{"not_picked":["FossilizedHelix","Pondfish Scales"],"picked":"infinitespire:Joker Card"}],"items_purged_floors":[27],"is_endless":false,"potions_floor_spawned":[11],"killed_by":"Snake Plant","ascension_level":0}}