{"host":"2se5dq1do2gp0x9k","time":1614218403,"event":{"mods":["AchievementEnabler","BaseMod","Block Reminder","Colored Map","Colored Powertips","Minty Spire (QoL Compilation)","Relic Stats","StSLib","SuperFastMode"],"gold_per_floor":[110,121,131,149,164,164,174,174,174],"floor_reached":8,"language":"ENG","playtime":441,"items_purged":[],"score":104,"play_id":"6018d463-a2e8-4ca6-a59b-5f426efc89fe","local_time":"20210224180003","is_ascension_mode":true,"campfire_choices":[{"data":"Neutralize","floor":6,"key":"SMITH"}],"circlet_count":0,"master_deck":["AscendersBane","Strike_G","Strike_G","Strike_G","Strike_G","Strike_G","Defend_G","Defend_G","Defend_G","Defend_G","Defend_G","Survivor","Neutralize+1","Skewer","Acrobatics","Distraction","Slice","Heel Hook","Cloak And Dagger"],"relics":["Ring of the Snake","CaptainsWheel"],"acts_visited":["Exordium"],"potions_floor_usage":[8],"damage_taken":[{"damage":0,"enemies":"Cultist","floor":1,"turns":4},{"damage":0,"enemies":"2 Louse","floor":2,"turns":4},{"damage":6,"enemies":"Small Slimes","floor":3,"turns":5},{"damage":13,"enemies":"3 Louse","floor":4,"turns":4},{"damage":7,"enemies":"Red Slaver","floor":5,"turns":6},{"damage":15,"enemies":"Large Slime","floor":7,"turns":7},{"damage":1,"enemies":"Lagavulin","floor":8,"turns":7}],"seed_played":"8826908339214859532","potions_obtained":[{"floor":2,"key":"Strength Potion"},{"floor":3,"key":"Dexterity Potion"}],"is_trial":false,"path_per_floor":["M","M","M","M","M","R","M","E"],"character_chosen":"THE_SILENT","items_purchased":[],"campfire_rested":0,"item_purchase_floors":[],"current_hp_per_floor":[59,59,53,40,33,33,18,17,17],"gold":174,"neow_bonus":"ONE_RARE_RELIC","is_daily":false,"chose_seed":false,"campfire_upgraded":1,"win_rate":0.0,"timestamp":1614218403,"path_taken":["M","?","M","M","M","R","M","E"],"items_purchased_type":[],"build_version":"2020-12-22","purchased_purges":0,"victory":false,"max_hp_per_floor":[60,60,60,60,60,60,60,60,60],"relic_stats":{"counters":[7,37],"obtain_stats":[{"CaptainsWheel":0,"Ring of the Snake":0},{"CaptainsWheel":0,"Ring of the Snake":0},{"CaptainsWheel":0,"Ring of the Snake":0}],"Ring of the Snake":[14]},"card_choices":[{"not_picked":["Deflect","Setup"],"picked":"Skewer","floor":1},{"not_picked":["Caltrops","Finisher"],"picked":"Acrobatics","floor":2},{"not_picked":["Slice","Skewer"],"picked":"Distraction","floor":3},{"not_picked":["Deadly Poison","Riddle With Holes"],"picked":"Slice","floor":4},{"not_picked":["Dodge and Roll","Sucker Punch"],"picked":"Heel Hook","floor":5},{"not_picked":["Blade Dance","Bane"],"picked":"Cloak And Dagger","floor":7}],"player_experience":4142069,"relics_obtained":[],"event_choices":[],"is_beta":false,"boss_relics":[],"items_purged_floors":[],"is_endless":false,"potions_floor_spawned":[2,3,5],"killed_by":"Lagavulin","ascension_level":20}}