{"host":"9tlw6ssh7xz6j5yh","time":1614255406,"event":{"mods":["BaseMod","Colored Map","DNKmod","Downfall","Friendly Minions","Marisa£®ÏF”Í°°ƒß¿Ì…≥£©","Minty Spire (QoL Compilation)","READ ME - Guardian Mod","Red Circlet Mod","Relic Filter Mod","Remove Card Discount Mod","Shop Mod","StSLib","The Alterego","The Marked","UnlockEverythingMod","Waifu the Spire"],"gold_per_floor":[10026,10049,10058,10058,10080,10115,10115,10131,10155,10164,10184,10218,9819,9832,9832,9936,9936,9962,9664,9692,9719,9503,9542,9542,9569,9642,9642,9691,9691,9706,9715,9715,9818,9818,9841,9870,9897,9915,9970,9970,9970,9970,9970,9429,9429,9463,9490,9504,9504,9504],"floor_reached":51,"language":"ZHS","playtime":2920,"items_purged":["Regret","Decay","alterego_mod:Strike","alterego_mod:Defend","alterego_mod:Strike","alterego_mod:Strike","alterego_mod:Strike","alterego_mod:Defend","alterego_mod:Defend","alterego_mod:Defend"],"score":830,"play_id":"076c1c18-0dc5-4f27-b8b0-e3461ec3efc3","local_time":"20210225201646","is_ascension_mode":false,"campfire_choices":[{"data":"alterego_mod:TrashNCrash","floor":7.0,"key":"SMITH"},{"data":"alterego_mod:Clones","floor":15.0,"key":"SMITH"},{"data":"alterego_mod:Stockings","floor":24.0,"key":"SMITH"},{"data":"alterego_mod:BiFurious","floor":27.0,"key":"SMITH"},{"data":"alterego_mod:Weigh","floor":29.0,"key":"SMITH"},{"data":"alterego_mod:AlterEgo","floor":32.0,"key":"SMITH"},{"data":"alterego_mod:Clap","floor":40.0,"key":"SMITH"},{"data":"alterego_mod:TrashNCrash","floor":42.0,"key":"SMITH"},{"data":"alterego_mod:Impale","floor":45.0,"key":"SMITH"},{"data":"alterego_mod:Clap","floor":49.0,"key":"SMITH"}],"circlet_count":0,"master_deck":["alterego_mod:Impale+1","alterego_mod:BigMeatyClaws","alterego_mod:BrynhildrsRune","alterego_mod:SuperDuperMasochism","alterego_mod:TrashNCrash+1","alterego_mod:BiFurious+1","alterego_mod:Clones+1","alterego_mod:Weigh+1","alterego_mod:Valentines","alterego_mod:Rip","alterego_mod:GachaTicket+1","alterego_mod:Stockings+1","alterego_mod:Exercise+1","alterego_mod:AlterEgo+1","alterego_mod:Swimsuit+1","alterego_mod:Rip+1","alterego_mod:TrashNCrash+1","Madness","Madness","alterego_mod:Clap+1","alterego_mod:SakuraFive","alterego_mod:Clap+1"],"relics":["alterego_mod:MasochisticConstitution","CeramicFish","Orichalcum","Letter Opener","Dream Catcher","StrikeDummy","Slimebound:PreparedRelic","Akabeko","Whetstone","Bronze Scales","Lantern","NeowsBlessing","Oddly Smooth Stone","Blue Candle","TungstenRod","Tiny Chest","Bag of Marbles","Gremlin Horn","MerchantsRug","expansioncontent:StudyCardRelic","Guardian:GemstoneGun","bronze:DonusWashers","Matryoshka","Kunai","MealTicket","Happy Flower","HornCleat","Blood Vial","bronze:MakeshiftBattery","CatCart","Pantograph","Torii","champ:Barbells","Anchor","Bottled Lightning","Nunchaku"],"acts_visited":["TheCity","TheBeyond"],"potions_floor_usage":[50,50,50,50,50,50,50],"damage_taken":[{"damage":0.0,"enemies":"2 Louse","floor":1.0,"turns":1.0},{"damage":0.0,"enemies":"Jaw Worm","floor":2.0,"turns":1.0},{"damage":1.0,"enemies":"Small Slimes","floor":5.0,"turns":1.0},{"damage":11.0,"enemies":"Lagavulin","floor":6.0,"turns":8.0},{"damage":0.0,"enemies":"Exordium Thugs","floor":8.0,"turns":3.0},{"damage":0.0,"enemies":"Lots of Slimes","floor":11.0,"turns":2.0},{"damage":12.0,"enemies":"3 Sentries","floor":12.0,"turns":4.0},{"damage":0.0,"enemies":"3 Louse","floor":14.0,"turns":1.0},{"damage":25.0,"enemies":"The Guardian","floor":16.0,"turns":5.0},{"damage":3.0,"enemies":"Spheric Guardian","floor":18.0,"turns":3.0},{"damage":0.0,"enemies":"Chosen","floor":20.0,"turns":2.0},{"damage":3.0,"enemies":"Sentry and Sphere","floor":21.0,"turns":3.0},{"damage":13.0,"enemies":"Book of Stabbing","floor":23.0,"turns":3.0},{"damage":1.0,"enemies":"Chosen and Byrds","floor":30.0,"turns":2.0},{"damage":14.0,"enemies":"Automaton","floor":33.0,"turns":6.0},{"damage":9.0,"enemies":"3 Darklings","floor":35.0,"turns":2.0},{"damage":0.0,"enemies":"Orb Walker","floor":36.0,"turns":1.0},{"damage":0.0,"enemies":"Jaw Worm Horde","floor":37.0,"turns":3.0},{"damage":31.0,"enemies":"Orin","floor":39.0,"turns":8.0},{"damage":0.0,"enemies":"Reptomancer","floor":46.0,"turns":2.0},{"damage":0.0,"enemies":"Sphere and 2 Shapes","floor":47.0,"turns":2.0},{"damage":10.0,"enemies":"Maw","floor":48.0,"turns":4.0},{"damage":80,"enemies":"Awakened One","floor":50,"turns":5}],"seed_played":"6743247455257773","potions_obtained":[{"floor":2.0,"key":"FearPotion"},{"floor":5.0,"key":"PowerPotion"},{"floor":8.0,"key":"Dexterity Potion"},{"floor":11.0,"key":"BlessingOfTheForge"},{"floor":21.0,"key":"Swift Potion"},{"floor":23.0,"key":"FearPotion"},{"floor":30.0,"key":"BlessingOfTheForge"},{"floor":33.0,"key":"DistilledChaos"},{"floor":39.0,"key":"FearPotion"}],"is_trial":false,"path_per_floor":["M","M","?","?","M","E","R","M","T","?","M","E","$","M","R","B",null,"M","$","M","M","$","E","R","T","T","R","T","R","M","?","R","B",null,"M","M","M","?","?","R","T","R","T","$","R","E","M","M","R","B",null],"character_chosen":"The_Alterego","items_purchased":["Gremlin Horn","MerchantsRug","Guardian:GemstoneGun","alterego_mod:Stockings","bronze:DonusWashers","champ:Barbells","Anchor","Bottled Lightning"],"campfire_rested":0,"item_purchase_floors":[13,13,19,22,22,44,44,44],"current_hp_per_floor":[100,100,100,88,101,91,91,91,91,91,98,87,87,87,87,63,104,102,102,102,103,103,91,91,91,91,91,91,91,93,93,93,82,109,101,103,110,97,102,102,102,102,102,111,111,111,111,102,102,33],"gold":9504,"neow_bonus":"THREE_ENEMY_KILL","is_daily":false,"chose_seed":false,"campfire_upgraded":10,"win_rate":0.0,"timestamp":1614255406,"path_taken":["M","M","?","?","M","E","R","M","T","?","M","E","$","M","R","BOSS","M","?","M","M","$","E","R","?","T","R","?","R","M","?","R","BOSS","M","M","M","?","?","R","?","R","T","$","R","E","M","M","R","BOSS"],"items_purchased_type":["Relic","Relic","Relic","Card","Relic","Relic","Relic","Relic"],"build_version":"2020-12-22","purchased_purges":10,"victory":true,"max_hp_per_floor":[100,100,100,100,101,102,102,102,102,102,102,103,103,103,103,104,104,105,105,105,106,106,107,107,107,107,107,107,107,108,108,108,109,109,110,110,110,110,111,111,111,111,111,111,111,111,111,112,112,113],"card_choices":[{"not_picked":["alterego_mod:Jiggle","alterego_mod:Lingerie"],"picked":"alterego_mod:SuperDuperMasochism","floor":1.0},{"not_picked":["alterego_mod:Punishment","alterego_mod:DestructionOfProperty"],"picked":"alterego_mod:Belle","floor":2.0},{"not_picked":["alterego_mod:Maid","alterego_mod:SuperDuperMasochism"],"picked":"alterego_mod:TrashNCrash","floor":5.0},{"not_picked":["alterego_mod:1TonWallop","alterego_mod:Cooking","alterego_mod:Cycle"],"picked":"SKIP","floor":6.0},{"not_picked":["alterego_mod:1TonWallop","alterego_mod:Complex","alterego_mod:DestructionOfProperty"],"picked":"SKIP","floor":8.0},{"not_picked":["alterego_mod:Crossover","alterego_mod:Cycle"],"picked":"alterego_mod:BiFurious","floor":11.0},{"not_picked":["alterego_mod:Rip","alterego_mod:HighServant"],"picked":"alterego_mod:Clones","floor":12.0},{"not_picked":["alterego_mod:RocketPunch","alterego_mod:PresenceConcealment","alterego_mod:Undulate"],"picked":"SKIP","floor":14.0},{"not_picked":["alterego_mod:Tantrum","alterego_mod:VirginLaserPalladion"],"picked":"alterego_mod:Weigh","floor":16.0},{"not_picked":["alterego_mod:SakuraPetals+1","alterego_mod:GoddessCore"],"picked":"alterego_mod:Valentines","floor":18.0},{"not_picked":["alterego_mod:Mirror","alterego_mod:Cycle"],"picked":"alterego_mod:Rip","floor":20.0},{"not_picked":["alterego_mod:Lingerie","alterego_mod:Stockings+1"],"picked":"alterego_mod:GachaTicket+1","floor":21.0},{"not_picked":["alterego_mod:Bounce","alterego_mod:Lingerie"],"picked":"alterego_mod:Exercise+1","floor":23.0},{"not_picked":["alterego_mod:Cushion","alterego_mod:IndependentAction","alterego_mod:Mirror"],"picked":"SKIP","floor":30.0},{"not_picked":["alterego_mod:DiscoLights","alterego_mod:Skirt"],"picked":"alterego_mod:Swimsuit+1","floor":35.0},{"not_picked":["alterego_mod:DustData","alterego_mod:Cycle+1"],"picked":"alterego_mod:Rip+1","floor":36.0},{"not_picked":["alterego_mod:BeGentle","alterego_mod:Bounce"],"picked":"alterego_mod:TrashNCrash","floor":37.0},{"not_picked":["alterego_mod:PerceptionDisorder","alterego_mod:Santa"],"picked":"alterego_mod:Clap","floor":39.0},{"not_picked":["alterego_mod:BrynhildrRomantia","alterego_mod:DeftHands"],"picked":"alterego_mod:SakuraFive","floor":46.0},{"not_picked":["alterego_mod:Punishment+1","alterego_mod:BreastValley"],"picked":"alterego_mod:Clap","floor":47.0},{"not_picked":["alterego_mod:Undulate+1","alterego_mod:Mirror","alterego_mod:Complex"],"picked":"SKIP","floor":48.0}],"player_experience":136333,"relics_obtained":[{"floor":6.0,"key":"TungstenRod"},{"floor":9.0,"key":"Tiny Chest"},{"floor":12.0,"key":"Bag of Marbles"},{"floor":23.0,"key":"Matryoshka"},{"floor":25.0,"key":"Kunai"},{"floor":25.0,"key":"MealTicket"},{"floor":26.0,"key":"Happy Flower"},{"floor":26.0,"key":"HornCleat"},{"floor":28.0,"key":"Blood Vial"},{"floor":39.0,"key":"CatCart"},{"floor":41.0,"key":"Pantograph"},{"floor":43.0,"key":"Torii"},{"floor":46.0,"key":"Nunchaku"}],"event_choices":[{"damage_healed":0.0,"max_hp_gain":0.0,"max_hp_loss":0.0,"gold_gain":0.0,"event_name":"Big Fish","player_choice":"Box","floor":3.0,"gold_loss":0.0,"damage_taken":0.0,"relics_obtained":["Oddly Smooth Stone"],"cards_obtained":["Regret"]},{"damage_healed":0.0,"max_hp_gain":0.0,"max_hp_loss":0.0,"gold_gain":0.0,"event_name":"Scrap Ooze","player_choice":"Success","floor":4.0,"gold_loss":0.0,"damage_taken":12.0,"relics_obtained":["Blue Candle"]},{"damage_healed":0.0,"max_hp_gain":0.0,"max_hp_loss":0.0,"gold_gain":0.0,"event_name":"Wheel of Change","player_choice":"Cursed","floor":10.0,"gold_loss":0.0,"damage_taken":0.0,"cards_obtained":["Decay"]},{"damage_healed":0.0,"max_hp_gain":0.0,"max_hp_loss":0.0,"gold_gain":0.0,"event_name":"The Library","player_choice":"Read","floor":31.0,"gold_loss":0.0,"damage_taken":0.0,"cards_obtained":["alterego_mod:AlterEgo"]},{"damage_healed":0.0,"max_hp_gain":0.0,"max_hp_loss":0.0,"gold_gain":0.0,"event_name":"Winding Halls","player_choice":"Embrace Madness","floor":38.0,"gold_loss":0.0,"damage_taken":14.0,"cards_obtained":["Madness","Madness"]},{"damage_healed":0.0,"max_hp_gain":0.0,"max_hp_loss":0.0,"gold_gain":0.0,"event_name":"OrinTheCat","player_choice":"Fight","floor":39.0,"gold_loss":0.0,"damage_taken":0.0}],"is_beta":false,"boss_relics":[{"not_picked":["Cursed Key","Astrolabe"],"picked":"expansioncontent:StudyCardRelic"},{"not_picked":["Black Star","Philosopher\u0027s Stone"],"picked":"bronze:MakeshiftBattery"}],"items_purged_floors":[13,13,13,13,19,19,19,44,44,44],"is_endless":false,"potions_floor_spawned":[2,5,8,11,21,23,30,33,37,39,47],"ascension_level":0}}