{"host":"ooetke516h53yqww","time":1614265993,"event":{"mods":["100% Spire Juice","2.2 Compatiblity","Abigail Mod","Act Like it!","Astrologer","BaseMod","Beaked The Cultist","Better Match","Better Third Choice","Conspire","Elementarium","Friendly Minions","Hallownest","Hermit","HololiveMod","Hubris","Kiyohime????","Library of Ruina","Library of Ruina Extra","Lobotomy","LobotomyExtend","Mari Mod (Legacy)","Mari\u0027s V1 Patch","Menagerie","Minty Spire (QoL Compilation)","Morshu Shopkeeper","Prisma Mod","Random Character Button","Reliquary","Replay The Spire","Robot Space Explorer","Ruina","Spicy Shops","StSLib","Td1madao Mod","The Alterego","The Bug Knight","The Marked","The Poker Player","The Senshi","TheSwordswoman","Uncapped","WarShipGirlsR/????R mod","Yakumo Yukari mod","Yohane!"],"gold_per_floor":[114,130,46,46,46,46,81,100,100,100,175,193,210,240,240,340,340,340,340,340,340,34,34,34,34,34,34,34,34,34,34],"floor_reached":30,"language":"ENG","playtime":1267,"items_purged":[],"score":293,"play_id":"b84b41f6-3909-40b8-9bfc-68d98c14aebc","local_time":"20210225101313","is_ascension_mode":true,"campfire_choices":[{"data":"PreemptiveStrike","floor":6,"key":"SMITH"},{"data":"Faith","floor":10,"key":"SMITH"},{"data":"SharpenedBlade","floor":15,"key":"SMITH"},{"data":"EmotionalTurbulence","floor":23,"key":"SMITH"}],"circlet_count":0,"master_deck":["Dodge","LightDefense","LightAttack","LightAttack","LightDefense","LightDefense","LightDefense","ChargeAndCover","FocusedStrikes","TendonChords","PreemptiveStrike+1","EmotionalTurbulence+1","Faith+1","SharpenedBlade+1","EnergyConversion","ShockRound","SavageMode+1","DesperateStruggle+1","SavageMode+1","EnergyCycle","SenseQuarry","Commandeering","Feast"],"relics":["PageOfLibrarian","LetterFromLob","Calipers","Centennial Puzzle","PageOfWizard","Gremlin Horn","Ectoplasm","Akabeko","MealTicket","Pen Nib"],"acts_visited":["Exordium","ruina:Briah"],"potions_floor_usage":[14,16,16],"damage_taken":[{"damage":0,"enemies":"2 Louse","floor":1,"turns":3},{"damage":0,"enemies":"Jaw Worm","floor":2,"turns":4},{"damage":30,"enemies":"Replay:BlueRogue","floor":7,"turns":4},{"damage":0,"enemies":"Cultist","floor":8,"turns":3},{"damage":2,"enemies":"Blue Slaver","floor":12,"turns":2},{"damage":0,"enemies":"Red Slaver","floor":13,"turns":1},{"damage":18,"enemies":"Gremlin Nob","floor":14,"turns":3},{"damage":17,"enemies":"The Guardian","floor":16,"turns":10},{"damage":28,"enemies":"ruina:BadWolf","floor":19,"turns":4},{"damage":42,"enemies":"ruina:RoadHome","floor":24,"turns":6},{"damage":2,"enemies":"ruina:2_Scarecrows","floor":28,"turns":3},{"damage":13,"enemies":"ruina:KnightOfDespair","floor":29,"turns":4},{"damage":10,"enemies":"ruina:Woodsman","floor":30,"turns":1}],"seed_played":"4375398574323650966","potions_obtained":[{"floor":2,"key":"Strength Potion"},{"floor":12,"key":"Weak Potion"},{"floor":14,"key":"SpeedPotion"},{"floor":19,"key":"Energy Potion"},{"floor":24,"key":"Elixir"}],"is_trial":false,"path_per_floor":["M","M","$","?","$","R","E","M","T","R","?","M","M","E","R","B",null,"M","M","?","?","$","R","E","?","T","$","M","M","M"],"character_chosen":"Librarian","items_purchased":["Calipers","Akabeko","MealTicket"],"campfire_rested":0,"item_purchase_floors":[3,22,22],"current_hp_per_floor":[66,66,66,66,66,66,39,42,42,42,34,35,35,20,20,6,81,81,54,62,38,38,38,2,2,2,17,16,6,0,0],"gold":34,"neow_bonus":"TEN_PERCENT_HP_BONUS","is_daily":false,"chose_seed":false,"campfire_upgraded":4,"win_rate":0.0,"timestamp":1614265993,"path_taken":["M","M","$","?","?","R","E","M","T","R","?","?","M","E","R","BOSS","M","M","?","?","$","R","E","?","T","$","M","M","?"],"items_purchased_type":["Relic","Relic","Relic"],"build_version":"2020-12-22","purchased_purges":0,"victory":false,"max_hp_per_floor":[68,69,69,69,69,69,71,81,81,81,81,69,70,85,85,81,81,81,72,80,80,80,80,78,78,78,78,77,82,82,82],"card_choices":[{"not_picked":["SuppressingShot","FleetEdge","GuidanceOfTheGears","TraceOfFumes","BackAttack","Pound","Multislash","ClassAndRespect"],"picked":"TendonChords","floor":1},{"not_picked":["UpbeatPerformance","DesperateStruggle","TendonChords","GoinFirst","AssaultOrder","HandleRequest","GuardingStance","Standoff"],"picked":"PreemptiveStrike","floor":2},{"not_picked":["Gamble","NightInTheBackstreets","GrazeTheGrass","MultiHit","SunsetBlade","JiaoTu","VenomousFangs","ToWhereThePrescriptPoints"],"picked":"EmotionalTurbulence","floor":7},{"not_picked":["Leap_lor","Rewind","SharpSwipe","Multislash","FrontalAssault","DefenseOrder","GreatSerpentsImpact","PreemptiveStrike"],"picked":"Faith","floor":8},{"not_picked":["Thrust","Leap_lor","SmokingPipe","RhinoRam","StrikeDown","PreemptiveStrike","YourShield","StrongStrike"],"picked":"SharpenedBlade","floor":12},{"not_picked":["Pound","UncannyStrike","DriedUp","SnakeSlit","RulesOfTheBackstreets","HiddenBlade","StructuralAnalysis","DestructiveImpact"],"picked":"EnergyConversion","floor":13},{"not_picked":["SunsetBlade","BackstreetsDash","VenomousFangs","Quickness","Reload","ExtremeEdge","Tttonst","DesperateStruggle"],"picked":"ShockRound","floor":14},{"not_picked":["Cruelty","TieShanKao"],"picked":"SavageMode","floor":16},{"not_picked":["GatherIntel","GreatSerpentsImpact+1","FierceOnslaught+1","Unlock1+1","BayonetCombat","InhaleSmoke+1","Pound","EnergyStrike"],"picked":"DesperateStruggle+1","floor":19},{"not_picked":["EnergyStrike","ProselytesBlade+1","Disposal","Riposte","Overpower","Execute_lor","Quickness","GatherIntel+1"],"picked":"EnergyCycle","floor":24},{"not_picked":[],"picked":"SenseQuarry","floor":25},{"not_picked":["HiddenBlade","DarkCloud+1","Riposte+1","WrathOfTorment","Quickness+1","PreemptiveStrike","FleetEdge","GuidanceOfTheGears"],"picked":"Commandeering","floor":28},{"not_picked":["WillOfThePrescript","MultiHit+1","NightInTheBackstreets","GuardingStance","DefenseOrder+1","UnavoidableGaze","Commandeering","GuidanceOfTheGears"],"picked":"Feast","floor":29}],"player_experience":1540387,"relics_obtained":[{"floor":1,"key":"LetterFromLob"},{"floor":7,"key":"Centennial Puzzle"},{"floor":9,"key":"PageOfWizard"},{"floor":14,"key":"Gremlin Horn"},{"floor":24,"key":"Pen Nib"}],"event_choices":[{"cards_removed":["LightAttack"],"damage_healed":0,"gold_gain":0,"player_choice":"Purged","damage_taken":0,"max_hp_gain":0,"max_hp_loss":0,"event_name":"Purifier","floor":4,"gold_loss":0},{"damage_healed":0,"gold_gain":75,"player_choice":"Touch","damage_taken":8,"max_hp_gain":0,"max_hp_loss":0,"event_name":"FaceTrader","floor":11,"gold_loss":0}],"is_beta":false,"boss_relics":[{"not_picked":["conspire:RunicOctahedron","Abe\u0027s Treasure"],"picked":"Ectoplasm"}],"items_purged_floors":[],"is_endless":false,"potions_floor_spawned":[2,12,13,14,19,24],"killed_by":"ruina:Woodsman","ascension_level":1}}