{"host":"2qv44oxt58ptq59r","time":1614278689,"event":{"mods":["AchievementEnabler","BaseMod","Colored Powertips","Highlight Path","Minty Spire (QoL Compilation)","Permanent Neow","StSLib"],"gold_per_floor":[115,115,115,16,16,42,42,42,42,76,103,103,12,38,38,147,147,159,4,13,13,31,31,48,48,48,68,68,94,119,119,119,229,229,248,26,26,49,49,49,67,119,165,165,184,203,213,213,213,213,213],"floor_reached":50,"language":"ENG","playtime":11408,"items_purged":["Strike_G"],"score":768,"play_id":"7b94c3ed-eee8-4454-aef5-87c864556093","local_time":"20210225184449","is_ascension_mode":true,"campfire_choices":[{"data":"A Thousand Cuts","floor":7.0,"key":"SMITH"},{"data":"Dash","floor":15.0,"key":"SMITH"},{"data":"A Thousand Cuts","floor":23.0,"key":"SMITH"},{"data":"RitualDagger","floor":28.0,"key":"SMITH"},{"floor":32.0,"key":"REST"},{"floor":40.0,"key":"REST"},{"floor":44.0,"key":"REST"},{"floor":49.0,"key":"REST"}],"circlet_count":0,"master_deck":["Strike_G+1","Strike_G","Defend_G+1","Defend_G","Defend_G+1","Defend_G","Survivor","Neutralize+1","Footwork","PiercingWail","A Thousand Cuts+1","Dagger Spray+1","Blade Dance","Blade Dance+1","Dash+1","A Thousand Cuts+1","RitualDagger+1","Backstab","Dagger Throw+1","Bullet Time","Sucker Punch+1","Noxious Fumes","PiercingWail","Crippling Poison+1","Madness","Madness","PiercingWail+1","Noxious Fumes"],"relics":["Ring of the Snake","NeowsBlessing","Smiling Mask","Matryoshka","CeramicFish","Busted Crown","War Paint","MutagenicStrength","PreservedInsect","Whetstone","Paper Crane","SlaversCollar","Orichalcum","Blood Vial","Lantern"],"acts_visited":["Exordium","TheCity","TheBeyond"],"potions_floor_usage":[50],"damage_taken":[{"damage":0.0,"enemies":"2 Louse","floor":1.0,"turns":1.0},{"damage":0.0,"enemies":"3 Sentries","floor":6.0,"turns":2.0},{"damage":0.0,"enemies":"Lagavulin","floor":10.0,"turns":1.0},{"damage":0.0,"enemies":"Small Slimes","floor":11.0,"turns":4.0},{"damage":2.0,"enemies":"Jaw Worm","floor":14.0,"turns":3.0},{"damage":0.0,"enemies":"Slime Boss","floor":16.0,"turns":7.0},{"damage":4.0,"enemies":"Shell Parasite","floor":18.0,"turns":5.0},{"damage":0.0,"enemies":"Chosen","floor":22.0,"turns":4.0},{"damage":19.0,"enemies":"Centurion and Healer","floor":24.0,"turns":5.0},{"damage":3.0,"enemies":"3 Cultists","floor":27.0,"turns":3.0},{"damage":0.0,"enemies":"Snake Plant","floor":29.0,"turns":5.0},{"damage":1.0,"enemies":"Centurion and Healer","floor":30.0,"turns":5.0},{"damage":39.0,"enemies":"Champ","floor":33.0,"turns":10.0},{"damage":19.0,"enemies":"3 Shapes","floor":35.0,"turns":4.0},{"damage":23.0,"enemies":"3 Darklings","floor":38.0,"turns":4.0},{"damage":14.0,"enemies":"Spire Growth","floor":45.0,"turns":5.0},{"damage":12.0,"enemies":"Maw","floor":46.0,"turns":7.0},{"damage":20.0,"enemies":"4 Shapes","floor":47.0,"turns":4.0},{"damage":0.0,"enemies":"Transient","floor":48.0,"turns":1.0},{"damage":48,"enemies":"Time Eater","floor":50,"turns":5}],"seed_played":"8350564972024462191","potions_obtained":[{"floor":1.0,"key":"BlessingOfTheForge"},{"floor":11.0,"key":"Dexterity Potion"},{"floor":14.0,"key":"GhostInAJar"},{"floor":24.0,"key":"SmokeBomb"},{"floor":27.0,"key":"GamblersBrew"},{"floor":35.0,"key":"CultistPotion"}],"is_trial":false,"path_per_floor":["M","?","?","$","?","E","R","$","T","E","M","?","$","M","R","B",null,"M","$","?","?","M","R","M","T","T","M","R","M","M","?","R","B",null,"M","$","?","M","?","R","?","T","T","R","M","M","M","M","R","B"],"character_chosen":"THE_SILENT","items_purchased":["PiercingWail","Strength Potion","Blade Dance","War Paint","Orichalcum","Noxious Fumes","PiercingWail"],"campfire_rested":4,"item_purchase_floors":[4,4,13,19,36,36,36],"current_hp_per_floor":[63,49,49,49,49,49,49,49,49,49,49,49,49,47,47,47,64,60,60,54,54,54,54,35,35,35,32,32,32,31,31,52,13,56,37,37,37,14,14,35,26,26,26,47,35,25,7,9,30,0,0],"gold":213,"neow_bonus":"THREE_ENEMY_KILL","is_daily":false,"chose_seed":false,"campfire_upgraded":4,"win_rate":0.0,"timestamp":1614278689,"path_taken":["M","?","?","$","?","E","R","$","T","E","M","?","$","M","R","BOSS","M","$","?","?","M","R","M","?","T","M","R","?","?","?","R","BOSS","M","$","?","?","?","R","?","?","T","R","M","?","M","M","R","BOSS"],"items_purchased_type":["Card","Potion","Card","Relic","Relic","Card","Card"],"build_version":"2020-12-22","purchased_purges":1,"victory":false,"max_hp_per_floor":[70,70,70,70,70,70,70,70,70,70,70,70,70,70,70,70,70,70,70,70,70,70,70,70,70,70,70,70,70,70,70,70,70,70,70,70,70,70,70,70,70,70,70,70,70,70,70,70,70,70,70],"card_choices":[{"not_picked":["Calculated Gamble","Blade Dance"],"picked":"Footwork","floor":1.0},{"not_picked":["Infinite Blades","Crippling Poison"],"picked":"A Thousand Cuts","floor":6.0},{"not_picked":["Concentrate","Deadly Poison"],"picked":"Dagger Spray","floor":10.0},{"not_picked":["Slice","Backflip"],"picked":"Blade Dance","floor":11.0},{"not_picked":["Blade Dance","Sucker Punch"],"picked":"Dash","floor":14.0},{"not_picked":["Unload","Night Terror"],"picked":"A Thousand Cuts","floor":16.0},{"not_picked":["Endless Agony"],"picked":"SKIP","floor":18.0},{"not_picked":["Quick Slash"],"picked":"SKIP","floor":22.0},{"not_picked":["Reflex"],"picked":"SKIP","floor":24.0},{"not_picked":["Tactician"],"picked":"SKIP","floor":27.0},{"not_picked":[],"picked":"Backstab","floor":29.0},{"not_picked":[],"picked":"Dagger Throw+1","floor":30.0},{"not_picked":[],"picked":"Bullet Time","floor":33.0},{"not_picked":[],"picked":"Sucker Punch+1","floor":35.0},{"not_picked":[],"picked":"Crippling Poison+1","floor":38.0},{"not_picked":[],"picked":"PiercingWail+1","floor":45.0},{"not_picked":[],"picked":"Noxious Fumes","floor":46.0},{"not_picked":["Sucker Punch"],"picked":"SKIP","floor":47.0}],"player_experience":5833388,"relics_obtained":[{"floor":6.0,"key":"Smiling Mask"},{"floor":9.0,"key":"Matryoshka"},{"floor":10.0,"key":"CeramicFish"},{"floor":25.0,"key":"PreservedInsect"},{"floor":26.0,"key":"Whetstone"},{"floor":26.0,"key":"Paper Crane"},{"floor":42.0,"key":"Blood Vial"},{"floor":43.0,"key":"Lantern"}],"event_choices":[{"damage_healed":0.0,"max_hp_gain":0.0,"max_hp_loss":0.0,"gold_gain":0.0,"event_name":"Shining Light","player_choice":"Entered Light","floor":2.0,"gold_loss":0.0,"damage_taken":14.0,"cards_upgraded":["Defend_G","Defend_G"]},{"damage_healed":0.0,"max_hp_gain":0.0,"max_hp_loss":0.0,"gold_gain":0.0,"event_name":"Living Wall","player_choice":"Grow","floor":3.0,"gold_loss":0.0,"damage_taken":0.0,"cards_upgraded":["Neutralize"]},{"damage_healed":0.0,"max_hp_gain":0.0,"max_hp_loss":0.0,"gold_gain":0.0,"event_name":"Liars Game","player_choice":"Ignored","floor":5.0,"gold_loss":0.0,"damage_taken":0.0},{"cards_removed":["Strike_G"],"damage_healed":0.0,"max_hp_gain":0.0,"max_hp_loss":0.0,"gold_gain":0.0,"event_name":"Bonfire Elementals","player_choice":"Offered Basic","floor":12.0,"gold_loss":0.0,"damage_taken":0.0},{"damage_healed":0.0,"max_hp_gain":0.0,"max_hp_loss":0.0,"gold_gain":0.0,"event_name":"Nest","player_choice":"Joined the Cult","floor":20.0,"gold_loss":0.0,"damage_taken":6.0,"cards_obtained":["RitualDagger"]},{"damage_healed":0.0,"max_hp_gain":0.0,"max_hp_loss":0.0,"gold_gain":0.0,"event_name":"Drug Dealer","player_choice":"Inject Mutagens","floor":21.0,"gold_loss":0.0,"damage_taken":0.0,"relics_obtained":["MutagenicStrength"]},{"damage_healed":0.0,"max_hp_gain":0.0,"max_hp_loss":0.0,"gold_gain":0.0,"event_name":"Ghosts","player_choice":"Ignored","floor":31.0,"gold_loss":0.0,"damage_taken":0.0},{"cards_removed":["Strike_G"],"damage_healed":0.0,"max_hp_gain":0.0,"max_hp_loss":0.0,"gold_gain":0.0,"event_name":"Purifier","player_choice":"Purged","floor":37.0,"gold_loss":0.0,"damage_taken":0.0},{"cards_removed":["Defend_G"],"damage_healed":0.0,"max_hp_gain":0.0,"max_hp_loss":0.0,"gold_gain":0.0,"event_name":"Falling","player_choice":"Removed Skill","floor":39.0,"gold_loss":0.0,"damage_taken":0.0},{"damage_healed":0.0,"max_hp_gain":0.0,"max_hp_loss":0.0,"gold_gain":0.0,"event_name":"Winding Halls","player_choice":"Embrace Madness","floor":41.0,"gold_loss":0.0,"damage_taken":9.0,"cards_obtained":["Madness","Madness"]}],"is_beta":false,"boss_relics":[{"not_picked":["Sozu","Runic Pyramid"],"picked":"Busted Crown"},{"not_picked":["SacredBark","Runic Dome"],"picked":"SlaversCollar"}],"items_purged_floors":[13],"is_endless":false,"potions_floor_spawned":[1,11,14,24,27,35],"killed_by":"Time Eater","ascension_level":7}}