{"host":"jlk2k69f9c6o7b3e","time":1614232584,"event":{"mods":["AchievementEnabler","BaseMod","Minty Spire (QoL Compilation)","StSLib"],"gold_per_floor":[116,126,76,76,363,403,415,441,527,557,600,612,624,668,680,692,692],"floor_reached":16,"language":"ZHS","playtime":979,"items_purged":[],"score":243,"play_id":"d281035c-d053-49bd-b48d-d1ece986ccbd","local_time":"20210225135624","is_ascension_mode":true,"campfire_choices":[{"data":"Neutralize","floor":7.0,"key":"SMITH"},{"data":"Distraction","floor":12,"key":"SMITH"},{"data":"Tactician","floor":15,"key":"SMITH"}],"circlet_count":0,"master_deck":["AscendersBane","Strike_G","Strike_G","Strike_G","Strike_G","Defend_G","Defend_G","Defend_G","Defend_G","Defend_G","Survivor","Neutralize+1","Dagger Spray","All Out Attack","Regret","Regret","Dagger Throw","Prepared","Distraction+1","Acrobatics","Tactician+1"],"relics":["Ring of the Snake","NeowsBlessing","MawBank","Paper Crane","Bottled Lightning","MealTicket","Ancient Tea Set"],"acts_visited":["Exordium"],"potions_floor_usage":[11,11,16],"damage_taken":[{"damage":0.0,"enemies":"2 Louse","floor":1.0,"turns":1.0},{"damage":0.0,"enemies":"Small Slimes","floor":2.0,"turns":1.0},{"damage":0.0,"enemies":"Gremlin Nob","floor":6.0,"turns":1.0},{"damage":6.0,"enemies":"Cultist","floor":8.0,"turns":3.0},{"damage":1.0,"enemies":"2 Fungi Beasts","floor":10.0,"turns":3.0},{"damage":22,"enemies":"Lagavulin","floor":11,"turns":6},{"damage":40,"enemies":"3 Sentries","floor":14,"turns":9},{"damage":7,"enemies":"The Guardian","floor":16,"turns":3}],"seed_played":"-3725019326810088450","potions_obtained":[{"floor":6.0,"key":"SteroidPotion"},{"floor":8.0,"key":"CunningPotion"},{"floor":14,"key":"Strength Potion"}],"is_trial":false,"path_per_floor":["M","M","?","?","?","E","R","M","T","M","E","R","$","E","R","B"],"character_chosen":"THE_SILENT","items_purchased":[],"campfire_rested":0,"item_purchase_floors":[],"current_hp_per_floor":[59,59,59,59,59,59,59,53,53,52,30,30,45,5,5,0,0],"gold":692,"neow_bonus":"THREE_ENEMY_KILL","is_daily":false,"chose_seed":false,"campfire_upgraded":3,"win_rate":0.0,"timestamp":1614232584,"path_taken":["M","M","?","?","?","E","R","M","T","?","E","R","$","E","R","BOSS"],"items_purchased_type":[],"build_version":"2020-12-22","purchased_purges":0,"victory":false,"max_hp_per_floor":[66,66,66,66,66,66,66,66,66,66,66,66,66,66,66,66,66],"card_choices":[{"not_picked":["Flechettes","PiercingWail"],"picked":"Dagger Spray","floor":1.0},{"not_picked":["Poisoned Stab","Underhanded Strike"],"picked":"All Out Attack","floor":2.0},{"not_picked":["Sucker Punch","Poisoned Stab"],"picked":"Dagger Throw","floor":6.0},{"not_picked":["Bane","Catalyst"],"picked":"Prepared","floor":8.0},{"not_picked":["Crippling Poison","Backflip"],"picked":"Distraction","floor":10.0},{"not_picked":["Riddle With Holes","Terror"],"picked":"Acrobatics","floor":11},{"not_picked":["Bane","Crippling Poison"],"picked":"Tactician","floor":14}],"player_experience":383266,"relics_obtained":[{"floor":6.0,"key":"Paper Crane"},{"floor":9.0,"key":"Bottled Lightning"},{"floor":11,"key":"MealTicket"},{"floor":14,"key":"Ancient Tea Set"}],"event_choices":[{"cards_removed":["Strike_G"],"damage_healed":0.0,"max_hp_gain":0.0,"max_hp_loss":0.0,"gold_gain":0.0,"event_name":"The Cleric","player_choice":"Card Removal","floor":3.0,"gold_loss":50.0,"damage_taken":0.0},{"damage_healed":0.0,"max_hp_gain":0.0,"max_hp_loss":0.0,"gold_gain":0.0,"event_name":"Big Fish","player_choice":"Box","floor":4.0,"gold_loss":0.0,"damage_taken":0.0,"relics_obtained":["MawBank"],"cards_obtained":["Regret"]},{"damage_healed":0.0,"max_hp_gain":0.0,"max_hp_loss":0.0,"gold_gain":275.0,"event_name":"Golden Shrine","player_choice":"Desecrate","floor":5.0,"gold_loss":0.0,"damage_taken":0.0,"cards_obtained":["Regret"]}],"is_beta":false,"boss_relics":[],"items_purged_floors":[],"is_endless":false,"potions_floor_spawned":[6,8,14],"killed_by":"The Guardian","ascension_level":14}}