{"host":"k6u7q08ihsmpx7o5","time":1614284704,"event":{"mods":["BaseMod","Bestiary","Filter the Spire","Minty Spire (QoL Compilation)","Permanent Neow","Relic Stats","StSLib"],"gold_per_floor":[213,213,138,156,175,175,175,200,225,225,260,286,211,232,232,315,387,413,27,27,53,81,81,81],"floor_reached":23,"language":"ENG","playtime":1424,"items_purged":["Defend_G","Setup"],"score":402,"play_id":"3fc1bb07-5754-4d14-9827-9cf20c4603e4","local_time":"20210225212504","is_ascension_mode":true,"campfire_choices":[{"data":"Predator","floor":6,"key":"SMITH"},{"data":"Neutralize","floor":10,"key":"SMITH"},{"data":"Phantasmal Killer","floor":15,"key":"SMITH"}],"circlet_count":0,"master_deck":["AscendersBane","Survivor","Neutralize+1","Dagger Spray","After Image","Predator+1","Backflip+1","Phantasmal Killer+1","Eviscerate","PiercingWail","Night Terror","Dodge and Roll","Poisoned Stab","Acrobatics","Tactician","Riddle With Holes","Quick Slash","Eviscerate","Dodge and Roll","Adrenaline","PiercingWail","Dagger Throw","Dagger Throw"],"relics":["Ring of the Snake","War Paint","Toy Ornithopter","CeramicFish","Pandora\u0027s Box","Lee\u0027s Waffle","CultistMask"],"acts_visited":["Exordium","TheCity"],"potions_floor_usage":[11,14,16,21,23],"damage_taken":[{"damage":0,"enemies":"Small Slimes","floor":1,"turns":3},{"damage":0,"enemies":"2 Louse","floor":4,"turns":3},{"damage":4,"enemies":"Cultist","floor":5,"turns":4},{"damage":29,"enemies":"3 Sentries","floor":8,"turns":10},{"damage":8,"enemies":"Lagavulin","floor":11,"turns":8},{"damage":5,"enemies":"3 Louse","floor":12,"turns":2},{"damage":1,"enemies":"Blue Slaver","floor":14,"turns":4},{"damage":16,"enemies":"Hexaghost","floor":16,"turns":10},{"damage":13,"enemies":"Spheric Guardian","floor":18,"turns":4},{"damage":14,"enemies":"2 Thieves","floor":21,"turns":5},{"damage":27,"enemies":"Sentry and Sphere","floor":22,"turns":6},{"damage":47,"enemies":"Book of Stabbing","floor":23,"turns":5}],"seed_played":"-7646741925959286009","potions_obtained":[{"floor":4,"key":"FearPotion"},{"floor":8,"key":"BlessingOfTheForge"},{"floor":12,"key":"Strength Potion"},{"floor":18,"key":"SteroidPotion"},{"floor":22,"key":"LiquidBronze"}],"is_trial":false,"path_per_floor":["M","?","?","M","M","R","?","E","T","R","E","M","$","M","R","B",null,"M","$","?","M","M","E"],"character_chosen":"THE_SILENT","items_purchased":["Lee\u0027s Waffle","Adrenaline","PiercingWail"],"campfire_rested":0,"item_purchase_floors":[19,19,19],"current_hp_per_floor":[59,64,64,64,60,60,60,31,31,31,28,23,23,27,27,16,57,44,78,78,69,42,0,0],"gold":81,"neow_bonus":"HUNDRED_GOLD","is_daily":false,"chose_seed":false,"campfire_upgraded":3,"win_rate":0.0,"timestamp":1614284704,"path_taken":["M","?","?","M","M","R","?","E","T","R","E","M","$","M","R","BOSS","M","$","?","M","?","E"],"items_purchased_type":["Relic","Card","Card"],"build_version":"2020-12-22","purchased_purges":2,"victory":false,"max_hp_per_floor":[66,71,71,71,71,71,71,71,71,71,71,71,71,71,71,71,71,71,78,78,78,78,78,78],"relic_stats":{"Lee\u0027s Waffle":34,"counters":[12,64],"CeramicFish":153,"Pandora\u0027s Box":["Dodge and Roll","Poisoned Stab","Acrobatics","Tactician","Riddle With Holes","Quick Slash","Setup","Eviscerate"],"War Paint":["Defend_G","Backflip"],"obtain_stats":[{"Lee\u0027s Waffle":19,"CeramicFish":11,"Pandora\u0027s Box":17,"CultistMask":20,"War Paint":8,"Toy Ornithopter":9,"Ring of the Snake":0},{"Lee\u0027s Waffle":9,"CeramicFish":5,"Pandora\u0027s Box":8,"CultistMask":9,"War Paint":4,"Toy Ornithopter":4,"Ring of the Snake":0},{"Lee\u0027s Waffle":48,"CeramicFish":28,"Pandora\u0027s Box":44,"CultistMask":48,"War Paint":20,"Toy Ornithopter":20,"Ring of the Snake":0}],"Toy Ornithopter":25,"Ring of the Snake":[24]},"card_choices":[{"not_picked":["Quick Slash","Poisoned Stab"],"picked":"Dagger Spray","floor":1},{"not_picked":["Poisoned Stab","Cloak And Dagger"],"picked":"After Image","floor":4},{"not_picked":["Bane","Acrobatics"],"picked":"Predator","floor":5},{"not_picked":["Finisher","Dodge and Roll"],"picked":"Backflip","floor":8},{"not_picked":["Poisoned Stab","Flechettes"],"picked":"Phantasmal Killer","floor":11},{"not_picked":["Flying Knee","Dodge and Roll"],"picked":"Eviscerate","floor":12},{"not_picked":["Deflect","Heel Hook"],"picked":"PiercingWail","floor":14},{"not_picked":["Unload","Corpse Explosion"],"picked":"Night Terror","floor":16},{"not_picked":["PiercingWail","Blade Dance"],"picked":"Dodge and Roll","floor":18},{"not_picked":["Finisher","Noxious Fumes"],"picked":"Dagger Throw","floor":21},{"not_picked":["Outmaneuver","Skewer"],"picked":"Dagger Throw","floor":22}],"player_experience":1990616,"relics_obtained":[{"floor":8,"key":"War Paint"},{"floor":9,"key":"Toy Ornithopter"},{"floor":11,"key":"CeramicFish"}],"event_choices":[{"damage_healed":0,"gold_gain":0,"player_choice":"Donut","damage_taken":0,"max_hp_gain":5,"max_hp_loss":0,"event_name":"Big Fish","floor":2,"gold_loss":0},{"cards_removed":["Strike_G"],"damage_healed":0,"gold_gain":0,"player_choice":"Card Removal","damage_taken":0,"max_hp_gain":0,"max_hp_loss":0,"event_name":"The Cleric","floor":3,"gold_loss":75},{"damage_healed":0,"gold_gain":0,"player_choice":"Ignored","damage_taken":0,"max_hp_gain":0,"max_hp_loss":0,"event_name":"Liars Game","floor":7,"gold_loss":0},{"damage_healed":0,"gold_gain":0,"player_choice":"Trade","damage_taken":0,"relics_obtained":["CultistMask"],"max_hp_gain":0,"max_hp_loss":0,"event_name":"FaceTrader","floor":20,"gold_loss":0}],"is_beta":false,"boss_relics":[{"not_picked":["Philosopher\u0027s Stone","WristBlade"],"picked":"Pandora\u0027s Box"}],"items_purged_floors":[13,19],"is_endless":false,"potions_floor_spawned":[4,8,12,18,22],"killed_by":"Book of Stabbing","ascension_level":20}}