{"host":"pgavbdzzfv24grxe","time":1614275742,"event":{"mods":["Act Like it!","Aspiration","BaseMod","Better Note","Better Vampires","BlackRuseMod","DeckTracker","Defuse TimeMaze Blight","Dio Mod","Dota2Spire","GifTheSpireLib","Hallownest","Highlight Path","HollowMod","KonpakuYoumu","Kratos Character Expansion","LagranYue","Marisa（F雨　魔理沙）","Minty Spire (QoL Compilation)","RemiliaScarlet","SOS（斯巴达之子）","Shop Mod","StSLib","The Cursed","The Hierophant","Waifu the Spire","【功能Mod】聪明的最终Boss","篝火指南"],"gold_per_floor":[145,145,160,170,170,170,199,199,199,209,221,232,242,269,269,371,371,388,70,86,86,86,86],"floor_reached":22,"language":"ZHS","playtime":2722,"items_purged":["KratosMod:Defend_K"],"score":248,"play_id":"65dd8fb3-a3b3-4018-8bad-2e800ba49dd5","local_time":"20210225125542","is_ascension_mode":false,"campfire_choices":[{"data":"KratosMod:Tempor","floor":6.0,"key":"SMITH"},{"data":"KratosMod:conjuresoul","floor":8.0,"key":"SMITH"},{"floor":15.0,"key":"REST"}],"circlet_count":0,"master_deck":["KratosMod:Defend_K","KratosMod:cyclone","KratosMod:AthenaBane","KratosMod:Tempor+1","Eviscerate","Blur","Poisoned Stab","KratosMod:SmashStone","KratosMod:Tempor","KratosMod:conjuresoul+1","KratosMod:BladeWhip+1","KratosMod:tartarusrage+1","KratosMod:Tempor","KratosMod:conjuresoul","KratosMod:kBerserk","KratosMod:kBerserk","KratosMod:Tempor","KratosMod:SmashStone","Flying Knee","Finisher","Reflex"],"relics":["KratosMod:eagle","Hallownest:SheosBrushRelic","Dota2Spire:BattleFury","Dota2Spire:AssaultCuirass","Whetstone","Dota2Spire:Bloodstone","KratosMod:minohorn"],"acts_visited":["Hallownest:Greenpath","Hallownest:CityofTears"],"potions_floor_usage":[22,22],"damage_taken":[{"damage":12.0,"enemies":"Hallownest:monsterHuskGuard","floor":1.0,"turns":5.0},{"damage":5.0,"enemies":"Hallownest:monsterHuskWarrior","floor":3.0,"turns":3.0},{"damage":6.0,"enemies":"Hallownest:2_Tiktiks_and_1_Crawlid","floor":4.0,"turns":2.0},{"damage":17.0,"enemies":"Hallownest:eliteCrystalGuardian","floor":7.0,"turns":5.0},{"damage":19.0,"enemies":"Hallownest:2_Tiktiks_1_Baldur_1_Crawlid","floor":10.0,"turns":4.0},{"damage":18.0,"enemies":"Hallownest:1_Ooma_and_2_Uuma","floor":11.0,"turns":4.0},{"damage":16.0,"enemies":"Hallownest:Wandering_and_Horned","floor":12.0,"turns":3.0},{"damage":10.0,"enemies":"Hallownest:2_Tiktiks_1_Baldur_1_Crawlid","floor":13.0,"turns":4.0},{"damage":0.0,"enemies":"Hallownest:eliteVengeflyKing","floor":14.0,"turns":4.0},{"damage":21.0,"enemies":"Hallownest:BossBrokenVessel","floor":16.0,"turns":6.0},{"damage":24,"enemies":"Hallownest:Flukemon_and_Top","floor":18,"turns":4},{"damage":42,"enemies":"Hallownest:3_Youths","floor":20,"turns":5},{"damage":32,"enemies":"Hallownest:Master_and_Novice","floor":22,"turns":3}],"seed_played":"-5335386978517053020","potions_obtained":[{"floor":1.0,"key":"BlessingOfTheForge"},{"floor":7.0,"key":"Energy Potion"},{"floor":11.0,"key":"DuplicationPotion"},{"floor":12.0,"key":"LiquidBronze"},{"floor":13.0,"key":"Strength Potion"},{"floor":16.0,"key":"ColorlessPotion"},{"floor":20,"key":"AttackPotion"}],"is_trial":false,"path_per_floor":["M","?","M","M","?","R","E","R","T","M","M","M","M","?","R","B",null,"M","$","M","?","M"],"character_chosen":"KRATOS","items_purchased":["KratosMod:minohorn"],"campfire_rested":1,"item_purchase_floors":[19],"current_hp_per_floor":[54,54,49,43,43,43,31,31,31,26,22,17,15,20,39,38,66,51,51,23,23,0,0],"gold":86,"neow_bonus":"TEN_PERCENT_HP_BONUS","is_daily":false,"chose_seed":false,"campfire_upgraded":2,"win_rate":0.0,"timestamp":1614275742,"path_taken":["M","?","?","M","?","R","E","R","T","M","M","M","M","?","R","BOSS","M","$","M","?","?"],"items_purchased_type":["Relic"],"build_version":"2020-12-22","purchased_purges":1,"victory":false,"max_hp_per_floor":[66,66,66,66,66,66,66,66,66,66,66,66,66,66,66,66,66,66,66,66,66,66,66],"card_choices":[{"not_picked":["KratosMod:clawsofhades","KratosMod:ShieldBash"],"picked":"KratosMod:Tempor","floor":1.0},{"not_picked":["KratosMod:Endure","KratosMod:ShieldBash"],"picked":"KratosMod:SmashStone","floor":3.0},{"not_picked":["KratosMod:Endure","KratosMod:Roll"],"picked":"KratosMod:Tempor","floor":4.0},{"not_picked":["KratosMod:rattle","KratosMod:SmashStone"],"picked":"KratosMod:conjuresoul","floor":7.0},{"not_picked":["KratosMod:ShieldBash","KratosMod:Tempor"],"picked":"KratosMod:BladeWhip","floor":10.0},{"not_picked":["KratosMod:clawsofhades","KratosMod:settle"],"picked":"KratosMod:tartarusrage","floor":11.0},{"not_picked":["KratosMod:BladeWhip","KratosMod:Endure"],"picked":"KratosMod:Tempor","floor":12.0},{"not_picked":["KratosMod:Tempor","KratosMod:BladeWhip"],"picked":"KratosMod:conjuresoul","floor":13.0},{"not_picked":["KratosMod:rattle","KratosMod:BladeWhip"],"picked":"KratosMod:kBerserk","floor":14.0},{"not_picked":["KratosMod:Revenge","KratosMod:styx"],"picked":"KratosMod:kBerserk","floor":16.0},{"not_picked":["KratosMod:ShieldBash","KratosMod:settle"],"picked":"KratosMod:Tempor","floor":18},{"not_picked":["KratosMod:Roll+1","KratosMod:Endure"],"picked":"KratosMod:SmashStone","floor":20}],"player_experience":181376,"relics_obtained":[{"floor":7.0,"key":"Dota2Spire:BattleFury"},{"floor":9.0,"key":"Dota2Spire:AssaultCuirass"},{"floor":14.0,"key":"Whetstone"}],"event_choices":[],"is_beta":false,"boss_relics":[{"not_picked":["aspiration:MarisaSkillbook","aspiration:FutureDiary"],"picked":"Dota2Spire:Bloodstone"}],"items_purged_floors":[19],"is_endless":false,"potions_floor_spawned":[1,7,11,12,13,16,20],"killed_by":"Hallownest:Master_and_Novice","ascension_level":0}}