{"host":"w2kjv12xyhtt0cv2","time":1614261195,"event":{"mods":["10 clothes from DAL","100% Spire Juice","Act Like it!","BaseMod","Colored Map","Friendly Minions","Gensokyo","GifTheSpireLib","Highlight Path","Hubris","Library of Ruina","Minty Spire (QoL Compilation)","Quick Restart","Relic Stats","Reliquary","Replay The Spire","Ring Of Destiny","Robot Space Explorer","Shop Mod","Spicy Shops","StSLib","The Dragon Tamer","UnlockEverythingMod","Waifu the Spire","[IsaacMod]以撒尖塔","[功能]功能增强和修复MOD","【功能Mod】Neow奖励","【功能Mod】聪明的最终Boss","【遗物卡牌】REMEMod","没有小屋子和绿帽子啦"],"gold_per_floor":[119,139,151,166,166,166,166],"floor_reached":6,"language":"ZHS","playtime":432,"items_purged":[],"score":38,"play_id":"11e58f35-8fd9-4ffe-859b-af5106cbf6f5","local_time":"20210225215315","is_ascension_mode":false,"campfire_choices":[],"circlet_count":0,"master_deck":["RingOfDestiny:Defend_SF+1","RingOfDestiny:Defend_SF","RingOfDestiny:Defend_SF","RingOfDestiny:Strike_SF","RingOfDestiny:Strike_SF+1","RingOfDestiny:Strike_SF","RingOfDestiny:ShadowCard","RingOfDestiny:PoisonedShiv","RingOfDestiny:FallenFlower","RingOfDestiny:RattanBeetle","SuicideKing","RingOfDestiny:PropMudra","RingOfDestiny:ShadowCutter","RingOfDestiny:ShadowBlossom"],"relics":["REME_ComplimentaryCards","HushsDoor","Damocles","Coffee Dripper","reliquary:BallBearing","BookOfRevelations","Simple Rune","hubris:Towel"],"acts_visited":["Gensokyo:Gensokyo"],"potions_floor_usage":[],"damage_taken":[{"damage":7,"enemies":"Gensokyo:Gryphon","floor":1,"turns":2},{"damage":3,"enemies":"Gensokyo:Python","floor":2,"turns":2},{"damage":3,"enemies":"Gensokyo:3_Fairies","floor":3,"turns":3},{"damage":6,"enemies":"Gensokyo:2_Rabbits","floor":4,"turns":3},{"damage":6,"enemies":"Gensokyo:Cirno","floor":6,"turns":4}],"seed_played":"-5857490330493284406","potions_obtained":[{"floor":3,"key":"Strength Potion"},{"floor":4,"key":"Dexterity Potion"}],"is_trial":false,"path_per_floor":["M","M","M","M","?","E"],"character_chosen":"ShadowFlower","items_purchased":[],"campfire_rested":0,"item_purchase_floors":[],"current_hp_per_floor":[79,76,73,67,67,0,0],"gold":166,"neow_bonus":"BOSS_RELIC","is_daily":false,"chose_seed":false,"campfire_upgraded":0,"win_rate":0.0,"timestamp":1614261195,"path_taken":["M","M","M","M","?","E"],"items_purchased_type":[],"build_version":"2020-12-22","purchased_purges":0,"victory":false,"max_hp_per_floor":[86,86,86,86,86,86,86],"relic_stats":{"counters":[5,14],"obtain_stats":[{"KeepersGift":0,"Damocles":0,"BookOfRevelations":2,"RingOfDestiny:ShadowKunai":0,"Simple Rune":4,"reliquary:BallBearing":1,"Coffee Dripper":0,"hubris:Towel":5,"HushsDoor":0,"REME_ComplimentaryCards":0},{"KeepersGift":0,"Damocles":0,"BookOfRevelations":2,"RingOfDestiny:ShadowKunai":0,"Simple Rune":4,"reliquary:BallBearing":1,"Coffee Dripper":0,"hubris:Towel":4,"HushsDoor":0,"REME_ComplimentaryCards":0},{"KeepersGift":0,"Damocles":0,"BookOfRevelations":4,"RingOfDestiny:ShadowKunai":0,"Simple Rune":10,"reliquary:BallBearing":2,"Coffee Dripper":0,"hubris:Towel":10,"HushsDoor":0,"REME_ComplimentaryCards":0}]},"card_choices":[{"not_picked":[],"picked":"SuicideKing","floor":0},{"not_picked":["RingOfDestiny:ShadowRose","RingOfDestiny:ShadowStab"],"picked":"RingOfDestiny:ShadowCutter","floor":1},{"not_picked":["RingOfDestiny:Onikiri","RingOfDestiny:FinalAttack"],"picked":"RingOfDestiny:ShadowBlossom","floor":2},{"not_picked":["RingOfDestiny:FlashOfSlash","RingOfDestiny:FallenFlower","RingOfDestiny:Agile"],"picked":"SKIP","floor":3},{"not_picked":["RingOfDestiny:UndecMudra","RingOfDestiny:WristBlade","RingOfDestiny:EarthRelease"],"picked":"SKIP","floor":4}],"player_experience":61704,"relics_obtained":[{"floor":1,"key":"reliquary:BallBearing"},{"floor":2,"key":"BookOfRevelations"},{"floor":4,"key":"Simple Rune"}],"event_choices":[],"is_beta":false,"boss_relics":[],"items_purged_floors":[],"is_endless":false,"potions_floor_spawned":[3,4],"killed_by":"Gensokyo:Cirno","ascension_level":0}}