{"host":"x7uw0zl1hulx3jrn","time":1614242822,"event":{"mods":["BaseMod","BetterRewards","Card Filter","Colored Powertips","Highlight Path","KOR Keyword Fix","Marisa£¨Ùöéë¡¡Øª×âÞÞ£©","Minty Spire (QoL Compilation)","Shop Mod","StSLib","SuperFastMode"],"gold_per_floor":[112,112,124,7,7,36,36,53,134,16,29,29,47,82,82,185,185,196,216,11,28,38,38,70,70,70,96,108,143,161,261,261,364,364,383,396,396,406,421,432,432,445,445,473,473,507,519,531,531],"floor_reached":48,"language":"KOR","playtime":1715,"items_purged":["Strike_R","Strike_R","Strike_R"],"score":769,"play_id":"cde20c93-f793-419f-a880-d67051ec3f6f","local_time":"20210225174702","is_ascension_mode":false,"campfire_choices":[{"data":"Heavy Blade","floor":7,"key":"SMITH"},{"floor":12,"key":"RECALL"},{"data":"Pommel Strike","floor":15,"key":"SMITH"},{"data":"Inflame","floor":23,"key":"SMITH"},{"data":"Berserk","floor":25,"key":"SMITH"},{"floor":32,"key":"REST"},{"data":"Barricade","floor":45,"key":"SMITH"}],"circlet_count":0,"master_deck":["Defend_R","Defend_R","Defend_R","Bash","Heavy Blade+1","Flex+1","Shrug It Off+1","Pain","Warcry+1","Double Tap+1","Purity+1","Sentinel+1","Pommel Strike+1","Bloodletting+1","Enlightenment+1","Thunderclap+1","Twin Strike+1","Flex+1","Offering+1","Heavy Blade+1","Inflame+1","Seeing Red+1","Berserk+1","Flex+1","Iron Wave+1","Feed+1","Battle Trance+1","Barricade+1","Thunderclap+1","Shrug It Off+1","Shockwave+1","Shrug It Off+1","Inflame","Demon Form","Mind Blast+1","Finesse+1","Secret Weapon+1"],"relics":["Burning Blood","Toxic Egg 2","ClockworkSouvenir","MerchantsRug","WarpedTongs","Nunchaku","Molten Egg 2","Lizard Tail","Philosopher\u0027s Stone","Lantern","Paper Frog","Red Mask","HornCleat","Empty Cage","Gambling Chip","Juzu Bracelet","MawBank"],"acts_visited":["Exordium","TheCity","TheBeyond"],"potions_floor_usage":[6,16,29,29,29,29,44,44,46,48,48,48],"damage_taken":[{"damage":7.0,"enemies":"Small Slimes","floor":1.0,"turns":3.0},{"damage":1.0,"enemies":"Cultist","floor":3.0,"turns":3.0},{"damage":8,"enemies":"Lagavulin","floor":6,"turns":4},{"damage":3,"enemies":"2 Louse","floor":8,"turns":2},{"damage":8,"enemies":"2 Fungi Beasts","floor":11,"turns":3},{"damage":2,"enemies":"Red Slaver","floor":13,"turns":2},{"damage":26,"enemies":"Gremlin Nob","floor":14,"turns":4},{"damage":4,"enemies":"Slime Boss","floor":16,"turns":7},{"damage":13,"enemies":"3 Byrds","floor":18,"turns":4},{"damage":0,"enemies":"Chosen","floor":19,"turns":3},{"damage":6,"enemies":"Snecko","floor":21,"turns":2},{"damage":7,"enemies":"Sentry and Sphere","floor":22,"turns":2},{"damage":55,"enemies":"Slavers","floor":24,"turns":3},{"damage":12,"enemies":"Masked Bandits","floor":27,"turns":3},{"damage":4,"enemies":"Cultist and Chosen","floor":28,"turns":4},{"damage":22,"enemies":"Gremlin Leader","floor":29,"turns":3},{"damage":12,"enemies":"Snecko","floor":30,"turns":2},{"damage":42,"enemies":"Champ","floor":33,"turns":7},{"damage":18,"enemies":"3 Shapes","floor":35,"turns":2},{"damage":22,"enemies":"3 Darklings","floor":36,"turns":4},{"damage":9,"enemies":"Sphere and 2 Shapes","floor":38,"turns":4},{"damage":25,"enemies":"Writhing Mass","floor":39,"turns":3},{"damage":36,"enemies":"3 Darklings","floor":40,"turns":5},{"damage":4,"enemies":"Sphere and 2 Shapes","floor":42,"turns":2},{"damage":7,"enemies":"Nemesis","floor":44,"turns":3},{"damage":9,"enemies":"Reptomancer","floor":46,"turns":3},{"damage":0,"enemies":"Giant Head","floor":48,"turns":5}],"seed_played":"-1213145572789785503","potions_obtained":[{"floor":3.0,"key":"SteroidPotion"},{"floor":8,"key":"EssenceOfSteel"},{"floor":11,"key":"EntropicBrew"},{"floor":13,"key":"SkillPotion"},{"floor":22,"key":"Regen Potion"},{"floor":33,"key":"GamblersBrew"},{"floor":42,"key":"Regen Potion"},{"floor":44,"key":"AttackPotion"},{"floor":46,"key":"EntropicBrew"}],"is_trial":false,"path_per_floor":["M","?","M","$","?","E","R","M","T","$","M","R","M","E","R","B",null,"M","M","$","M","M","R","E","R","T","?","M","E","M","?","R","B",null,"M","M","?","M","M","M","?","M","T","E","R","E","?","E"],"character_chosen":"IRONCLAD","items_purchased":["Toxic Egg 2","ClockworkSouvenir","Heavy Blade","Flex+1","MerchantsRug","Shrug It Off+1","Double Tap+1","Purity+1","Bloodletting+1","Enlightenment+1","Inflame"],"campfire_rested":1,"item_purchase_floors":[0,0,0,0,0,0,4,4,10,10,20],"current_hp_per_floor":[79,79,80,80,80,78,78,80,80,80,78,78,80,60,60,62,80,73,79,79,79,78,78,29,29,29,23,25,14,8,8,32,30,84,72,60,60,57,38,8,8,10,10,14,14,11,1,1,1],"gold":531,"neow_bonus":"","is_daily":false,"chose_seed":false,"campfire_upgraded":5,"win_rate":0.0,"timestamp":1614242822,"path_taken":["M","?","?","$","?","E","R","M","T","$","?","R","?","E","R","BOSS","M","M","$","M","M","R","E","R","T","?","M","E","M","?","R","BOSS","M","M","?","M","M","M","?","M","T","E","R","E","?","E"],"items_purchased_type":["Relic","Relic","Card","Card","Relic","Card","Card","Card","Card","Card","Card"],"build_version":"2020-12-22","purchased_purges":3,"victory":false,"max_hp_per_floor":[80,80,80,80,80,80,80,80,80,80,80,80,80,80,80,80,80,80,80,80,80,80,80,80,80,80,80,80,80,80,80,80,84,84,84,88,88,88,88,88,88,88,88,88,88,88,88,88,88],"card_choices":[{"not_picked":["Clothesline","Clash","Fire Breathing"],"picked":"SKIP","floor":1.0},{"not_picked":["Body Slam","Sword Boomerang"],"picked":"Warcry+1","floor":3.0},{"not_picked":["Uppercut","Clothesline"],"picked":"Pommel Strike","floor":6},{"not_picked":["Evolve","Clash","Warcry+1"],"picked":"SKIP","floor":8},{"not_picked":["Body Slam+1","Carnage+1"],"picked":"Thunderclap+1","floor":11},{"not_picked":["Anger+1","Thunderclap+1"],"picked":"Twin Strike+1","floor":13},{"not_picked":["Headbutt+1","Intimidate+1"],"picked":"Flex+1","floor":14},{"not_picked":["Corruption","Brutality"],"picked":"Offering+1","floor":16},{"not_picked":["True Grit+1","Clothesline+1"],"picked":"Heavy Blade+1","floor":18},{"not_picked":["Thunderclap+1","Anger+1","Burning Pact+1"],"picked":"SKIP","floor":19},{"not_picked":["Hemokinesis+1","Armaments+1"],"picked":"Seeing Red+1","floor":21},{"not_picked":["Havoc+1","Blood for Blood+1","Infernal Blade+1"],"picked":"SKIP","floor":22},{"not_picked":["Perfected Strike+1","Body Slam+1"],"picked":"Berserk","floor":24},{"not_picked":["Uppercut+1","Shrug It Off+1"],"picked":"Flex+1","floor":27},{"not_picked":["Thunderclap+1","True Grit+1"],"picked":"Iron Wave+1","floor":28},{"not_picked":["Headbutt+1","Wild Strike+1"],"picked":"Feed+1","floor":29},{"not_picked":["Infernal Blade+1","Clothesline+1"],"picked":"Battle Trance+1","floor":30},{"not_picked":["Brutality","Double Tap+1"],"picked":"Barricade","floor":33},{"not_picked":["Anger+1","Headbutt+1"],"picked":"Thunderclap+1","floor":35},{"not_picked":["Iron Wave+1","Havoc+1"],"picked":"Shrug It Off+1","floor":36},{"not_picked":["Seeing Red+1","Armaments+1"],"picked":"Shockwave+1","floor":38},{"not_picked":["Clash+1","Rampage+1","Hemokinesis+1"],"picked":"SKIP","floor":39},{"not_picked":["Anger+1","Sword Boomerang+1"],"picked":"Shrug It Off+1","floor":40},{"not_picked":["Twin Strike+1","Clash+1","Shrug It Off+1"],"picked":"SKIP","floor":42},{"not_picked":["Headbutt+1","Cleave+1"],"picked":"Inflame","floor":44},{"not_picked":["Evolve","Warcry+1"],"picked":"Demon Form","floor":46},{"not_picked":["Secret Weapon+1","Thinking Ahead+1"],"picked":"Mind Blast+1","floor":47},{"not_picked":["Chrysalis+1","Dark Shackles+1"],"picked":"Finesse+1","floor":47},{"not_picked":["Thinking Ahead+1","PanicButton+1"],"picked":"Secret Weapon+1","floor":47}],"player_experience":405706,"relics_obtained":[{"floor":6,"key":"Nunchaku"},{"floor":9,"key":"Molten Egg 2"},{"floor":14,"key":"Lizard Tail"},{"floor":24,"key":"Lantern"},{"floor":26,"key":"Paper Frog"},{"floor":27,"key":"Red Mask"},{"floor":29,"key":"HornCleat"},{"floor":43,"key":"Gambling Chip"},{"floor":44,"key":"Juzu Bracelet"},{"floor":46,"key":"MawBank"}],"event_choices":[{"damage_healed":0.0,"max_hp_gain":0.0,"max_hp_loss":0.0,"gold_gain":0.0,"event_name":"Accursed Blacksmith","player_choice":"Rummage","floor":2.0,"gold_loss":0.0,"damage_taken":0.0,"relics_obtained":["WarpedTongs"],"cards_obtained":["Pain"]},{"damage_healed":0,"gold_gain":0,"cards_transformed":["Strike_R"],"player_choice":"Transformed","damage_taken":0,"max_hp_gain":0,"max_hp_loss":0,"event_name":"Transmorgrifier","floor":5,"gold_loss":0,"cards_obtained":["Sentinel"]},{"damage_healed":0,"gold_gain":0,"player_choice":"Fought Bandits","damage_taken":0,"max_hp_gain":0,"max_hp_loss":0,"event_name":"Masked Bandits","floor":27,"gold_loss":0},{"damage_healed":0,"gold_gain":100,"player_choice":"Pray","damage_taken":0,"max_hp_gain":0,"max_hp_loss":0,"event_name":"Golden Shrine","floor":31,"gold_loss":0},{"damage_healed":0,"gold_gain":0,"player_choice":"Ignored","damage_taken":0,"max_hp_gain":0,"max_hp_loss":0,"event_name":"Tomb of Lord Red Mask","floor":37,"gold_loss":0},{"damage_healed":0,"gold_gain":0,"player_choice":"Ignored","damage_taken":0,"max_hp_gain":0,"max_hp_loss":0,"event_name":"The Moai Head","floor":41,"gold_loss":0},{"damage_healed":0,"gold_gain":0,"player_choice":"Memory 3","damage_taken":10,"max_hp_gain":0,"max_hp_loss":0,"event_name":"SensoryStone","floor":47,"gold_loss":0}],"is_beta":false,"boss_relics":[{"not_picked":["Cursed Key","SacredBark"],"picked":"Philosopher\u0027s Stone"},{"not_picked":["Runic Cube","Sozu"],"picked":"Empty Cage"}],"items_purged_floors":[0,0,20],"is_endless":false,"potions_floor_spawned":[3,8,11,13,22,28,33,42,44,46],"killed_by":"Giant Head","ascension_level":0}}