{"host":"sav7uxregyirlf69","time":1614268831,"event":{"mods":["AchievementEnabler","BaseMod","Colored Map","DeckTracker","Keyboard Shortcuts","Minty Spire (QoL Compilation)","READ ME - Guardian Mod","StSLib","SuperFastMode"],"gold_per_floor":[114,114,114,39,14,44,44,70,70,88,117,129,129,142,142,214,214,229,257,257,268,280,280,310,325,350,350,86,101,101,101,101,172,172,184,184,12,28,41,41,57,88,88,100,110,127,156,156,156,156,156,156],"floor_reached":51,"language":"KOR","playtime":1551,"items_purged":["Strike_B","Sweeping Beam"],"score":1544,"play_id":"dcee54d6-1e2f-489d-8ade-ef7a70099547","local_time":"20210226010031","is_ascension_mode":true,"campfire_choices":[{"data":"Zap","floor":7,"key":"SMITH"},{"data":"Defragment","floor":13,"key":"SMITH"},{"data":"Coolheaded","floor":15,"key":"SMITH"},{"floor":23,"key":"REST"},{"data":"Turbo","floor":30,"key":"SMITH"},{"data":"Double Energy","floor":32,"key":"SMITH"},{"data":"Buffer","floor":40,"key":"SMITH"},{"floor":49,"key":"RECALL"}],"circlet_count":0,"master_deck":["AscendersBane","Zap+1","Dualcast","Reinforced Body","Rebound","Conserve Battery","Compile Driver","Defragment+1","Coolheaded+1","Glacier","Electrodynamics","Meteor Strike","Self Repair","Rip and Tear","Steam","Double Energy+1","Hello World","Turbo+1","Genetic Algorithm","Undo","Buffer+1","Coolheaded+1","Hologram","Loop","Buffer+1","Shame","Barrage+1","Go for the Eyes","Stack+1"],"relics":["Cracked Core","NeowsBlessing","Mercury Hourglass","Whetstone","Kunai","Happy Flower","Ancient Tea Set","Pandora\u0027s Box","Red Mask","Boot","Vajra","Runic Capacitor","Cursed Key","ClockworkSouvenir","Smiling Mask","Torii"],"acts_visited":["Exordium","TheCity","TheBeyond"],"potions_floor_usage":[19,24,29,33,33,50,51],"damage_taken":[{"damage":0,"enemies":"Small Slimes","floor":1,"turns":1},{"damage":0,"enemies":"Lagavulin","floor":6,"turns":1},{"damage":0,"enemies":"Gremlin Nob","floor":8,"turns":1},{"damage":0,"enemies":"Jaw Worm","floor":10,"turns":3},{"damage":19,"enemies":"Lagavulin","floor":11,"turns":5},{"damage":0,"enemies":"Cultist","floor":12,"turns":3},{"damage":0,"enemies":"Red Slaver","floor":14,"turns":2},{"damage":2,"enemies":"The Guardian","floor":16,"turns":14},{"damage":12,"enemies":"3 Byrds","floor":18,"turns":2},{"damage":12,"enemies":"Masked Bandits","floor":19,"turns":2},{"damage":22,"enemies":"2 Thieves","floor":21,"turns":3},{"damage":15,"enemies":"Centurion and Healer","floor":22,"turns":7},{"damage":13,"enemies":"Gremlin Leader","floor":24,"turns":7},{"damage":0,"enemies":"Snecko","floor":25,"turns":5},{"damage":12,"enemies":"Snake Plant","floor":29,"turns":6},{"damage":39,"enemies":"Collector","floor":33,"turns":11},{"damage":0,"enemies":"Orb Walker","floor":35,"turns":4},{"damage":8,"enemies":"3 Shapes","floor":38,"turns":5},{"damage":0,"enemies":"3 Darklings","floor":39,"turns":4},{"damage":5,"enemies":"Maw","floor":41,"turns":7},{"damage":41,"enemies":"Nemesis","floor":42,"turns":9},{"damage":1,"enemies":"Sphere and 2 Shapes","floor":44,"turns":5},{"damage":0,"enemies":"Jaw Worm Horde","floor":45,"turns":3},{"damage":0,"enemies":"Maw","floor":46,"turns":6},{"damage":0,"enemies":"Reptomancer","floor":47,"turns":8},{"damage":28,"enemies":"Awakened One","floor":50,"turns":18},{"damage":36,"enemies":"Time Eater","floor":51,"turns":8}],"seed_played":"8865698096560538442","potions_obtained":[{"floor":1,"key":"SteroidPotion"},{"floor":6,"key":"Energy Potion"},{"floor":21,"key":"Fire Potion"},{"floor":22,"key":"Regen Potion"},{"floor":24,"key":"Weak Potion"},{"floor":29,"key":"PowerPotion"},{"floor":39,"key":"PotionOfCapacity"},{"floor":42,"key":"AttackPotion"},{"floor":44,"key":"Energy Potion"}],"is_trial":false,"path_per_floor":["M","?","T","$","$","E","R","E","T","M","E","M","R","M","R","B",null,"M","?","?","M","M","R","E","M","T","?","$","M","R","$","R","B",null,"M","?","$","M","M","R","M","E","T","M","M","M","E","?","R","B","B"],"character_chosen":"DEFECT","items_purchased":["Rebound","Runic Capacitor","ClockworkSouvenir"],"campfire_rested":1,"item_purchase_floors":[5,28,37],"current_hp_per_floor":[64,64,64,64,64,64,64,64,64,64,45,45,45,45,45,43,64,52,47,47,25,17,38,47,54,54,54,54,49,49,49,49,17,58,58,58,58,57,64,64,66,32,32,38,38,45,52,52,52,31,0,0],"gold":156,"neow_bonus":"THREE_ENEMY_KILL","is_daily":false,"chose_seed":false,"campfire_upgraded":6,"win_rate":0.0,"timestamp":1614268831,"path_taken":["M","?","?","?","$","E","R","E","T","M","E","M","R","?","R","BOSS","M","?","?","M","M","R","E","M","T","?","$","M","R","?","R","BOSS","M","?","$","M","M","R","M","E","T","M","M","M","E","?","R","BOSS","BOSS"],"items_purchased_type":["Card","Relic","Relic"],"build_version":"2020-12-22","purchased_purges":2,"victory":false,"max_hp_per_floor":[71,71,71,71,71,71,71,71,71,71,71,71,71,71,71,71,71,71,71,71,71,71,71,71,71,71,71,71,71,71,71,71,71,71,71,71,71,71,71,71,71,71,71,71,71,71,71,71,71,71,71,71],"card_choices":[{"not_picked":["Rebound","Stack"],"picked":"Reinforced Body","floor":1},{"not_picked":["Leap","Beam Cell"],"picked":"Conserve Battery","floor":6},{"not_picked":["White Noise","Rebound"],"picked":"Compile Driver","floor":8},{"not_picked":["Coolheaded","BootSequence"],"picked":"Defragment","floor":10},{"not_picked":["Static Discharge","Skim","Biased Cognition"],"picked":"SKIP","floor":11},{"not_picked":["Conserve Battery","Storm"],"picked":"Coolheaded","floor":12},{"not_picked":["Cold Snap","Gash"],"picked":"Glacier","floor":14},{"not_picked":["Amplify","Meteor Strike"],"picked":"Electrodynamics","floor":16},{"not_picked":["Redo","Reinforced Body"],"picked":"Turbo","floor":18},{"not_picked":["Hologram","Rip and Tear"],"picked":"Go for the Eyes","floor":19},{"not_picked":["Blizzard","Sweeping Beam","Ball Lightning+1"],"picked":"SKIP","floor":21},{"not_picked":["Streamline+1","Hyperbeam","Ball Lightning"],"picked":"SKIP","floor":22},{"not_picked":["Darkness","Rip and Tear+1"],"picked":"Undo","floor":24},{"not_picked":["Coolheaded","Stack","Hologram"],"picked":"SKIP","floor":25},{"not_picked":["Sweeping Beam","Ball Lightning","Go for the Eyes"],"picked":"SKIP","floor":29},{"not_picked":["Machine Learning","All For One"],"picked":"Buffer","floor":33},{"not_picked":["FTL+1","Chaos"],"picked":"Coolheaded+1","floor":35},{"not_picked":["Steam","Undo"],"picked":"Hologram","floor":38},{"not_picked":["Steam","White Noise","Ball Lightning"],"picked":"SKIP","floor":39},{"not_picked":["Heatsinks","Cold Snap"],"picked":"Loop","floor":41},{"not_picked":["Thunder Strike","Leap"],"picked":"Buffer","floor":42},{"not_picked":["Auto Shields+1","Ball Lightning"],"picked":"Barrage+1","floor":44},{"not_picked":["White Noise","Double Energy","Coolheaded"],"picked":"SKIP","floor":45},{"not_picked":["FTL+1","Cold Snap"],"picked":"Go for the Eyes","floor":46},{"not_picked":["Ball Lightning","Hologram+1"],"picked":"Stack+1","floor":47}],"player_experience":1700234,"relics_obtained":[{"floor":3,"key":"Mercury Hourglass"},{"floor":6,"key":"Whetstone"},{"floor":8,"key":"Kunai"},{"floor":9,"key":"Happy Flower"},{"floor":11,"key":"Ancient Tea Set"},{"floor":19,"key":"Red Mask"},{"floor":24,"key":"Boot"},{"floor":26,"key":"Vajra"},{"floor":42,"key":"Smiling Mask"},{"floor":47,"key":"Torii"}],"event_choices":[{"damage_healed":0,"gold_gain":0,"player_choice":"Ignored","damage_taken":0,"max_hp_gain":0,"max_hp_loss":0,"event_name":"Liars Game","floor":2,"gold_loss":0},{"damage_healed":0,"gold_gain":0,"player_choice":"Fought Bandits","damage_taken":0,"max_hp_gain":0,"max_hp_loss":0,"event_name":"Masked Bandits","floor":19,"gold_loss":0},{"damage_healed":0,"gold_gain":0,"player_choice":"Read","damage_taken":0,"max_hp_gain":0,"max_hp_loss":0,"event_name":"The Library","floor":20,"gold_loss":0,"cards_obtained":["Genetic Algorithm"]},{"damage_healed":0,"gold_gain":0,"player_choice":"Ignored","damage_taken":0,"max_hp_gain":0,"max_hp_loss":0,"event_name":"Cursed Tome","floor":27,"gold_loss":0},{"cards_removed":["Go for the Eyes"],"damage_healed":0,"gold_gain":0,"player_choice":"Removed Attack","damage_taken":0,"max_hp_gain":0,"max_hp_loss":0,"event_name":"Falling","floor":36,"gold_loss":0},{"damage_healed":0,"gold_gain":0,"player_choice":"Upgraded","damage_taken":0,"max_hp_gain":0,"max_hp_loss":0,"event_name":"Upgrade Shrine","floor":48,"gold_loss":0,"cards_upgraded":["Buffer"]}],"is_beta":false,"boss_relics":[{"not_picked":["Ectoplasm","Calling Bell"],"picked":"Pandora\u0027s Box"},{"not_picked":["Inserter","Fusion Hammer"],"picked":"Cursed Key"}],"items_purged_floors":[4,28],"is_endless":false,"potions_floor_spawned":[1,6,21,22,24,29,39,42,44,46],"killed_by":"Time Eater","ascension_level":20}}