{"host":"zf1gvustpgbojd4t","time":1614258816,"event":{"mods":["Act Like it!","BaseMod","Downfall","Hallownest","Map Debug Mod","Minty Spire (QoL Compilation)","MostiFishMod","Replay The Spire","StSLib"],"gold_per_floor":[99,118,137,137,152,164,164,181,195,195,195,230,30,43,55,156,156,56,66,86,86,100,113,164,180,180,90,90,117,133,133,149,251,251,251,398,416,426,426,437,437,437,452,483,500,525,525,153,169,169,169,197,47,47,47,47],"floor_reached":57,"language":"ZHS","playtime":2528,"items_purged":["bronze:Strike","bronze:Strike","bronze:Defend","bronze:Strike"],"score":1442,"play_id":"30c6ea15-d00c-4edf-b3e9-483fe9fd3dd8","local_time":"20210225211336","is_ascension_mode":false,"campfire_choices":[{"data":"bronze:Strike","floor":1,"key":"PURGE"},{"floor":11,"key":"RECALL"},{"data":"bronze:GetLatest","floor":13,"key":"SMITH"},{"data":"bronze:Goto","floor":18,"key":"SMITH"},{"data":"bronze:Shell","floor":26,"key":"SMITH"},{"data":"bronze:Philosophize","floor":28,"key":"SMITH"},{"data":"bronze:GetLatest","floor":35,"key":"SMITH"},{"data":"1","floor":42,"key":"LIFT"},{"data":"2","floor":47,"key":"LIFT"},{"data":"3","floor":54,"key":"LIFT"}],"circlet_count":0,"master_deck":["bronze:Defend","bronze:Defend","bronze:Defend","bronze:Goto+1","bronze:Optimize","bronze:GetLatest+1","bronze:DigitalCarnage+1","bronze:DelayedSlice","bronze:CutThrough","bronze:DelayedSlice","bronze:CutThrough","bronze:FollowUp+1","bronze:Flail+1","bronze:Shell+1","bronze:Safeguard","bronze:Philosophize+1","bronze:Backtrace+1","bronze:GetLatest+1","bronze:Repair","bronze:Branch+1","bronze:Repair","bronze:Terminator","bronze:Verify+1","bronze:InfiniteLoop+1","bronze:Terminator+1","bronze:FineTuning+1","bronze:WhirlingStrike+1","bronze:InfiniteLoop+1","bronze:CutThrough+1","bronze:Repulsor+1","bronze:Optimize","bronze:Verify+1","bronze:MaxOutput+1"],"relics":["DaveBox","PatriotShield","Honey Jar","Molten Egg 2","downfall:HeartBlessingRed","downfall:HeartBlessingGreen","JellyFishMachine","downfall:HeartBlessingBlue","downfall:KnowingSkull","Dream Catcher","Golden Egg","Painkiller Herb","Girya","ReplayFunnel","Oddly Smooth Stone","Bottled Tornado","Mummified Hand"],"acts_visited":["Exordium","TheCity","TheBeyond","TheEnding"],"potions_floor_usage":[22,23,25,38,56,56,56],"damage_taken":[{"damage":0,"enemies":"Cultist","floor":2,"turns":2},{"damage":0,"enemies":"Jaw Worm","floor":3,"turns":2},{"damage":0,"enemies":"2 Louse","floor":5,"turns":2},{"damage":0,"enemies":"Red Slaver","floor":6,"turns":4},{"damage":0,"enemies":"3 Louse","floor":8,"turns":1},{"damage":0,"enemies":"downfall:LooterAlt","floor":9,"turns":1},{"damage":5,"enemies":"Lagavulin","floor":12,"turns":3},{"damage":0,"enemies":"Blue Slaver","floor":14,"turns":1},{"damage":0,"enemies":"Red Slaver","floor":15,"turns":1},{"damage":0,"enemies":"DF_ARCHETYPE_STREAMLINE","floor":16,"turns":2},{"damage":0,"enemies":"downfall:LooterAlt2","floor":19,"turns":1},{"damage":0,"enemies":"Spheric Guardian","floor":20,"turns":1},{"damage":0,"enemies":"Snecko","floor":22,"turns":2},{"damage":0,"enemies":"Cultist and Chosen","floor":23,"turns":2},{"damage":11,"enemies":"Snake Plant","floor":25,"turns":2},{"damage":0,"enemies":"downfall:FleeingMerchant","floor":27,"turns":4},{"damage":0,"enemies":"Book of Stabbing","floor":29,"turns":2},{"damage":0,"enemies":"Centurion and Healer","floor":30,"turns":1},{"damage":0,"enemies":"Shelled Parasite and Fungi","floor":32,"turns":1},{"damage":0,"enemies":"WA_ARCHETYPE_CALM","floor":33,"turns":7},{"damage":0,"enemies":"downfall:FleeingMerchant","floor":36,"turns":1},{"damage":0,"enemies":"Orb Walker","floor":37,"turns":1},{"damage":0,"enemies":"3 Darklings","floor":38,"turns":1},{"damage":0,"enemies":"Transient","floor":40,"turns":5},{"damage":0,"enemies":"Sphere and 2 Shapes","floor":43,"turns":2},{"damage":0,"enemies":"Giant Head","floor":44,"turns":3},{"damage":0,"enemies":"3 Darklings","floor":45,"turns":1},{"damage":0,"enemies":"Reptomancer","floor":46,"turns":1},{"damage":2,"enemies":"Transient","floor":49,"turns":5},{"damage":48,"enemies":"IC_BLOCK_ARCHETYPE","floor":50,"turns":6},{"damage":18,"enemies":"downfall:CharBossMerchant","floor":52,"turns":5},{"damage":12,"enemies":"downfall:NeowBoss","floor":55,"turns":7},{"damage":47,"enemies":"downfall:NeowBossFinal","floor":56,"turns":6}],"seed_played":"7745965787037169503","potions_obtained":[{"floor":2,"key":"bronze:BurnAndBuffPotion"},{"floor":6,"key":"Fire Potion"},{"floor":14,"key":"Energy Potion"},{"floor":15,"key":"Dexterity Potion"},{"floor":16,"key":"Fire Potion"},{"floor":29,"key":"SteroidPotion"},{"floor":30,"key":"GamblersBrew"},{"floor":33,"key":"Doom Potion"},{"floor":38,"key":"Strength Potion"},{"floor":52,"key":"Milkshake"}],"is_trial":false,"path_per_floor":["R","M","M","?","M","M","T","M","M","?","R","E","R","M","M","B",null,"R","M","M","?","M","M","T","M","R","$","R","E","M","?","M","B",null,"T","?","?","?","?","?","T","T","?","E","?","E","T","T","?","B",null,"E","T","T","B","B",null],"character_chosen":"THE_AUTOMATON","items_purchased":["bronze:Terminator","Bottled Tornado"],"campfire_rested":0,"item_purchase_floors":[36,48],"current_hp_per_floor":[70,70,70,70,70,70,70,70,70,70,70,65,65,65,65,65,70,80,80,80,73,73,73,73,62,62,69,69,69,69,90,90,90,90,90,90,90,90,90,90,90,90,90,90,90,90,90,90,90,52,90,82,82,82,87,57],"gold":47,"neow_bonus":"BOSS_RELIC","is_daily":false,"chose_seed":false,"campfire_upgraded":5,"win_rate":0.0,"timestamp":1614258816,"path_taken":["R","M","M","?","M","M","T","M","M","?","R","E","R","?","M","BOSS","R","M","M","?","M","M","T","?","R","?","R","E","M","?","M","BOSS","T","?","?","?","?","?","T","T","?","E","?","E","T","T","?","BOSS","E","T","T","BOSS","BOSS"],"items_purchased_type":["Card","Relic"],"build_version":"2020-12-22","purchased_purges":4,"victory":true,"max_hp_per_floor":[70,70,70,70,70,70,70,70,70,70,70,70,70,70,70,70,70,80,80,80,80,80,80,80,80,80,80,80,80,80,90,90,90,90,90,90,90,90,90,90,90,90,90,90,90,90,90,90,90,90,90,90,90,90,90,90],"card_choices":[{"not_picked":["bronze:Separator","bronze:Shell","bronze:WildBeam"],"picked":"bronze:Optimize","floor":2},{"not_picked":["bronze:WildBeam","bronze:BronzeArmor","bronze:Return"],"picked":"bronze:GetLatest","floor":3},{"not_picked":["bronze:Turbo","bronze:Iterate","bronze:Constructor"],"picked":"bronze:DelayedSlice","floor":5},{"not_picked":["bronze:OilSpill","bronze:BronzeArmor","bronze:Turbo"],"picked":"bronze:CutThrough","floor":6},{"not_picked":["bronze:MaxOutput","bronze:BronzeOrb","bronze:Shell"],"picked":"bronze:DelayedSlice","floor":8},{"not_picked":["bronze:Terminator","bronze:Shield","bronze:ForLoop"],"picked":"bronze:CutThrough","floor":9},{"not_picked":["bronze:Allocate","bronze:Optimize","bronze:Invalidate"],"picked":"bronze:FollowUp+1","floor":12},{"not_picked":["bronze:Overheat+1","bronze:Invalidate","bronze:ClassDefault"],"picked":"bronze:Flail+1","floor":14},{"not_picked":["bronze:BuggyMess","bronze:FollowUp+1","bronze:Overheat+1"],"picked":"bronze:Shell","floor":15},{"not_picked":["bronze:BurnOut+1","bronze:HyperBeam+1","bronze:Hardcode"],"picked":"bronze:HardenedForm","floor":16},{"not_picked":["bronze:DigitalCarnage+1","bronze:ItsAFeature","bronze:WildBeam+1"],"picked":"bronze:Safeguard","floor":19},{"not_picked":["bronze:Separator+1","bronze:CloningBeam+1","bronze:Iterate+1"],"picked":"bronze:Philosophize","floor":20},{"not_picked":["bronze:ChosenStrike+1","bronze:Safeguard+1","bronze:OilSpill+1"],"picked":"bronze:Backtrace+1","floor":22},{"not_picked":["bronze:BugBarrage+1","bronze:TinkerersToolbox","bronze:Constructor"],"picked":"bronze:GetLatest","floor":23},{"not_picked":["bronze:BugBarrage+1","bronze:NullPointer+1","bronze:Branch+1"],"picked":"bronze:Repair","floor":25},{"not_picked":["bronze:Philosophize","bronze:Constructor","bronze:OilSpill+1"],"picked":"bronze:Branch+1","floor":27},{"not_picked":["bronze:Flail+1","bronze:OilSpill+1","bronze:Turbo"],"picked":"bronze:Repair","floor":29},{"not_picked":["bronze:Branch+1","bronze:BugBarrage+1","bronze:WildBeam+1","bronze:BitShift"],"picked":"SKIP","floor":30},{"not_picked":["bronze:OilSpill+1","bronze:Repair","bronze:ItsAFeature+1"],"picked":"bronze:Terminator","floor":32},{"not_picked":["bronze:Break+1","bronze:BurnOut+1","bronze:CleanCode"],"picked":"bronze:Verify","floor":33},{"not_picked":["bronze:ChosenStrike+1","bronze:WhirlingStrike+1","bronze:Turbo+1"],"picked":"bronze:InfiniteLoop+1","floor":36},{"not_picked":["bronze:Invalidate","bronze:BitShift","bronze:Repair+1"],"picked":"bronze:FineTuning+1","floor":37},{"not_picked":["bronze:NullPointer+1","bronze:Flail+1","bronze:BitShift"],"picked":"bronze:WhirlingStrike+1","floor":38},{"not_picked":["bronze:BugBarrage+1","bronze:Branch+1","bronze:Overheat+1"],"picked":"bronze:CutThrough+1","floor":40},{"not_picked":["bronze:Turbo+1","bronze:DarkDash+1","bronze:WhirlingStrike+1","bronze:OilSpill+1"],"picked":"SKIP","floor":43},{"not_picked":["bronze:Constructor+1","bronze:Overheat+1","bronze:ItsAFeature"],"picked":"bronze:Repulsor+1","floor":44},{"not_picked":["bronze:BronzeArmor+1","bronze:Fortify+1","bronze:Allocate"],"picked":"bronze:Optimize","floor":45},{"not_picked":["bronze:OilSpill+1","bronze:Frontload","bronze:CutThrough+1"],"picked":"bronze:Verify","floor":46},{"not_picked":["bronze:Invalidate+1","bronze:BugBarrage+1","bronze:Optimize+1","bronze:Constructor+1"],"picked":"SKIP","floor":49},{"not_picked":["bronze:Turbo","bronze:BuggyMess","bronze:Library"],"picked":"bronze:MaxOutput+1","floor":52}],"player_experience":115794,"relics_obtained":[{"floor":12,"key":"Molten Egg 2"},{"floor":24,"key":"Dream Catcher"},{"floor":29,"key":"Golden Egg"},{"floor":41,"key":"Girya"},{"floor":44,"key":"ReplayFunnel"},{"floor":46,"key":"Oddly Smooth Stone"},{"floor":52,"key":"Mummified Hand"}],"event_choices":[],"is_beta":false,"boss_relics":[{"not_picked":["Busted Crown","Replay:Ancient Bell"],"picked":"JellyFishMachine"},{"not_picked":["Black Star","Ring of Chaos"],"picked":"Painkiller Herb"}],"items_purged_floors":[27,36,48,53],"is_endless":false,"potions_floor_spawned":[2,6,14,15,16,29,30,33,37,38,43,46,52],"ascension_level":0}}