{"host":"iywctd57wjay9zw1","time":1614276273,"event":{"mods":["AlwaysNeverKeys","BaseMod","Colored Map","Colored Powertips","Fox Events","Googly Eyes","Minty Spire (QoL Compilation)","StSLib"],"gold_per_floor":[117,117,132,132,18,18,31,62,109,109,126,159,7,35,35,132,132,142,142,142],"floor_reached":19,"language":"ENG","playtime":1347,"items_purged":["Pain","Strike_G"],"score":213,"play_id":"cb92e692-6f74-4a30-be5e-fc42a7ec2611","local_time":"20210225110433","is_ascension_mode":true,"campfire_choices":[{"floor":6,"key":"REST"},{"data":"Accuracy","floor":10,"key":"SMITH"},{"floor":15,"key":"REST"}],"circlet_count":0,"master_deck":["Strike_G","Strike_G","Strike_G","Strike_G","Defend_G","Defend_G","Defend_G","Defend_G","Defend_G","Survivor","Neutralize","Outmaneuver","Accuracy+1","Infinite Blades","Cloak And Dagger","Prepared","Footwork","Flechettes","Quick Slash","Envenom","Setup+1"],"relics":["HoveringKite","WarpedTongs","Pen Nib","Regal Pillow","Happy Flower","Bottled Lightning","Sozu"],"acts_visited":["Exordium","TheCity"],"potions_floor_usage":[8,8,14],"damage_taken":[{"damage":2,"enemies":"2 Louse","floor":1,"turns":2},{"damage":11,"enemies":"Cultist","floor":3,"turns":4},{"damage":12,"enemies":"Jaw Worm","floor":7,"turns":4},{"damage":2,"enemies":"Lagavulin","floor":8,"turns":7},{"damage":3,"enemies":"Blue Slaver","floor":11,"turns":4},{"damage":4,"enemies":"3 Sentries","floor":12,"turns":6},{"damage":6,"enemies":"Gremlin Nob","floor":14,"turns":4},{"damage":9,"enemies":"Slime Boss","floor":16,"turns":8},{"damage":11,"enemies":"Spheric Guardian","floor":18,"turns":6},{"damage":61,"enemies":"Masked Bandits","floor":19,"turns":4}],"seed_played":"-4045854031531729425","potions_obtained":[{"floor":3,"key":"SpeedPotion"},{"floor":7,"key":"Energy Potion"},{"floor":12,"key":"SmokeBomb"}],"is_trial":false,"path_per_floor":["M","?","M","$","$","R","M","E","T","R","M","E","$","E","R","B",null,"M","?"],"character_chosen":"THE_SILENT","items_purchased":["Infinite Blades","PowerPotion"],"campfire_rested":2,"item_purchase_floors":[5,13],"current_hp_per_floor":[68,68,57,57,57,70,58,56,56,56,53,49,49,43,70,61,70,59,0,0],"gold":142,"neow_bonus":"BOSS_RELIC","is_daily":false,"chose_seed":false,"campfire_upgraded":1,"win_rate":0.0,"timestamp":1614276273,"path_taken":["M","?","M","?","$","R","M","E","T","R","?","E","$","E","R","BOSS","M","?"],"items_purchased_type":["Card","Potion"],"build_version":"2020-12-22","purchased_purges":2,"victory":false,"max_hp_per_floor":[70,70,70,70,70,70,70,70,70,70,70,70,70,70,70,70,70,70,70,70],"card_choices":[{"not_picked":["Sucker Punch","Heel Hook"],"picked":"Outmaneuver","floor":1},{"not_picked":["PiercingWail","Quick Slash"],"picked":"Accuracy","floor":3},{"not_picked":["Dash","Slice"],"picked":"Cloak And Dagger","floor":7},{"not_picked":["Sucker Punch","Escape Plan"],"picked":"Prepared","floor":8},{"not_picked":["Prepared","Doppelganger"],"picked":"Footwork","floor":11},{"not_picked":["Poisoned Stab","Underhanded Strike"],"picked":"Flechettes","floor":12},{"not_picked":["Dodge and Roll","Expertise"],"picked":"Quick Slash","floor":14},{"not_picked":["Bullet Time","Night Terror"],"picked":"Envenom","floor":16},{"not_picked":["Slice","Underhanded Strike+1"],"picked":"Setup+1","floor":18}],"player_experience":411286,"relics_obtained":[{"floor":8,"key":"Pen Nib"},{"floor":9,"key":"Regal Pillow"},{"floor":12,"key":"Happy Flower"},{"floor":14,"key":"Bottled Lightning"}],"event_choices":[{"damage_healed":0,"gold_gain":0,"player_choice":"Rummage","damage_taken":0,"relics_obtained":["WarpedTongs"],"max_hp_gain":0,"max_hp_loss":0,"event_name":"Accursed Blacksmith","floor":2,"gold_loss":0,"cards_obtained":["Pain"]},{"damage_healed":0,"gold_gain":0,"player_choice":"Fought Bandits","damage_taken":0,"max_hp_gain":0,"max_hp_loss":0,"event_name":"Masked Bandits","floor":19,"gold_loss":0}],"is_beta":false,"boss_relics":[{"not_picked":["Velvet Choker","Fusion Hammer"],"picked":"Sozu"}],"items_purged_floors":[5,13],"is_endless":false,"potions_floor_spawned":[3,7,12],"killed_by":"Masked Bandits","ascension_level":3}}