{"host":"dbkc9h3etq50r1dq","time":1614266138,"event":{"mods":["100% Spire Juice","AchievementEnabler","BaseMod","Block Reminder","Colored Powertips","Curses Come First","Dark Map","Good Game Mod","Minty Spire (QoL Compilation)","Permanent Neow","Potion Indicator Mod","Random Character Button","Rare Cards Sparkle","StSLib","SuperFastMode","Weighted Paths"],"gold_per_floor":[369,20,20,39,50,50,69,95,120,120,150,41,41,41,41,164,164,184,64,79,79,92,92,130,130,130,130,55,4,4,4,4,4,4],"floor_reached":33,"language":"ZHS","playtime":914,"items_purged":[],"score":313,"play_id":"64ae88c6-255e-4bcd-af12-c47ae00768c2","local_time":"20210225231538","is_ascension_mode":true,"campfire_choices":[{"floor":6.0,"key":"REST"},{"data":"Moonworks:NicePresent","floor":10.0,"key":"SMITH"},{"data":"Moonworks:IndiscriminateFireSupport","floor":15.0,"key":"SMITH"},{"floor":23,"key":"REST"},{"data":"Moonworks:SakisCookie","floor":25,"key":"SMITH"},{"data":"Moonworks:SakisCookie","floor":27,"key":"SMITH"},{"data":"Moonworks:SakisCookie","floor":30,"key":"SMITH"},{"data":"Moonworks:EvilSpyWorkPreparation","floor":32,"key":"SMITH"}],"circlet_count":0,"master_deck":["Moonworks:Strike","Moonworks:Strike","Moonworks:Strike","Moonworks:Defend","Moonworks:Defend","Moonworks:Defend","Moonworks:Defend","Moonworks:Ambush","Moonworks:LongDistanceShot","Moonworks:SakisCookie+1","Moonworks:IndiscriminateFireSupport+1","Moonworks:NicePresent+1","Moonworks:DeployBits","Moonworks:SakisCookie+1","Moonworks:SakisCookie+1","CurseOfTheBell","Moonworks:EvilSpyWorkPreparation+1","Moonworks:DeployBits+1","Moonworks:NicePresent"],"relics":["Moonworks:BrokenBomb","Moonworks:Homemark","REME:ComplimentaryCards","StrikeDummy","PreservedInsect","Boot","Golden Idol","Calling Bell","Orichalcum","Molten Egg 2","WingedGreaves","Nunchaku","Singing Bowl"],"acts_visited":["Exordium","TheCity"],"potions_floor_usage":[33,33],"damage_taken":[{"damage":6.0,"enemies":"2 Louse","floor":1.0,"turns":2.0},{"damage":3.0,"enemies":"Jaw Worm","floor":2.0,"turns":4.0},{"damage":7.0,"enemies":"Small Slimes","floor":4.0,"turns":2.0},{"damage":1.0,"enemies":"Exordium Wildlife","floor":5.0,"turns":2.0},{"damage":5.0,"enemies":"Blue Slaver","floor":7.0,"turns":3.0},{"damage":0.0,"enemies":"Gremlin Nob","floor":8.0,"turns":2.0},{"damage":2.0,"enemies":"3 Sentries","floor":11.0,"turns":2.0},{"damage":0.0,"enemies":"2 Fungi Beasts","floor":12.0,"turns":2.0},{"damage":28.0,"enemies":"The Guardian","floor":16.0,"turns":12.0},{"damage":16.0,"enemies":"2 Thieves","floor":18.0,"turns":4.0},{"damage":0,"enemies":"3 Byrds","floor":20,"turns":3},{"damage":14,"enemies":"Snake Plant","floor":22,"turns":4},{"damage":11,"enemies":"Slavers","floor":24,"turns":2},{"damage":58,"enemies":"Automaton","floor":33,"turns":8}],"seed_played":"-2870656249141364426","potions_obtained":[{"floor":1.0,"key":"Energy Potion"},{"floor":4.0,"key":"SteroidPotion"},{"floor":8.0,"key":"ColorlessPotion"},{"floor":12.0,"key":"Dexterity Potion"},{"floor":22,"key":"ColorlessPotion"},{"floor":24,"key":"AttackPotion"}],"is_trial":false,"path_per_floor":["M","M","?","M","M","R","M","E","T","R","E","M","?","?","R","B",null,"M","?","M","?","M","R","E","R","T","R","?","$","R","?","R","B"],"character_chosen":"THE_STARBREAKER","items_purchased":["Moonworks:NicePresent"],"campfire_rested":2,"item_purchase_floors":[29],"current_hp_per_floor":[36,33,33,28,27,45,40,40,40,40,40,42,42,42,42,16,56,42,42,48,48,34,50,41,41,41,41,41,41,41,41,41,0,0],"gold":4,"neow_bonus":"TWO_FIFTY_GOLD","is_daily":false,"chose_seed":false,"campfire_upgraded":6,"win_rate":0.0,"timestamp":1614266138,"path_taken":["M","M","?","M","M","R","M","E","T","R","E","M","?","?","R","BOSS","M","?","M","?","M","R","E","R","T","R","?","?","R","?","R","BOSS"],"items_purchased_type":["Card"],"build_version":"2020-12-22","purchased_purges":0,"victory":false,"max_hp_per_floor":[60,60,60,60,60,60,60,60,60,60,60,60,60,56,56,56,56,56,56,56,56,56,56,56,56,56,56,56,56,56,56,56,56,56],"card_choices":[{"not_picked":["Moonworks:ImOnFire","Moonworks:BigMagnum"],"picked":"Moonworks:SakisCookie","floor":1.0},{"not_picked":["Moonworks:DeployBits","Moonworks:BackdoorTrade"],"picked":"Moonworks:IndiscriminateFireSupport","floor":2.0},{"not_picked":["Moonworks:JonathanRush","Moonworks:LulusLuckyEgg"],"picked":"Moonworks:NicePresent","floor":4.0},{"not_picked":["Moonworks:BigMagnum","Moonworks:IntelligenceOfficer"],"picked":"Moonworks:DeployBits","floor":5.0},{"not_picked":["Moonworks:JonathanRush","Moonworks:CastOff"],"picked":"Moonworks:SakisCookie","floor":7.0},{"not_picked":["Moonworks:EvilMastermind","Moonworks:UnluckyCharm"],"picked":"Moonworks:SakisCookie","floor":8.0},{"not_picked":["Moonworks:Bloodlust","Moonworks:HolyNight","Moonworks:Accelerator"],"picked":"SKIP","floor":11.0},{"not_picked":["Moonworks:IndiscriminateFireSupport","Moonworks:UnluckyCharm","Moonworks:LulusLuckyEgg"],"picked":"SKIP","floor":12.0},{"not_picked":["Moonworks:TreasureThief","Moonworks:JonathanRush+1","Moonworks:ImOnFire"],"picked":"SKIP","floor":18.0},{"not_picked":["Moonworks:CloudOfSeagulls+1","Moonworks:ReproductionOfRecords"],"picked":"Moonworks:EvilSpyWorkPreparation","floor":20},{"not_picked":["Moonworks:LulusLuckyEgg","Moonworks:JonathanRush+1"],"picked":"Moonworks:DeployBits+1","floor":22},{"not_picked":["Moonworks:RocketCannon+1","Moonworks:JonathanRush+1","Moonworks:Assault+1"],"picked":"SKIP","floor":24}],"player_experience":173663,"relics_obtained":[{"floor":8.0,"key":"StrikeDummy"},{"floor":9.0,"key":"PreservedInsect"},{"floor":11.0,"key":"Boot"},{"floor":17.0,"key":"Orichalcum"},{"floor":17.0,"key":"Molten Egg 2"},{"floor":17.0,"key":"WingedGreaves"},{"floor":24,"key":"Nunchaku"},{"floor":26,"key":"Singing Bowl"}],"event_choices":[{"damage_healed":0.0,"max_hp_gain":0.0,"max_hp_loss":0.0,"gold_gain":0.0,"event_name":"Shining Light","player_choice":"Ignored","floor":3.0,"gold_loss":0.0,"damage_taken":0.0},{"damage_healed":0.0,"max_hp_gain":0.0,"max_hp_loss":0.0,"gold_gain":0.0,"event_name":"The Cleric","player_choice":"Leave","floor":13.0,"gold_loss":0.0,"damage_taken":0.0},{"damage_healed":0.0,"max_hp_gain":0.0,"max_hp_loss":4.0,"gold_gain":0.0,"event_name":"Golden Idol","player_choice":"Lose Max HP","floor":14.0,"gold_loss":0.0,"damage_taken":0.0,"relics_obtained":["Golden Idol"]},{"damage_healed":0,"gold_gain":0,"player_choice":"Ignored","damage_taken":0,"max_hp_gain":0,"max_hp_loss":0,"event_name":"Ghosts","floor":21,"gold_loss":0},{"cards_removed":["Moonworks:Strike"],"damage_healed":0,"gold_gain":0,"player_choice":"Gave Gold","damage_taken":0,"max_hp_gain":0,"max_hp_loss":0,"event_name":"Beggar","floor":28,"gold_loss":75},{"damage_healed":0,"gold_gain":0,"player_choice":"Ignored","damage_taken":0,"max_hp_gain":0,"max_hp_loss":0,"event_name":"Vampires","floor":31,"gold_loss":0}],"is_beta":false,"boss_relics":[{"not_picked":["Snecko Eye","Philosopher\u0027s Stone"],"picked":"Calling Bell"}],"items_purged_floors":[],"is_endless":false,"potions_floor_spawned":[1,4,8,12,22,24],"killed_by":"Automaton","ascension_level":1}}