{"host":"5xkp6lbjk85sl3i7","time":1614265083,"event":{"mods":["BaseMod","Better Match","Better Note","Colored Powertips","Curses Come First","Hermit","Highlight Path","Minty Spire (QoL Compilation)","Quick Restart","Replay The Spire","StSLib","The Cursed"],"gold_per_floor":[20,40,40,114,114,114,147,147,147,176,187,198,233,243,243,341,341,361,376,376,403,195,225,225,252,252,252,252,262,277,277,277],"floor_reached":31,"language":"ENG","playtime":24442,"items_purged":[],"score":362,"play_id":"4b55f272-5f3b-4062-a3a9-286e69e2a7c3","local_time":"20210225095803","is_ascension_mode":true,"campfire_choices":[{"floor":6,"key":"REST"},{"floor":15,"key":"REST"},{"floor":24,"key":"REST"},{"floor":27,"key":"REST"}],"circlet_count":0,"master_deck":["hermit:Strike_Hermit+1","hermit:Strike_Hermit","hermit:Strike_Hermit","hermit:Strike_Hermit","hermit:Defend_Hermit","hermit:Defend_Hermit","hermit:Defend_Hermit","hermit:Defend_Hermit","hermit:Snapshot+1","hermit:Covet","hermit:Reprieve+1","hermit:Midnight+1","hermit:WideOpen+1","hermit:Midnight","hermit:CalledShot","hermit:ShadowCloak","hermit:SprayPray+1","hermit:HoleUp","hermit:FromBeyond+1","hermit:ShadowCloak+1","hermit:LowProfile","hermit:Horror+1","hermit:ShadowCloak","hermit:ShadowCloak","hermit:LowProfile","ReplayTheSpireMod:Doomed","hermit:Roulette+1"],"relics":["hermit:Momento","Kunai","Bag of Preparation","Sundial","hermit:CharredGlove","Tiny Chest","Cursed Key","Red Mask","Guide Book","PreservedInsect","Whetstone","Replay:WaspNest"],"acts_visited":["Exordium","TheCity"],"potions_floor_usage":[10,14,18,21,23,23],"damage_taken":[{"damage":0,"enemies":"2 Louse","floor":1,"turns":2},{"damage":6,"enemies":"Jaw Worm","floor":2,"turns":5},{"damage":40,"enemies":"Gremlin Nob","floor":7,"turns":5},{"damage":9,"enemies":"3 Sentries","floor":10,"turns":5},{"damage":0,"enemies":"Cultist","floor":11,"turns":3},{"damage":0,"enemies":"Gremlin Gang","floor":12,"turns":4},{"damage":32,"enemies":"Gremlin Nob","floor":13,"turns":4},{"damage":5,"enemies":"Lots of Slimes","floor":14,"turns":2},{"damage":12,"enemies":"Hexaghost","floor":16,"turns":10},{"damage":18,"enemies":"2 Thieves","floor":18,"turns":4},{"damage":28,"enemies":"Spheric Guardian","floor":19,"turns":4},{"damage":30,"enemies":"Masked Bandits","floor":21,"turns":5},{"damage":27,"enemies":"Slavers","floor":23,"turns":5},{"damage":54,"enemies":"Book of Stabbing","floor":25,"turns":7},{"damage":11,"enemies":"Centurion and Healer","floor":29,"turns":7},{"damage":0,"enemies":"Snecko","floor":30,"turns":5},{"damage":24,"enemies":"Shelled Parasite and Fungi","floor":31,"turns":2}],"seed_played":"-3660092702257125479","potions_obtained":[{"floor":2,"key":"DuplicationPotion"},{"floor":11,"key":"BlessingOfTheForge"},{"floor":13,"key":"Toxic Potion"},{"floor":14,"key":"FairyPotion"},{"floor":16,"key":"SkillPotion"},{"floor":19,"key":"SpeedPotion"},{"floor":21,"key":"Block Potion"},{"floor":23,"key":"BlessingOfTheForge"}],"is_trial":false,"path_per_floor":["M","M","?","?","T","R","E","?","T","E","M","M","E","M","R","B",null,"M","M","?","?","$","E","R","E","T","R","?","M","M","M"],"character_chosen":"HERMIT","items_purchased":["Guide Book","hermit:ShadowCloak"],"campfire_rested":4,"item_purchase_floors":[22,22],"current_hp_per_floor":[75,69,54,54,54,75,35,35,35,42,42,50,18,17,39,27,75,57,29,54,28,28,1,23,5,5,27,27,16,16,0,0],"gold":277,"neow_bonus":"THREE_RARE_CARDS","is_daily":false,"chose_seed":false,"campfire_upgraded":0,"win_rate":0.0,"timestamp":1614265083,"path_taken":["M","M","?","?","?","R","E","?","T","E","?","M","E","M","R","BOSS","M","M","?","?","$","E","R","E","T","R","?","M","M","M"],"items_purchased_type":["Relic","Card"],"build_version":"2020-12-22","purchased_purges":0,"victory":false,"max_hp_per_floor":[75,75,75,75,75,75,75,75,75,75,75,75,75,75,75,75,75,75,75,75,75,75,75,75,75,75,75,75,75,75,75,75],"card_choices":[{"not_picked":["hermit:Adapt","hermit:EternalForm"],"picked":"hermit:Reprieve","floor":0},{"not_picked":["hermit:TrackingShot","hermit:ItchyTrigger"],"picked":"hermit:Midnight","floor":1},{"not_picked":["hermit:TrackingShot","hermit:BodyArmor"],"picked":"hermit:WideOpen","floor":2},{"not_picked":["hermit:BodyArmor","hermit:Spite"],"picked":"hermit:Midnight","floor":7},{"not_picked":["hermit:BlackWind","hermit:Brawl"],"picked":"hermit:CalledShot","floor":10},{"not_picked":["hermit:Dive","hermit:Horror","hermit:Brawl"],"picked":"SKIP","floor":11},{"not_picked":["hermit:Determination","hermit:GoldenBullet"],"picked":"hermit:ShadowCloak","floor":12},{"not_picked":["hermit:Coalescence","hermit:HoleUp"],"picked":"hermit:SprayPray","floor":13},{"not_picked":["hermit:Dive","hermit:DeadMansHand"],"picked":"hermit:HoleUp","floor":14},{"not_picked":["hermit:Gambit","hermit:HighNoon"],"picked":"hermit:FromBeyond","floor":16},{"not_picked":["hermit:Dive","hermit:SprayPray"],"picked":"hermit:ShadowCloak+1","floor":18},{"not_picked":["hermit:Snipe","hermit:CalledShot+1"],"picked":"hermit:LowProfile","floor":19},{"not_picked":["hermit:ItchyTrigger+1","hermit:CursedWeapon"],"picked":"hermit:Horror+1","floor":21},{"not_picked":["hermit:TrackingShot","hermit:GhostlyPresence+1"],"picked":"hermit:LowProfile","floor":23},{"not_picked":["hermit:FullyLoaded","hermit:Showdown","hermit:FlashPowder"],"picked":"SKIP","floor":25},{"not_picked":["hermit:CalledShot","hermit:Roughhouse"],"picked":"hermit:Roulette+1","floor":29},{"not_picked":["hermit:Dive","hermit:Ricochet","hermit:Glare"],"picked":"SKIP","floor":30}],"player_experience":759222,"relics_obtained":[{"floor":5,"key":"Kunai"},{"floor":7,"key":"Bag of Preparation"},{"floor":9,"key":"Sundial"},{"floor":10,"key":"hermit:CharredGlove"},{"floor":13,"key":"Tiny Chest"},{"floor":21,"key":"Red Mask"},{"floor":23,"key":"PreservedInsect"},{"floor":25,"key":"Whetstone"},{"floor":26,"key":"Replay:WaspNest"}],"event_choices":[{"damage_healed":0,"gold_gain":0,"player_choice":"Entered Light","damage_taken":15,"max_hp_gain":0,"max_hp_loss":0,"event_name":"Shining Light","floor":3,"gold_loss":0,"cards_upgraded":["hermit:WideOpen","hermit:Midnight"]},{"damage_healed":0,"gold_gain":74,"player_choice":"Gained Gold","damage_taken":0,"max_hp_gain":0,"max_hp_loss":0,"event_name":"Golden Wing","floor":4,"gold_loss":0},{"damage_healed":25,"gold_gain":0,"player_choice":"Heal","damage_taken":0,"max_hp_gain":0,"max_hp_loss":0,"event_name":"The Library","floor":20,"gold_loss":0},{"damage_healed":0,"gold_gain":0,"player_choice":"Fought Bandits","damage_taken":0,"max_hp_gain":0,"max_hp_loss":0,"event_name":"Masked Bandits","floor":21,"gold_loss":0},{"damage_healed":0,"gold_gain":0,"player_choice":"Ignored","damage_taken":0,"max_hp_gain":0,"max_hp_loss":0,"event_name":"Ghosts","floor":28,"gold_loss":0}],"is_beta":false,"boss_relics":[{"not_picked":["Busted Crown","Sozu"],"picked":"Cursed Key"}],"items_purged_floors":[],"is_endless":false,"potions_floor_spawned":[2,11,13,14,16,19,21,23],"killed_by":"Shelled Parasite and Fungi","ascension_level":3}}