{"host":"w05x4i13f2m9joq1","time":1614214085,"event":{"mods":["100% Spire Juice","Act Like it!","BaseMod","Better Altar","Better Match","Better Note","Better Sensory Stone","Better Skull","Better Third Choice","BetterRewards","CapriCore","Colored Map","Colored Powertips","Defective Defect","Duelist Mod","Gensokyo","GifTheSpireLib","Googly Eyes","Infinite Spire","Ironclad Rager","Library of Ruina","Library of Ruina Extra","Lobotomy","LobotomyExtend","Marisa????????","Melee Mod","Minty Spire (QoL Compilation)","Morshu Shopkeeper - ENHANCED","MostiFishMod","Quick Restart","Rare Cards Sparkle","Reliquary","Replay The Spire","Shop Mod","Spicy Shops","Spire Birthday Party","StSLib","The Animator","The IronCluck","Uncapped","everything is the same but u backflip on backflip","slay the spire mod where everything is the same but ironclad has a cowboy hat"],"gold_per_floor":[115,129,129,145,164,194,205,230,230,262,325,360,360,0,0,101,101,116,116,132,132,57,87,101,132,132,152,166,166,166,191,191,286,286,286],"floor_reached":19,"language":"ENG","playtime":2563,"items_purged":["theDuelist:SummoningCurse"],"score":763,"play_id":"ff4cd866-31a8-451a-9206-b1232b443941","local_time":"20210224194805","is_ascension_mode":true,"campfire_choices":[{"floor":13,"key":"REST"},{"data":"ToOvercomeCrisis","floor":15,"key":"SMITH"},{"data":"Faith","floor":12,"key":"SMITH"},{"data":"SerpentSwordTechnique","floor":15,"key":"SMITH"}],"circlet_count":0,"master_deck":["Dodge","LightDefense","LightAttack","LightAttack","LightAttack","LightDefense","LightDefense","LightDefense","ChargeAndCover","FocusedStrikes","Rewind+1","Faith+1","Transpierce","HiddenBlade","Pot Of Greed","Pot Of Greed","Unlock1","Fence","BackAttack","GuardingStance","TheRedNotes","ToOvercomeCrisis+1","PreemptiveStrike","SerpentSwordTechnique+1","SerpentSwordTechnique+1","Pot Of Greed","TrashDisposal","Gensokyo:AllTheWorldsEvil","Sickly","FieryBird","BackstreetsDash","GutHarvesting+1","QuickAttack","StrikeDown","FrontalAssault","ProselytesBlade","PreemptiveStrike","Pot Of Greed","infinitespire:Collect","Suppress","CleanUp"],"relics":["PageOfLibrarian","DaveBox","CogitoBucket","RabbitCall","ShadowXiaoBlade","SynthV:TestCard","Grinning Jar","WantedRequest","PageOfTodaysShyLook","Replay:WaspNest","Replay:Accelerometer","PageOfMercenary","PageOfTheKnightOfDespair","PageOfBloodbath","Lantern","Replay:Ancient Bell","ReplayFunnel","PageOfJudgementBird","HonorFeather","AspirationHeart","SynthV:TestCard","LetterFromLob","ExusiaiGun","PageOfRedShoes","PageOfTheQueenOfHatred","PageOfGreed","PageOfWrath","PageOfNihil","PageOfFreischutz"],"acts_visited":["Exordium","TheCity"],"potions_floor_usage":[10,12,18,10,10,10,10,10,10,10],"damage_taken":[{"damage":6.0,"enemies":"Jaw Worm","floor":1.0,"turns":3.0},{"damage":0.0,"enemies":"Cultist","floor":2.0,"turns":2.0},{"damage":0,"enemies":"2 Louse","floor":4,"turns":2},{"damage":0,"enemies":"Exordium Wildlife","floor":5,"turns":2},{"damage":4,"enemies":"3 Sentries","floor":6,"turns":5},{"damage":20,"enemies":"Looter","floor":7,"turns":2},{"damage":18,"enemies":"Gremlin Nob","floor":8,"turns":4},{"damage":0,"enemies":"Lagavulin","floor":10,"turns":2},{"damage":0,"enemies":"3 Sentries","floor":11,"turns":3},{"damage":0,"enemies":"3 Sentries","floor":12,"turns":3},{"damage":12,"enemies":"Fading Forest","floor":16,"turns":9},{"damage":0,"enemies":"2 Thieves","floor":18,"turns":8},{"damage":0,"enemies":"Jaw Worm","floor":1,"turns":4},{"damage":0,"enemies":"Small Slimes","floor":3,"turns":2},{"damage":3,"enemies":"Replay:BlueRogue","floor":6,"turns":1},{"damage":1,"enemies":"2 Louse","floor":7,"turns":1},{"damage":2,"enemies":"3 Sentries","floor":8,"turns":2},{"damage":65,"enemies":"Looter","floor":10,"turns":8},{"damage":1,"enemies":"Exordium Thugs","floor":11,"turns":1},{"damage":6,"enemies":"Nightmare","floor":14,"turns":1},{"damage":13,"enemies":"The Guardian","floor":16,"turns":1}],"seed_played":"6385490997971276393","potions_obtained":[{"floor":1.0,"key":"ColorlessPotion"},{"floor":2.0,"key":"Elixir"},{"floor":4,"key":"Swift Potion"},{"floor":11,"key":"CultistPotion"},{"floor":12,"key":"BlessingOfTheForge"},{"floor":1,"key":"EntropicBrew"},{"floor":10,"key":"Strength Potion"},{"floor":16,"key":"PowerPotion"}],"is_trial":false,"path_per_floor":["M","M","?","M","M","E","M","E","T","E","?","E","R","$","R","B",null,"M","M","?","M","AVR","?","E","M","E","T","M","M","R","?","NM","R","B",null,null,null],"character_chosen":"Librarian","items_purchased":["PreemptiveStrike","PageOfBloodbath","Lantern","SerpentSwordTechnique"],"campfire_rested":1,"item_purchase_floors":[14,14,14,14],"current_hp_per_floor":[54,54,54,54,54,50,30,12,12,12,12,12,72,72,72,48,77,87,87,87,87,87,84,80,80,80,33,34,89,89,78,78,68,68,68],"gold":286,"neow_bonus":"","is_daily":false,"chose_seed":false,"campfire_upgraded":3,"win_rate":0.0,"timestamp":1614214085,"path_taken":["M","M","?","M","?","E","M","E","T","E","?","E","R","$","R","BOSS","M","M","?","M","AVR","?","E","M","E","T","M","M","R","?","NM","R","BOSS"],"items_purchased_type":["Card","Relic","Card","Card"],"build_version":"2020-12-22","purchased_purges":1,"victory":true,"max_hp_per_floor":[62,79,79,79,79,79,79,89,89,89,201,201,201,201,201,77,77,87,87,87,87,87,87,80,80,80,80,89,99,99,78,99,77,77,77],"card_choices":[{"not_picked":["CrumblingArmor","OldLady","FairyFestival"],"picked":"Singing Bowl","floor":1.0},{"not_picked":["SpearedSweep","MultiBlock","BoundaryOfDeath","EnergyCycle","BladeWhirl","Standoff","Quickness","Outburst"],"picked":"Rewind","floor":1.0},{"not_picked":["BigBadWolf","ShyLook","BeautyBeast"],"picked":"Singing Bowl","floor":2.0},{"not_picked":["Diversion","Reload","FleetFootsteps","CoordinatedAssault","PreparedMind","HandleRequest","ProselytesBlade","Leap_lor","Suppress","Pound"],"picked":"Faith","floor":2.0},{"not_picked":["FairyFestival","Scorched","MHz"],"picked":"Singing Bowl","floor":4},{"not_picked":["TheArtOfRapidSteps","Crush","Multislash","QuickSuppression","FeelinGood","Faith","Diversion","BackAttack","CoordinatedAssault","HiddenBlade"],"picked":"Transpierce","floor":4},{"not_picked":["PunishingBird","Murderer"],"picked":"Mercenary","floor":5},{"not_picked":["EnergyStrike","TendonChords","Thrust","FlashOfSunup","Feast","VioletBlade","FlowOfTheSword","StrongStrike","PreemptiveStrike","ExtremeEdge"],"picked":"HiddenBlade","floor":5},{"not_picked":["ShyLook","OSAHOGD","CherryBlossoms"],"picked":"Singing Bowl","floor":6},{"not_picked":["SummaryJudgment","RushDown","FleetFootsteps","Pound","Feast","DirtyBlow","Eliminate","ClassAndRespect","Punishment","QuickAttack"],"picked":"Unlock1","floor":6},{"not_picked":["FairyFestival","WallGazer","SpiderBud"],"picked":"Singing Bowl","floor":7},{"not_picked":["ProselytesBlade","FierceCharge","Struggle","Diversion","FendThisOffIfYouCan","SetFire","SuppressingShot","UnavoidableGaze","Standoff","StructuralAnalysis"],"picked":"Fence","floor":7},{"not_picked":["Wellcheers","PunishingBird","CrumblingArmor"],"picked":"Singing Bowl","floor":8},{"not_picked":["ChopItOff","SharpSwipe","DefenseOrder","BizarreAttack","Overpower","StartinOutLightly","SmokingPipe","ScatteringSlash","SunsetBlade","HardRehearsal"],"picked":"BackAttack","floor":8},{"not_picked":["Porccubus","ShyLook","OldLady"],"picked":"Singing Bowl","floor":10},{"not_picked":["Outburst","Multislash","Parry2","SharpSwipe","Pound","FrontalAssault","GutHarvesting","NightInTheBackstreets","EnergyCycle","GreatSerpentsImpact"],"picked":"GuardingStance","floor":10},{"not_picked":["OldLady","Porccubus","Bloodbath"],"picked":"Singing Bowl","floor":11},{"not_picked":["HandlingWork","EnergyStrike","TendonChords","UnforgettableMelody","Reload","Track","ViolentFlame","TheArtOfRapidSteps","MultiHit","QuickSuppression"],"picked":"TheRedNotes","floor":11},{"not_picked":["Murderer","LaLuna","WhitesApple"],"picked":"Singing Bowl","floor":12},{"not_picked":["StrikeDown","DriedUp","RulesOfTheBackstreets","Outburst","Standoff","Parry2","MultiHit","EnergyShield","ClassAndRespect","SpearedSweep"],"picked":"ToOvercomeCrisis","floor":12},{"not_picked":["Wellcheers","BeautyBeast","OldLady"],"picked":"Singing Bowl","floor":16},{"not_picked":["Punishment","TieShanKao","Castigation","RagingStormLove"],"picked":"TrashDisposal","floor":16},{"not_picked":["ReplayTheSpireMod:Splinters","Shame","Overencumbered","animator:Curse_Nutcracker","theDuelist:GravekeeperCurse","theDuelist:CurseAging","Writhe","ReplayTheSpireMod:Faulty Equipment","theDuelist:CurseArmaments","ReplayTheSpireMod:Doomed"],"picked":"Gensokyo:AllTheWorldsEvil","floor":17},{"not_picked":["theDuelist:PsiCurse","ReplayTheSpireMod:Doomed","ReplayTheSpireMod:Restless Dread","Doubt","ReplayTheSpireMod:IOU","Wraith","Amnesia","theDuelist:CurseDarkness","theDuelist:GravekeeperCurse","CurseOfTheBell"],"picked":"Sickly","floor":17},{"not_picked":["Voices","theDuelist:GravekeeperCurse","Doubt","Normality","Shame","Spreading Infection","CurseOfTheBell","theDuelist:PsiCurse","ReplayTheSpireMod:Faulty Equipment","animator:Curse_Nutcracker"],"picked":"theDuelist:SummoningCurse","floor":17},{"not_picked":["MeatLantern","GreedKing","Wellcheers"],"picked":"Singing Bowl","floor":1},{"not_picked":["LongBird","DespairKnight"],"picked":"FieryBird","floor":1},{"not_picked":["SmokingPipe","MultiHit","WillBeTasty","MultiBlock","SharpSwipe","BulkyImpact","EnergyShield","BayonetCombat","YoureTooSlow","GatherIntel","TheArtOfRapidSteps"],"picked":"SKIP","floor":1},{"not_picked":["Yin","Bloodbath","PunishingBird"],"picked":"Singing Bowl","floor":3},{"not_picked":["PinpointShot","IngredientHunt","LossOfSenses","SuppressingShot","ForTheFamily","Thrust","HiddenBlade","AsThePrescriptOrders","HeavyPeaks","DefenseOrder","Wallop_lor","Unlock1"],"picked":"BackstreetsDash","floor":3},{"not_picked":["Decapitation+1","Castigation+1","MindCrush+1","ScratchThat+1","RepressedFlesh+1","SavageMode+1","RagingStormLove+1","FleshFillet+1","RipSpace+1","GoinFirst+1","MirageStorm+1","Observe+1"],"picked":"GutHarvesting+1","floor":5},{"not_picked":["ShyLook","MeatLantern","OSAHOGD"],"picked":"Singing Bowl","floor":6},{"not_picked":["QuickSuppression","SerpentineBarrier","GrazeTheGrass","DestructiveImpact","SinglePointStab","AsThePrescriptOrders","Multislash","FieryDragonSlash","Parry","Laceration","Wallop_lor","Leap_lor"],"picked":"QuickAttack","floor":6},{"not_picked":["FairyFestival","GalaxyChild","SpiderBud"],"picked":"Singing Bowl","floor":7},{"not_picked":["WillProduceFineSilk","Quickness","PinpointShot","Parry2","StrongStrike","TheRedNotes","Wallop_lor","FlashOfSunup","CutIn","Outburst","ClassAndRespect","HighKick"],"picked":"StrikeDown","floor":7},{"not_picked":["LittlePrince","MeatLantern","CherryBlossoms"],"picked":"Singing Bowl","floor":8},{"not_picked":["ViolentFlame","Creak","Quickness","PreparedMind","Juggling","HeavyPeaks","SilentMist","InnerArdor","Multislash","SerpentSwordTechnique","GrazeTheGrass","AGoldenOpportunity"],"picked":"FrontalAssault","floor":8},{"not_picked":["PunishingBird","Murderer","VoidDream"],"picked":"Singing Bowl","floor":10},{"not_picked":["FrontalAssault","EnergyCycle","StrikeDown","Parry","HandleRequest","DefenseOrder","SharpSwipe","Zzzzzap","Thrust","Clone","Feast","SpearedSweep"],"picked":"ProselytesBlade","floor":10},{"not_picked":["Scarecrow","Murderer","GalaxyChild"],"picked":"Singing Bowl","floor":11},{"not_picked":["Parry2","CookingPrep","CoordinatedAssault","EndlessBattle","NightInTheBackstreets","Rewind","Eject","HandleRequest","Slice_lor","Reload","FierceCharge","MultiHit"],"picked":"PreemptiveStrike","floor":11},{"not_picked":["HeroicMonk","MHz","WhitesApple"],"picked":"Singing Bowl","floor":14},{"not_picked":["infinitespire:Oblivion","ReplayTheSpireMod:Black Plague"],"picked":"infinitespire:Collect","floor":14},{"not_picked":["GuidanceOfTheGears","Endure","IllEndYou","Crush","ExtractFuel","Thrust","Reload","Rewind","GuardingStance","TendonChords","MultiBlock","LeRegole"],"picked":"Suppress","floor":14},{"not_picked":["MeatLantern","SnowQueen","BigBird"],"picked":"Singing Bowl","floor":16},{"not_picked":["GutHarvesting","GoinFirst","Punishment","Disposal","GroundSmash","SenseQuarry"],"picked":"CleanUp","floor":16}],"player_experience":224877,"relics_obtained":[{"floor":1.0,"key":"SynthV:TestCard"},{"floor":1.0,"key":"LetterFromLob"},{"floor":6,"key":"Grinning Jar"},{"floor":8,"key":"PageOfTodaysShyLook"},{"floor":9,"key":"Replay:WaspNest"},{"floor":10,"key":"Replay:Accelerometer"},{"floor":11,"key":"PageOfMercenary"},{"floor":12,"key":"PageOfTheKnightOfDespair"},{"floor":1,"key":"SynthV:TestCard"},{"floor":1,"key":"LetterFromLob"},{"floor":6,"key":"PageOfTheQueenOfHatred"},{"floor":8,"key":"PageOfGreed"},{"floor":9,"key":"PageOfWrath"},{"floor":10,"key":"PageOfNihil"},{"floor":14,"key":"PageOfFreischutz"}],"event_choices":[{"damage_healed":0,"gold_gain":0,"player_choice":"Forge","damage_taken":0,"max_hp_gain":0,"max_hp_loss":0,"event_name":"Accursed Blacksmith","floor":3,"gold_loss":0,"cards_upgraded":["Rewind"]},{"damage_healed":0,"gold_gain":0,"player_choice":"Searched \u00271\u0027 times","damage_taken":0,"max_hp_gain":0,"max_hp_loss":0,"event_name":"Dead Adventurer","floor":11,"gold_loss":0},{"damage_healed":0,"gold_gain":0,"player_choice":"2","damage_taken":0,"max_hp_gain":0,"max_hp_loss":0,"event_name":"betterMatch:BetterMatch","floor":5,"gold_loss":0,"cards_obtained":["betterMatch:RareCard"]},{"damage_healed":0,"gold_gain":0,"player_choice":"Forge","damage_taken":0,"max_hp_gain":0,"max_hp_loss":0,"event_name":"Accursed Blacksmith","floor":13,"gold_loss":0,"cards_upgraded":["SerpentSwordTechnique"]}],"is_beta":false,"boss_relics":[{"not_picked":["MoonlightInvasionPlan","NightmareShop"],"picked":"Replay:Ancient Bell"},{"not_picked":["Potion Belt","infinitespire:PuzzleCube"],"picked":"ReplayFunnel"},{"not_picked":["Question Card","infinitespire:WardingShard"],"picked":"PageOfJudgementBird"}],"items_purged_floors":[4],"is_endless":false,"potions_floor_spawned":[1,2,4,11,12,18,1,6,10,16],"ascension_level":1}}