{"host":"3mt4w4o4jnuk8q1t","time":1614252987,"event":{"mods":["Act Like it!","BaseMod","Colored Map","Colored Powertips","Decade(王小明)","Gensokyo","GungeonMod","Hermit","Jedi Mod","Marisa（F雨　魔理沙）","Minty Spire (QoL Compilation)","Red Circlet Mod","Reimu（博丽灵梦）","Remilia（蕾米莉亚）","Replay The Spire","Robot Space Explorer","RumiaBox-露米娅的神秘盒子","Shop Mod","Spicy Shops","StSLib","TestMod","The Jungle","Waifu the Spire","Yakumo Yukari mod","Youmu（魂魄妖梦）","[IsaacMod]以撒尖塔","【功能Mod】混沌之环修复补丁","【功能Mod】聪明的最终Boss"],"gold_per_floor":[116,133,143,159,177,209,209,232,232,248,278,378,378,415,427,454,454],"floor_reached":16,"language":"ZHS","playtime":2198,"items_purged":[],"score":214,"play_id":"2f8796d8-5fa6-46a7-a8a3-33216b4ff144","local_time":"20210225193627","daily_mods":["SealedDeck"],"is_ascension_mode":false,"campfire_choices":[{"data":"KamenRideDenO","floor":7,"key":"SMITH"},{"data":"DenO_Ax","floor":15,"key":"SMITH"}],"circlet_count":0,"master_deck":["Decade_Defend2","UnarmedAttack6","Hibiki_Attack2","Hibiki_Attack1","UnarmedAttack6","Kiva_Bats","UnarmedAttack7","DenO_Gun","DenO_Rod","KamenRideDenO+1","Decade_Dash2","DenO_Gun","AutoVajin","Decade_Dash2","UnarmedAttack3","DenO_Sword","DenO_Rod","DenO_Rod","DenO_Ax+1"],"relics":["Decadriver","TOEIDeficitBill","replay:Trail_Library","HushsDoor","testmod-TestBox","PillsDrop","testmod-Acrobat","Baka2","Regal Pillow","DemoMod:JetPack","ReplayFunnel","MawBank","NineVolt"],"acts_visited":["Exordium"],"potions_floor_usage":[8,11],"damage_taken":[{"damage":0,"enemies":"Gensokyo:3_Fairies","floor":1,"turns":3},{"damage":0,"enemies":"Gensokyo:Python","floor":2,"turns":5},{"damage":3,"enemies":"Gensokyo:2_Kodama","floor":3,"turns":2},{"damage":0,"enemies":"Gensokyo:Kitsune","floor":4,"turns":1},{"damage":0,"enemies":"Gensokyo:3_Kodama","floor":5,"turns":1},{"damage":13,"enemies":"Gensokyo:Mamizou","floor":6,"turns":7},{"damage":2,"enemies":"Gensokyo:Gryphon_and_Rabbit","floor":8,"turns":3},{"damage":0,"enemies":"Gensokyo:Kitsune","floor":10,"turns":3},{"damage":0,"enemies":"Gensokyo:Cirno","floor":11,"turns":6},{"damage":16,"enemies":"Gensokyo:Yukari","floor":16,"turns":13}],"seed_played":"7292178165713497905","potions_obtained":[{"floor":2,"key":"Weak Potion"},{"floor":4,"key":"Block Potion"},{"floor":6,"key":"SkillPotion"},{"floor":10,"key":"LiquidBronze"}],"is_trial":true,"path_per_floor":["M","M","M","M","M","E","R","M","T","M","E","?","T","T","R","B"],"character_chosen":"Decade","items_purchased":[],"campfire_rested":0,"item_purchase_floors":[],"current_hp_per_floor":[70,73,70,73,73,63,63,61,61,61,61,61,61,61,61,50,50],"gold":454,"neow_bonus":"","is_daily":false,"chose_seed":false,"campfire_upgraded":2,"win_rate":0.0,"timestamp":1614252987,"path_taken":["M","M","M","M","M","E","R","M","T","M","E","?","?","?","R","BOSS"],"items_purchased_type":[],"build_version":"2020-12-22","purchased_purges":0,"victory":false,"max_hp_per_floor":[70,73,73,73,73,76,76,71,71,71,66,66,66,66,66,66,66],"card_choices":[{"not_picked":["FormRidePegasus","DragShield"],"picked":"Decade_Dash2","floor":1},{"not_picked":["FormRideBasshaa","FormRidePegasus"],"picked":"DenO_Gun","floor":2},{"not_picked":["FormRideDragon","FormRideGaruru"],"picked":"AutoVajin","floor":3},{"not_picked":["DragClaw","UnarmedAttack3"],"picked":"DenO_Ax","floor":4},{"not_picked":["Kabuto_ClockUp","KamenRideHibiki"],"picked":"Decade_Dash2","floor":5},{"not_picked":["Kabuto_ClockUp","Hibiki_Attack2"],"picked":"UnarmedAttack3","floor":6},{"not_picked":["KamenRideRyuki","FormRideDogga"],"picked":"DenO_Sword","floor":8},{"not_picked":["KamenRideDecade","FormRideStorm"],"picked":"DenO_Sword","floor":10},{"not_picked":["KamenRideRyuki","NMDAZYYGL"],"picked":"DenO_Rod","floor":11}],"player_experience":238091,"relics_obtained":[{"floor":1,"key":"Baka"},{"floor":2,"key":"Baka2"},{"floor":6,"key":"Regal Pillow"},{"floor":9,"key":"DemoMod:JetPack"},{"floor":11,"key":"ReplayFunnel"},{"floor":13,"key":"MawBank"},{"floor":14,"key":"NineVolt"}],"event_choices":[],"is_beta":false,"boss_relics":[],"items_purged_floors":[],"is_endless":true,"potions_floor_spawned":[2,4,6,10],"killed_by":"Gensokyo:Yukari","ascension_level":0}}