{"host":"Cenci","time":1614274703,"event":{"mods":["BaseMod","Bestiary","Downfall","Highlight Path","Minty Spire (QoL Compilation)","StSLib"],"gold_per_floor":[99,113,113,131,22,32,32,62,62,76,76,76,76],"floor_reached":11,"language":"ENG","playtime":856,"items_purged":[],"score":99,"play_id":"0f6244f9-e83a-4218-80f3-0e96c572b572","local_time":"20210225183823","is_ascension_mode":true,"campfire_choices":[{"data":"Guardian:StasisEngine","floor":1,"key":"SMITH"},{"data":"Guardian:ExploitGems","floor":9,"key":"SMITH"}],"circlet_count":0,"master_deck":["Guardian:Strike_Guardian","Guardian:Strike_Guardian","Guardian:Strike_Guardian","Guardian:Strike_Guardian","Guardian:Defend_Guardian","Guardian:Defend_Guardian","Guardian:Defend_Guardian","Guardian:Defend_Guardian","Guardian:CurlUp","Guardian:TwinSlam+1","Guardian:StasisEngine+1","Guardian:GemFinder","Guardian:DecasProtection","Guardian:TemporalStrike","Guardian:ExploitGems+1","Forethought","Guardian:FloatingOrbs","Guardian:Gem_White"],"relics":["Guardian:ModeShifter","Bird Faced Urn"],"acts_visited":[],"potions_floor_usage":[5,8],"damage_taken":[{"damage":13,"enemies":"Jaw Worm","floor":2,"turns":5},{"damage":5,"enemies":"Cultist","floor":4,"turns":6},{"damage":0,"enemies":"downfall:FleeingMerchant","floor":5,"turns":4},{"damage":17,"enemies":"Small Slimes","floor":6,"turns":6},{"damage":20,"enemies":"Lagavulin","floor":8,"turns":8},{"damage":15,"enemies":"2 Fungi Beasts","floor":10,"turns":5},{"damage":7,"enemies":"3 Sentries","floor":11,"turns":4}],"seed_played":"-4126002325592429149","potions_obtained":[{"floor":2,"key":"GamblersBrew"},{"floor":6,"key":"ColorlessPotion"}],"is_trial":false,"path_per_floor":["R","M","?","M","$","M","T","E","R","M","E"],"character_chosen":"GUARDIAN","items_purchased":["Forethought"],"campfire_rested":0,"item_purchase_floors":[5],"current_hp_per_floor":[72,59,59,54,54,37,37,17,17,6,3,3,3],"gold":76,"neow_bonus":"UPGRADE_CARD","is_daily":false,"chose_seed":false,"campfire_upgraded":2,"win_rate":0.0,"timestamp":1614274703,"path_taken":["R","M","?","M","$","M","T","E","R","M","E"],"items_purchased_type":["Card"],"build_version":"2020-11-17","purchased_purges":0,"victory":false,"max_hp_per_floor":[80,80,80,80,80,80,80,80,80,80,80,80,80],"card_choices":[{"not_picked":["Guardian:Gem_Lightblue","Guardian:Gem_Green"],"picked":"Guardian:Gem_Cyan","floor":2},{"not_picked":["Guardian:TemporalShield","Guardian:Reroute"],"picked":"Guardian:DecasProtection","floor":2},{"not_picked":["Guardian:Gem_Red","Guardian:Gem_Lightblue"],"picked":"Guardian:Gem_Cyan","floor":4},{"not_picked":["Guardian:ChargeUp","Guardian:Orbwalk"],"picked":"Guardian:TemporalStrike","floor":4},{"not_picked":["Guardian:Gem_Lightblue","Guardian:Gem_Green"],"picked":"Guardian:Gem_Cyan","floor":5},{"not_picked":["Guardian:Gem_Yellow","Guardian:ShieldCharger"],"picked":"Guardian:ExploitGems","floor":5},{"not_picked":["Guardian:BronzeArmor","Guardian:RefractedBeam","Guardian:WalkerClaw"],"picked":"SKIP","floor":6},{"not_picked":["Guardian:Gem_Lightblue","Guardian:Gem_Green"],"picked":"Guardian:Gem_Cyan","floor":8},{"not_picked":["Guardian:Gem_Yellow","Guardian:ShieldCharger"],"picked":"Guardian:FloatingOrbs","floor":8},{"not_picked":["Guardian:TemporalShield","Guardian:TemporalStrike"],"picked":"Guardian:Gem_White","floor":10}],"player_experience":387420,"relics_obtained":[{"floor":8,"key":"Bird Faced Urn"}],"event_choices":[],"is_beta":true,"boss_relics":[],"items_purged_floors":[],"is_endless":false,"potions_floor_spawned":[2,6],"killed_by":"3 Sentries","ascension_level":7}}