{"host":"sim2kxx81cjsn49b","time":1614278898,"event":{"mods":["ATMod(阿瑾Mod)","BaseMod","Minty Spire (QoL Compilation)","Reliquary","RumiaBox-露米娅的神秘盒子","StSLib","TestMod","Waifu the Spire","【功能Mod】混沌之环修复补丁"],"gold_per_floor":[114,132,132,149,149,149,163,193,272,282,282,294,320,346,358,449,461,486,548,578,590,517,529,541,587,651,681,718,743,765,777,789,880,892,921,946,1003,1015,1041,1053,1076,1088,1100,1112,1141,1180,1205,1235,1247,1259,1271,1283,1295,586,621,621],"floor_reached":57,"language":"ZHS","playtime":1595,"items_purged":["Choke"],"score":3076,"play_id":"7c4732f4-21d7-4b9c-a539-ae245175dc2c","local_time":"20210226024818","is_ascension_mode":true,"campfire_choices":[{"data":"Blade Dance","floor":6.0,"key":"SMITH"},{"data":"Blade Dance","floor":15.0,"key":"SMITH"},{"data":"Prepared","floor":23.0,"key":"SMITH"},{"data":"Reflex","floor":32.0,"key":"SMITH"},{"data":"Accuracy","floor":40.0,"key":"SMITH"},{"floor":44.0,"key":"DIG"},{"floor":49.0,"key":"RECALL"},{"data":"Phantasmal Killer","floor":53.0,"key":"SMITH"}],"circlet_count":0,"master_deck":["AscendersBane","Survivor","Neutralize+1","AT_FamilyPortrait","Blade Dance+1","Reflex+1","AT_WindRun+1","Blade Dance+1","Accuracy+1","Adrenaline+1","Acrobatics+1","Prepared+1","After Image","Prepared+1","Phantasmal Killer+1","Well Laid Plans+1","Accuracy","Tactician"],"relics":["Ring of the Snake","testmod-TestBox","AT_ATBox","testmod-Brilliant","NeowsBlessing","reliquary:OuijaBoard","Shuriken","MawBank","Pandora\u0027s Box","testmod-OneHitWonder","reliquary:Spinner","reliquary:Buckler","reliquary:PorcupineQuills","testmod-TimeTraveler","Shovel","reliquary:Boomerang","reliquary:SharkskinSheath","reliquary:RosewoodLute","reliquary:PrincelyHelmet","Chemical X","Whetstone"],"acts_visited":["Exordium","TheCity","TheBeyond","TheEnding"],"potions_floor_usage":[56],"damage_taken":[{"damage":0.0,"enemies":"2 Louse","floor":1.0,"turns":1.0},{"damage":0.0,"enemies":"Cultist","floor":2.0,"turns":1.0},{"damage":0.0,"enemies":"Jaw Worm","floor":4.0,"turns":1.0},{"damage":0.0,"enemies":"2 Fungi Beasts","floor":7.0,"turns":1.0},{"damage":13.0,"enemies":"Gremlin Nob","floor":8.0,"turns":3.0},{"damage":0.0,"enemies":"Exordium Thugs","floor":10.0,"turns":1.0},{"damage":0.0,"enemies":"Blue Slaver","floor":12.0,"turns":1.0},{"damage":25.0,"enemies":"Lagavulin","floor":13.0,"turns":4.0},{"damage":0.0,"enemies":"3 Louse","floor":14.0,"turns":1.0},{"damage":0.0,"enemies":"Slime Boss","floor":16.0,"turns":3.0},{"damage":0.0,"enemies":"3 Byrds","floor":18.0,"turns":1.0},{"damage":0.0,"enemies":"Spheric Guardian","floor":20.0,"turns":1.0},{"damage":0.0,"enemies":"Slavers","floor":25.0,"turns":1.0},{"damage":0.0,"enemies":"Chosen and Byrds","floor":27.0,"turns":2.0},{"damage":2.0,"enemies":"Book of Stabbing","floor":28.0,"turns":2.0},{"damage":0.0,"enemies":"Snecko","floor":29.0,"turns":2.0},{"damage":0.0,"enemies":"3 Cultists","floor":30.0,"turns":1.0},{"damage":15.0,"enemies":"Automaton","floor":33.0,"turns":3.0},{"damage":0.0,"enemies":"3 Darklings","floor":35.0,"turns":1.0},{"damage":0.0,"enemies":"3 Shapes","floor":36.0,"turns":1.0},{"damage":11.0,"enemies":"2 Orb Walkers","floor":37.0,"turns":1.0},{"damage":0.0,"enemies":"Maw","floor":39.0,"turns":3.0},{"damage":0.0,"enemies":"Sphere and 2 Shapes","floor":41.0,"turns":1.0},{"damage":0.0,"enemies":"Spire Growth","floor":45.0,"turns":2.0},{"damage":0.0,"enemies":"Reptomancer","floor":46.0,"turns":1.0},{"damage":10.0,"enemies":"Writhing Mass","floor":47.0,"turns":2.0},{"damage":0.0,"enemies":"Jaw Worm Horde","floor":48.0,"turns":1.0},{"damage":18.0,"enemies":"Donu and Deca","floor":50.0,"turns":4.0},{"damage":0.0,"enemies":"Awakened One","floor":51.0,"turns":4.0},{"damage":0.0,"enemies":"Shield and Spear","floor":55.0,"turns":3.0},{"damage":79,"enemies":"The Heart","floor":56,"turns":7}],"seed_played":"3838331889628109119","potions_obtained":[{"floor":1.0,"key":"BlessingOfTheForge"},{"floor":8.0,"key":"SteroidPotion"},{"floor":10.0,"key":"Block Potion"},{"floor":13.0,"key":"Energy Potion"},{"floor":28.0,"key":"FairyPotion"},{"floor":29.0,"key":"Fruit Juice"},{"floor":30.0,"key":"SneckoOil"},{"floor":41.0,"key":"testmod-TimePotion"}],"is_trial":false,"path_per_floor":["M","M","?","M","?","R","M","E","T","M","?","M","E","M","R","B",null,"M","?","M","$","?","R","?","E","T","M","E","M","M","?","R","B",null,"M","M","?","?","M","R","M","?","T","R","M","E","M","M","R","B","B",null,"R","$","E","B",null],"character_chosen":"THE_SILENT","items_purchased":["reliquary:RosewoodLute","reliquary:PrincelyHelmet","Chemical X","Accuracy"],"campfire_rested":0,"item_purchase_floors":[54,54,54,54],"current_hp_per_floor":[59,59,59,59,59,59,59,46,46,46,46,46,21,21,21,21,55,55,55,55,55,55,55,55,55,55,55,53,53,58,58,58,43,64,64,64,53,81,81,81,81,81,81,81,81,81,71,71,71,53,53,74,74,74,74,20],"gold":621,"neow_bonus":"THREE_ENEMY_KILL","is_daily":false,"chose_seed":false,"campfire_upgraded":6,"win_rate":0.0,"timestamp":1614278898,"path_taken":["M","M","?","?","?","R","M","E","T","M","?","?","E","M","R","BOSS","M","?","M","$","?","R","?","E","T","?","E","M","M","?","R","BOSS","M","M","?","?","M","R","?","?","T","R","?","E","M","M","R","BOSS","BOSS","R","$","E","BOSS"],"items_purchased_type":["Relic","Relic","Relic","Card"],"build_version":"2020-12-22","purchased_purges":1,"victory":true,"max_hp_per_floor":[66,66,66,66,66,66,66,66,66,66,66,66,66,66,66,66,66,66,66,66,66,66,66,66,66,66,66,66,66,71,71,71,71,71,71,71,71,81,81,81,81,81,81,81,81,81,81,81,81,81,81,81,81,81,81,81],"card_choices":[{"not_picked":["Choke","Dagger Spray","Deflect"],"picked":"SKIP","floor":1.0},{"not_picked":["AT_Desolate","Deadly Poison"],"picked":"Blade Dance","floor":2.0},{"not_picked":["PiercingWail","Outmaneuver","Riddle With Holes"],"picked":"SKIP","floor":4.0},{"not_picked":["Deflect","Bouncing Flask"],"picked":"Reflex","floor":7.0},{"not_picked":["Flechettes","Footwork","Reflex"],"picked":"SKIP","floor":8.0},{"not_picked":["Poisoned Stab","Deadly Poison"],"picked":"AT_WindRun","floor":10.0},{"not_picked":["Deflect","After Image"],"picked":"Blade Dance","floor":12.0},{"not_picked":["Flying Knee","Quick Slash"],"picked":"Accuracy","floor":13.0},{"not_picked":["Eviscerate","Distraction","Bane"],"picked":"SKIP","floor":14.0},{"not_picked":["Night Terror","Phantasmal Killer"],"picked":"Adrenaline","floor":16.0},{"not_picked":["Poisoned Stab","Blade Dance"],"picked":"Acrobatics","floor":18.0},{"not_picked":["Underhanded Strike+1","Backflip"],"picked":"Prepared","floor":20.0},{"not_picked":["Cloak And Dagger","Flying Knee","Acrobatics"],"picked":"SKIP","floor":25.0},{"not_picked":["Catalyst","Backflip","Sucker Punch"],"picked":"SKIP","floor":27.0},{"not_picked":["Grand Finale","Quick Slash","Deflect"],"picked":"SKIP","floor":28.0},{"not_picked":["Well Laid Plans","Deadly Poison","Cloak And Dagger"],"picked":"SKIP","floor":29.0},{"not_picked":["PiercingWail","Corpse Explosion","Dodge and Roll"],"picked":"SKIP","floor":30.0},{"not_picked":["Doppelganger","Grand Finale"],"picked":"After Image","floor":33.0},{"not_picked":["Cloak And Dagger","Dagger Spray+1","Dash"],"picked":"SKIP","floor":35.0},{"not_picked":["Dagger Throw+1","Footwork","Infinite Blades"],"picked":"SKIP","floor":36.0},{"not_picked":["Poisoned Stab","AT_ThistleTea","Quick Slash"],"picked":"SKIP","floor":39.0},{"not_picked":["Masterful Stab+1","Cloak And Dagger"],"picked":"Prepared+1","floor":41.0},{"not_picked":["Blade Dance","Dagger Throw+1","AT_WomanClash"],"picked":"SKIP","floor":45.0},{"not_picked":["Flying Knee","Finisher"],"picked":"Phantasmal Killer","floor":46.0},{"not_picked":["Masterful Stab+1","Poisoned Stab"],"picked":"Well Laid Plans+1","floor":47.0},{"not_picked":["Deflect","Dodge and Roll","Backflip"],"picked":"SKIP","floor":48.0},{"not_picked":["Dagger Throw+1","Dagger Spray"],"picked":"Tactician","floor":55.0}],"player_experience":650225,"relics_obtained":[{"floor":8.0,"key":"reliquary:OuijaBoard"},{"floor":9.0,"key":"Shuriken"},{"floor":13.0,"key":"MawBank"},{"floor":25.0,"key":"reliquary:Spinner"},{"floor":26.0,"key":"reliquary:Buckler"},{"floor":28.0,"key":"reliquary:PorcupineQuills"},{"floor":37.0,"key":"Shovel"},{"floor":44.0,"key":"reliquary:Boomerang"},{"floor":46.0,"key":"reliquary:SharkskinSheath"},{"floor":55.0,"key":"Whetstone"}],"event_choices":[{"damage_healed":0.0,"max_hp_gain":0.0,"max_hp_loss":0.0,"gold_gain":0.0,"cards_transformed":["Strike_G"],"event_name":"Transmorgrifier","player_choice":"Transformed","floor":3.0,"gold_loss":0.0,"damage_taken":0.0,"cards_obtained":["Choke"]},{"damage_healed":0.0,"max_hp_gain":0.0,"max_hp_loss":0.0,"gold_gain":0.0,"event_name":"Liars Game","player_choice":"Ignored","floor":5.0,"gold_loss":0.0,"damage_taken":0.0},{"damage_healed":0.0,"max_hp_gain":0.0,"max_hp_loss":0.0,"gold_gain":0.0,"event_name":"Upgrade Shrine","player_choice":"Upgraded","floor":11.0,"gold_loss":0.0,"damage_taken":0.0,"cards_upgraded":["AT_WindRun"]},{"damage_healed":0.0,"max_hp_gain":0.0,"max_hp_loss":0.0,"gold_gain":50.0,"event_name":"Nest","player_choice":"Stole From Cult","floor":19.0,"gold_loss":0.0,"damage_taken":0.0},{"damage_healed":0.0,"max_hp_gain":0.0,"max_hp_loss":0.0,"gold_gain":0.0,"event_name":"Addict","player_choice":"Obtained Relic","floor":22.0,"gold_loss":85.0,"damage_taken":0.0,"relics_obtained":["testmod-OneHitWonder"]},{"damage_healed":0.0,"max_hp_gain":0.0,"max_hp_loss":0.0,"gold_gain":0.0,"event_name":"给自己的盒子","player_choice":"Swap Relic","floor":24.0,"relics_lost":["Pandora\u0027s Box"],"gold_loss":0.0,"damage_taken":0.0,"relics_obtained":["Pandora\u0027s Box"]},{"damage_healed":0.0,"max_hp_gain":0.0,"max_hp_loss":0.0,"gold_gain":0.0,"event_name":"Ghosts","player_choice":"Ignored","floor":31.0,"gold_loss":0.0,"damage_taken":0.0},{"damage_healed":0.0,"max_hp_gain":0.0,"max_hp_loss":0.0,"gold_gain":0.0,"event_name":"Mysterious Sphere","player_choice":"Fight","floor":37.0,"gold_loss":0.0,"damage_taken":0.0},{"cards_removed":["Storm of Steel"],"damage_healed":18.0,"max_hp_gain":10.0,"max_hp_loss":0.0,"gold_gain":0.0,"event_name":"Bonfire Elementals","player_choice":"Offered Rare","floor":38.0,"gold_loss":0.0,"damage_taken":0.0},{"damage_healed":0.0,"max_hp_gain":0.0,"max_hp_loss":0.0,"gold_gain":0.0,"event_name":"Lab","player_choice":"Got Potions","floor":42.0,"gold_loss":0.0,"damage_taken":0.0}],"is_beta":false,"boss_relics":[{"not_picked":["testmod-StringDisintegrator","Philosopher\u0027s Stone"],"picked":"Pandora\u0027s Box"},{"not_picked":["reliquary:RedPaperclip","HoveringKite"],"picked":"testmod-TimeTraveler"}],"items_purged_floors":[54],"is_endless":false,"potions_floor_spawned":[1,8,10,12,13,14,25,28,29,30,33,39,41,47,48],"ascension_level":20}}