{"host":"test","time":1614224294,"event":{"mods":["BaseMod","Bestiary","Colored Map","Colored Powertips","Minty Spire (QoL Compilation)","Relic Stats","Slay the Relics Exporter","SpireBot","StSLib","ojb\u0027s Better Paths Mod","ojb\u0027s Info Mod: The sequel"],"gold_per_floor":[16,32,32,32,32,32,50,78,378,391,419,433,450,58,58,129,129,142,142,157,177,192,225,257,297,356,368,62,62,88,88,88,167,167,180,180,105,123,70,103,103,128,128,159,159,169,203,216,216,236,236,236,236,22,53,53],"floor_reached":57,"language":"JPN","playtime":4546,"items_purged":["Strike_G"],"score":3080,"play_id":"1e1e57a9-b9e4-4d46-9654-51026eef5eea","local_time":"20210225123814","is_ascension_mode":true,"campfire_choices":[{"data":"Eviscerate","floor":6.0,"key":"SMITH"},{"data":"Wraith Form v2","floor":15.0,"key":"SMITH"},{"data":"Strike_G","floor":27.0,"key":"PURGE"},{"data":"Strike_G","floor":29.0,"key":"PURGE"},{"data":"Strike_G","floor":32.0,"key":"PURGE"},{"data":"Defend_G","floor":41,"key":"PURGE"},{"floor":45,"key":"RECALL"},{"floor":49,"key":"REST"},{"floor":53,"key":"REST"}],"circlet_count":0,"master_deck":["AscendersBane","Defend_G","Defend_G","Survivor","Neutralize","Eviscerate+1","Backflip","Blade Dance","Finisher","Wraith Form v2+1","Acrobatics","Riddle With Holes","Blade Dance","Venomology","Concentrate","Accuracy","Backflip","Blade Dance","Acrobatics","Infinite Blades","Terror","Well Laid Plans","Dash","Night Terror","Phantasmal Killer","Dodge and Roll","Endless Agony","Calculated Gamble","Cloak And Dagger","Blade Dance+1","Backflip+1","Escape Plan+1","Venomology+1"],"relics":["Ring of the Snake","Peace Pipe","Kunai","Akabeko","Old Coin","Darkstone Periapt","Dead Branch","Fusion Hammer","Turnip","MawBank","Dream Catcher","Frozen Eye","Du-Vu Doll","Black Star","TungstenRod","Tingsha","Smiling Mask","Potion Belt","Letter Opener","Omamori","Ancient Tea Set","Toxic Egg 2","Bottled Tornado","OrangePellets","Ninja Scroll","Oddly Smooth Stone"],"acts_visited":["Exordium","TheCity","TheBeyond","TheEnding"],"potions_floor_usage":[33,33,40,47,47,50,51,51,55,56,56,56,56],"damage_taken":[{"damage":4.0,"enemies":"Small Slimes","floor":1.0,"turns":8.0},{"damage":10.0,"enemies":"Jaw Worm","floor":2.0,"turns":10.0},{"damage":0.0,"enemies":"2 Louse","floor":7.0,"turns":3.0},{"damage":17.0,"enemies":"3 Sentries","floor":8.0,"turns":10.0},{"damage":2.0,"enemies":"Lots of Slimes","floor":10.0,"turns":3.0},{"damage":9.0,"enemies":"Gremlin Nob","floor":11.0,"turns":4.0},{"damage":0.0,"enemies":"Red Slaver","floor":12.0,"turns":1.0},{"damage":2.0,"enemies":"2 Fungi Beasts","floor":13.0,"turns":3.0},{"damage":14.0,"enemies":"Hexaghost","floor":16.0,"turns":10.0},{"damage":1.0,"enemies":"2 Thieves","floor":18.0,"turns":4.0},{"damage":0.0,"enemies":"Chosen","floor":20.0,"turns":2.0},{"damage":7.0,"enemies":"Centurion and Healer","floor":21.0,"turns":5.0},{"damage":1.0,"enemies":"Snake Plant","floor":22.0,"turns":3.0},{"damage":0.0,"enemies":"Slavers","floor":23.0,"turns":2.0},{"damage":6.0,"enemies":"Shelled Parasite and Fungi","floor":24.0,"turns":3.0},{"damage":17.0,"enemies":"Book of Stabbing","floor":25.0,"turns":3.0},{"damage":7.0,"enemies":"Slavers","floor":30.0,"turns":3.0},{"damage":9,"enemies":"Automaton","floor":33,"turns":5},{"damage":3,"enemies":"Orb Walker","floor":35,"turns":3},{"damage":0,"enemies":"3 Darklings","floor":38,"turns":4},{"damage":1,"enemies":"Nemesis","floor":40,"turns":5},{"damage":0,"enemies":"Reptomancer","floor":42,"turns":1},{"damage":18,"enemies":"Nemesis","floor":44,"turns":7},{"damage":0,"enemies":"4 Shapes","floor":46,"turns":1},{"damage":4,"enemies":"Giant Head","floor":47,"turns":6},{"damage":0,"enemies":"Spire Growth","floor":48,"turns":2},{"damage":6,"enemies":"Awakened One","floor":50,"turns":13},{"damage":28,"enemies":"Time Eater","floor":51,"turns":7},{"damage":0,"enemies":"Shield and Spear","floor":55,"turns":9},{"damage":17,"enemies":"The Heart","floor":56,"turns":6}],"seed_played":"2157712337990613180","potions_obtained":[{"floor":1.0,"key":"Block Potion"},{"floor":8.0,"key":"Strength Potion"},{"floor":10.0,"key":"Dexterity Potion"},{"floor":16.0,"key":"Poison Potion"},{"floor":33,"key":"Swift Potion"}],"is_trial":false,"path_per_floor":["M","M","?","?","T","R","M","E","T","M","E","M","M","$","R","B",null,"M","?","M","M","M","E","M","E","T","R","$","R","E","?","R","B",null,"M","?","?","M","$","E","R","E","T","E","R","M","E","M","R","B","B",null,"R","$","E","B",null],"character_chosen":"THE_SILENT","items_purchased":["Dead Branch","Well Laid Plans","Frozen Eye","AttackPotion","Cloak And Dagger","OrangePellets","AttackPotion"],"campfire_rested":2,"item_purchase_floors":[14,28,28,28,39,54,54],"current_hp_per_floor":[55,45,45,66,66,66,66,49,49,47,38,38,36,36,36,22,55,54,54,54,47,46,46,40,23,23,23,23,23,16,16,16,21,55,52,52,52,52,52,51,51,51,51,33,33,33,29,29,48,42,14,53,66,66,66,49],"gold":53,"neow_bonus":"ONE_RARE_RELIC","is_daily":false,"chose_seed":true,"campfire_upgraded":2,"win_rate":0.0,"timestamp":1614224294,"path_taken":["M","M","?","?","?","R","M","E","T","M","E","M","M","?","R","BOSS","M","?","M","M","?","E","M","E","T","R","?","R","E","?","R","BOSS","M","?","?","?","$","E","R","E","T","E","R","M","E","M","R","BOSS","BOSS","R","$","E","BOSS"],"items_purchased_type":["Relic","Card","Relic","Potion","Card","Relic","Potion"],"build_version":"2020-12-18","purchased_purges":1,"victory":true,"max_hp_per_floor":[66,66,66,66,66,66,66,66,66,66,66,66,66,66,66,66,66,66,66,66,66,66,66,66,66,66,66,66,66,66,66,66,66,66,66,66,66,66,66,66,66,66,66,66,66,66,66,66,66,66,66,66,66,66,66,66],"relic_stats":{"Darkstone Periapt":0,"counters":[30,146],"Dead Branch":[381],"Tingsha":[319],"Letter Opener":[211],"MawBank":60,"Smiling Mask":0,"Peace Pipe":4,"OrangePellets":[6],"Dream Catcher":2,"Turnip":[7],"Black Star":5,"Kunai":[122],"obtain_stats":[{"Darkstone Periapt":11,"Bottled Tornado":47,"Smiling Mask":42,"Ancient Tea Set":44,"Old Coin":9,"Frozen Eye":28,"Dream Catcher":25,"Ninja Scroll":55,"Fusion Hammer":17,"Kunai":5,"Toxic Egg 2":47,"Ring of the Snake":0,"Potion Belt":42,"Dead Branch":14,"Oddly Smooth Stone":55,"Tingsha":40,"Omamori":44,"Letter Opener":43,"MawBank":23,"Akabeko":8,"Peace Pipe":0,"Du-Vu Doll":30,"OrangePellets":54,"Turnip":19,"Black Star":34,"TungstenRod":40},{"Darkstone Periapt":6,"Bottled Tornado":25,"Smiling Mask":22,"Ancient Tea Set":23,"Old Coin":4,"Frozen Eye":16,"Dream Catcher":16,"Ninja Scroll":29,"Fusion Hammer":9,"Kunai":2,"Toxic Egg 2":25,"Ring of the Snake":0,"Potion Belt":22,"Dead Branch":8,"Oddly Smooth Stone":29,"Tingsha":21,"Omamori":23,"Letter Opener":22,"MawBank":14,"Akabeko":4,"Peace Pipe":0,"Du-Vu Doll":17,"OrangePellets":28,"Turnip":10,"Black Star":18,"TungstenRod":21},{"Darkstone Periapt":38,"Bottled Tornado":109,"Smiling Mask":95,"Ancient Tea Set":102,"Old Coin":31,"Frozen Eye":74,"Dream Catcher":74,"Ninja Scroll":140,"Fusion Hammer":52,"Kunai":18,"Toxic Egg 2":109,"Ring of the Snake":0,"Potion Belt":95,"Dead Branch":42,"Oddly Smooth Stone":140,"Tingsha":94,"Omamori":102,"Letter Opener":95,"MawBank":68,"Akabeko":31,"Peace Pipe":0,"Du-Vu Doll":77,"OrangePellets":131,"Turnip":56,"Black Star":82,"TungstenRod":94}],"TungstenRod":50,"Ring of the Snake":[63]},"card_choices":[{"not_picked":["Heel Hook","Deflect","Prepared"],"picked":"SKIP","floor":1.0},{"not_picked":["Deadly Poison","Bane"],"picked":"Eviscerate","floor":2.0},{"not_picked":["Dagger Throw","All Out Attack"],"picked":"Blade Dance","floor":7.0},{"not_picked":["Deflect","Crippling Poison"],"picked":"Finisher","floor":8.0},{"not_picked":["Poisoned Stab","Flying Knee"],"picked":"Wraith Form v2","floor":10.0},{"not_picked":["Tactician","Underhanded Strike"],"picked":"Acrobatics","floor":11.0},{"not_picked":["Endless Agony","Cloak And Dagger"],"picked":"Riddle With Holes","floor":12.0},{"not_picked":["Quick Slash","Caltrops"],"picked":"Blade Dance","floor":13.0},{"not_picked":["Glass Knife","Doppelganger"],"picked":"Venomology","floor":16.0},{"not_picked":["Deflect","Dodge and Roll"],"picked":"Concentrate","floor":18.0},{"not_picked":["Blade Dance","Tactician"],"picked":"Accuracy","floor":20.0},{"not_picked":["Poisoned Stab","Caltrops"],"picked":"Backflip","floor":21.0},{"not_picked":["Heel Hook","Choke"],"picked":"Blade Dance","floor":22.0},{"not_picked":["Quick Slash","Setup"],"picked":"Acrobatics","floor":23.0},{"not_picked":["Flechettes","Accuracy"],"picked":"Infinite Blades","floor":24.0},{"not_picked":["Skewer","Deadly Poison"],"picked":"Terror","floor":25.0},{"not_picked":["Bouncing Flask","Deadly Poison"],"picked":"Dash","floor":30.0},{"not_picked":["Doppelganger","Wraith Form v2"],"picked":"Phantasmal Killer","floor":33},{"not_picked":["Dagger Spray","Prepared"],"picked":"Dodge and Roll","floor":35},{"not_picked":["Flying Knee","Bane+1","Deadly Poison+1"],"picked":"SKIP","floor":38},{"not_picked":["Slice+1","Backstab","Crippling Poison"],"picked":"SKIP","floor":40},{"not_picked":["Sucker Punch+1","Night Terror","Deadly Poison"],"picked":"SKIP","floor":42},{"not_picked":["Sucker Punch+1","Night Terror","Deadly Poison"],"picked":"SKIP","floor":42},{"not_picked":["Predator+1","Slice"],"picked":"Blade Dance+1","floor":44},{"not_picked":["Sucker Punch+1","Quick Slash"],"picked":"Backflip+1","floor":46},{"not_picked":["Distraction+1","Slice","Poisoned Stab"],"picked":"SKIP","floor":47},{"not_picked":["Backstab+1","Bane","Sucker Punch+1"],"picked":"SKIP","floor":48},{"not_picked":["Dagger Spray","Blade Dance+1"],"picked":"Escape Plan+1","floor":53},{"not_picked":["Flying Knee","Dagger Spray"],"picked":"Venomology+1","floor":55}],"player_experience":2117620,"relics_obtained":[{"floor":5.0,"key":"Kunai"},{"floor":8.0,"key":"Akabeko"},{"floor":9.0,"key":"Old Coin"},{"floor":11.0,"key":"Darkstone Periapt"},{"floor":23.0,"key":"MawBank"},{"floor":25.0,"key":"Dream Catcher"},{"floor":30.0,"key":"Du-Vu Doll"},{"floor":40,"key":"TungstenRod"},{"floor":40,"key":"Tingsha"},{"floor":42,"key":"Smiling Mask"},{"floor":42,"key":"Potion Belt"},{"floor":43,"key":"Letter Opener"},{"floor":44,"key":"Omamori"},{"floor":44,"key":"Ancient Tea Set"},{"floor":47,"key":"Toxic Egg 2"},{"floor":47,"key":"Bottled Tornado"},{"floor":55,"key":"Ninja Scroll"},{"floor":55,"key":"Oddly Smooth Stone"}],"event_choices":[{"damage_healed":0.0,"max_hp_gain":0.0,"max_hp_loss":0.0,"gold_gain":0.0,"cards_transformed":["Defend_G"],"event_name":"Living Wall","player_choice":"Change","floor":3.0,"gold_loss":0.0,"damage_taken":0.0,"cards_obtained":["Backflip"]},{"damage_healed":22.0,"max_hp_gain":0.0,"max_hp_loss":0.0,"gold_gain":0.0,"event_name":"Big Fish","player_choice":"Banana","floor":4.0,"gold_loss":0.0,"damage_taken":0.0},{"damage_healed":0.0,"max_hp_gain":0.0,"max_hp_loss":0.0,"gold_gain":0.0,"event_name":"WeMeetAgain","player_choice":"Gave Potion","floor":19.0,"gold_loss":0.0,"damage_taken":0.0,"relics_obtained":["Turnip"]},{"damage_healed":0.0,"max_hp_gain":0.0,"max_hp_loss":0.0,"gold_gain":0.0,"event_name":"The Library","player_choice":"Read","floor":31.0,"gold_loss":0.0,"damage_taken":0.0,"cards_obtained":["Night Terror"]},{"damage_healed":0,"gold_gain":0,"player_choice":"Ignored","damage_taken":0,"max_hp_gain":0,"max_hp_loss":0,"event_name":"Tomb of Lord Red Mask","floor":36,"gold_loss":0},{"damage_healed":0,"gold_gain":0,"cards_transformed":["Strike_G","Defend_G"],"player_choice":"Transformed Cards","damage_taken":0,"max_hp_gain":0,"max_hp_loss":0,"event_name":"Designer","floor":37,"gold_loss":75,"cards_obtained":["Endless Agony","Calculated Gamble"]}],"is_beta":true,"boss_relics":[{"not_picked":["Cursed Key","Tiny House"],"picked":"Fusion Hammer"},{"not_picked":["HoveringKite","SacredBark"],"picked":"Black Star"}],"items_purged_floors":[14],"is_endless":false,"potions_floor_spawned":[1,8,10,13,16,18,22,33,38,40,48],"ascension_level":20}}