{"host":"za9ilm1uiwmpmin1","time":1614234421,"event":{"mods":["AchievementEnabler","Act Like it!","BaseMod","Friendly Minions","Gensokyo","KomeijiMod","Library of Ruina","Library of Ruina Extra","Minty Spire (QoL Compilation)","MostiFishMod","StSLib","TestMod","Waifu the Spire"],"gold_per_floor":[119,19,19,39,119,146,161,187,232,243,315,17,73,473,473,903,903,948,615,615,660,703,703,731,731,757,682,750,1010,1061,1157,1157,1339,1339,1397,1397,1145,1200,1250,1276,1276,1276,1276,1343,1403,1278,1188,1241,1241,1281,1321,1321,1321,613,686,726],"floor_reached":57,"language":"ZHS","playtime":2817,"items_purged":["LightAttack","DarkCloud","Dodge","LightAttack"],"score":2332,"play_id":"708eef73-5727-419c-a5e0-1659a646de37","local_time":"20210225142701","is_ascension_mode":true,"campfire_choices":[{"data":"ExtractFuel","floor":15,"key":"SMITH"},{"data":"GutHarvesting","floor":23,"key":"SMITH"},{"data":"FrontalAssault","floor":25,"key":"SMITH"},{"data":"Commandeering","floor":32,"key":"SMITH"},{"floor":42,"key":"RECALL"},{"data":"LightDefense","floor":49,"key":"SMITH"},{"data":"LightDefense","floor":53,"key":"SMITH"}],"circlet_count":0,"master_deck":["LightDefense+1","LightAttack","LightDefense+1","LightDefense+1","ChargeAndCover+1","FocusedStrikes+1","FrontalAssault+1","GutHarvesting+1","ExtractFuel+1","AutomatedMovement+1","CoordinatedAssault+1","Commandeering+1","UnavoidableGaze+1","Parry2","Gensokyo:CustomPotion"],"relics":["PageOfLibrarian","testmod-TestBox","testmod-EnergyCheck","DianPoetry","SynthV:TestCard","Mummified Hand","Mercury Hourglass","testmod-Antiphasic","BirthdayGift-Icosahedron","Vajra","RhineSuit","PageOfNosferatu","Civilization","Medical Kit","Du-Vu Doll","Mango","Akabeko","Boot","FeatherPendant","Gensokyo:DualWield","PageOfSpiderBud","Juzu Bracelet","PreservedInsect","PageOfGreed","MostiFishMod:Haymaker","testmod-Hope","PageOfTheQueenOfHatred"],"acts_visited":["Exordium","Gensokyo:Gensokyo","Gensokyo:Gensokyoer","TheEnding"],"potions_floor_usage":[56,56,56,56,56,56],"damage_taken":[{"damage":0,"enemies":"Gensokyo:2_Kodama","floor":1,"turns":3},{"damage":0,"enemies":"Gensokyo:Gryphon","floor":4,"turns":2},{"damage":0,"enemies":"Gensokyo:Cirno","floor":6,"turns":6},{"damage":0,"enemies":"Gensokyo:3_Fairies","floor":7,"turns":4},{"damage":0,"enemies":"Gensokyo:Mamizou","floor":8,"turns":5},{"damage":1,"enemies":"Gensokyo:2_Rabbits","floor":10,"turns":2},{"damage":0,"enemies":"Gensokyo:Python_and_Kodama","floor":11,"turns":4},{"damage":0,"enemies":"Gensokyo:Aya","floor":13,"turns":2},{"damage":0,"enemies":"Gensokyo:Kokoro","floor":16,"turns":6},{"damage":0,"enemies":"Gensokyo:AngelMirror","floor":18,"turns":2},{"damage":4,"enemies":"Gensokyo:Chomper","floor":21,"turns":2},{"damage":2,"enemies":"Gensokyo:Monolith_and_Dog","floor":22,"turns":3},{"damage":2,"enemies":"Gensokyo:Reisen","floor":24,"turns":3},{"damage":1,"enemies":"Gensokyo:Koishi","floor":28,"turns":1},{"damage":0,"enemies":"Gensokyo:3_Gloops","floor":29,"turns":3},{"damage":3,"enemies":"Gensokyo:Wraith","floor":30,"turns":2},{"damage":2,"enemies":"Gensokyo:Mirror_and_Dog","floor":31,"turns":3},{"damage":9,"enemies":"Gensokyo:Eternal_Rivals","floor":33,"turns":4},{"damage":2,"enemies":"Gensokyo:AncientGuardian","floor":35,"turns":1},{"damage":0,"enemies":"Gensokyo:3_Boulders","floor":38,"turns":1},{"damage":1,"enemies":"Gensokyo:Dusk_and_Dawn","floor":39,"turns":1},{"damage":3,"enemies":"Gensokyo:Doremy","floor":40,"turns":1},{"damage":2,"enemies":"Gensokyo:Kasen","floor":44,"turns":1},{"damage":0,"enemies":"Gensokyo:4_Bats","floor":45,"turns":1},{"damage":3,"enemies":"Gensokyo:Sharpion","floor":48,"turns":1},{"damage":5,"enemies":"Gensokyo:Shinki","floor":50,"turns":3},{"damage":6,"enemies":"Gensokyo:Shinki","floor":51,"turns":1},{"damage":0,"enemies":"Shield and Spear","floor":55,"turns":1},{"damage":7,"enemies":"The Heart","floor":56,"turns":3}],"seed_played":"9003607938855461136","potions_obtained":[{"floor":6,"key":"EntropicBrew"},{"floor":10,"key":"ColorlessPotion"},{"floor":11,"key":"testmod-TestPotion"}],"is_trial":false,"path_per_floor":["M","?","?","M","?","E","M","E","T","M","M","COS","E","?","R","B",null,"M","COS","?","M","M","R","E","R","T","$","E","M","M","M","R","B",null,"M","?","$","M","M","E","?","R","T","E","M","$","?","M","R","B",null,null,"R","$","E","B",null],"character_chosen":"Librarian","items_purchased":["PageOfSpiderBud","MostiFishMod:Haymaker","testmod-Hope"],"campfire_rested":0,"item_purchase_floors":[37,54,54],"current_hp_per_floor":[54,54,54,54,54,54,54,54,54,53,53,53,54,54,54,65,78,76,76,76,77,80,80,98,98,98,98,103,108,113,118,118,123,123,128,128,128,133,138,143,143,143,143,148,153,153,153,158,158,163,168,168,168,168,173,178],"gold":726,"neow_bonus":"UPGRADE_CARD","is_daily":false,"chose_seed":false,"campfire_upgraded":6,"win_rate":0.0,"timestamp":1614234421,"path_taken":["M","?","?","?","?","E","M","E","T","M","M","COS","E","?","R","BOSS","M","COS","?","?","M","R","E","R","T","$","E","M","M","?","R","BOSS","M","?","$","M","M","E","?","R","T","E","M","$","?","M","R","BOSS","R","$","E","BOSS"],"items_purchased_type":["Relic","Relic","Relic"],"build_version":"2020-12-22","purchased_purges":4,"victory":true,"max_hp_per_floor":[62,62,62,61,61,77,77,77,77,77,82,82,82,82,82,82,82,76,76,76,77,80,80,98,98,98,98,103,108,113,118,118,123,123,128,128,128,133,138,143,143,143,143,148,153,153,153,158,158,163,168,168,168,168,173,178],"card_choices":[{"not_picked":["QuickSuppression","SmokingPipe","UndertakePrescript","BackAttack","Parry","Gamble","RushDown","SinglePointStab","ShockingBlow"],"picked":"SKIP","floor":1},{"not_picked":["UpbeatPerformance","SharpNails","ButterflySlash","Standoff","SteelKnuckles","IronWall","MultiBlock","DefenseOrder","EnergyShield","Parry","FocusFire"],"picked":"SKIP","floor":4},{"not_picked":["EndlessBattle","HiddenBlade","FlyingSword","Clone","UncannyStrike","NightInTheBackstreets","Diversion","TieShanKao","WaitUp","Parry","Juggling"],"picked":"SKIP","floor":6},{"not_picked":["Standoff","Overpower","TendonChords","PreemptiveStrike","ToOvercomeCrisis","ClassAndRespect","DirtyBlow","SparkingSpear","GreatSerpentsImpact","EnergyBeam"],"picked":"DarkCloud","floor":7},{"not_picked":["GuardingStance","PreparedMind","Standoff","ShockingBlow","ChargeUp","MultiBlock","TendonChords","HighKick","ProselytesBlade","MindPrepared"],"picked":"FrontalAssault","floor":8},{"not_picked":["EnergyStrike","Brawl","GreatSerpentsImpact","ButterflySlash","BackAttack","SpearedSweep","IdentifyWeakpoint","EnergyShield","SkyClearingCut","ReadyUp"],"picked":"GutHarvesting","floor":10},{"not_picked":["BattleCommand","AutomatedMovement","Slice_lor","AutonomousRush","EndlessBattle","GuardingStance","Decapitation","HandlingWork","DarkCloud","SunsetBlade","AlloutWar"],"picked":"SKIP","floor":11},{"not_picked":["SharpNails","TheRedNotes","Cruelty","LoosenUp","Slice_lor","CoordinatedAssault","Leap_lor","Marionette","EnergyConversion","DefenseOrder"],"picked":"ExtractFuel","floor":13},{"not_picked":["Mutilate+1","HeavyPeaks","BiAn","FierceCharge","BattleCommand","MindPrepared","AlloutWar","WillOfThePrescript+1","PinpointShot","EndlessBattle"],"picked":"AutomatedMovement+1","floor":18},{"not_picked":["Diversion","SerpentSwordTechnique","SuanNi","FeatherShield","Pound","HiddenBlade","FierceOnslaught+1","HighSpeedStabbing","Concentration","PreemptiveStrike"],"picked":"CoordinatedAssault+1","floor":21},{"not_picked":["Leap_lor","GreatSerpentsImpact","Rampage_lor","AsThePrescriptOrders+1","SharpenedBlade+1","VenomousFangs","MultiBlock","Tailoring","BiAn","ClassAndRespect"],"picked":"Commandeering","floor":22},{"not_picked":["ExtractFuel","FleetEdge","EnergyStrike","Suppress","HandleRequest","EndlessBattle+1","ChiWen","AlloutWar","BlowItUp","Duel_lor","FleetFootsteps+1"],"picked":"SKIP","floor":24},{"not_picked":["SharpSwipe+1","Unlock1","Pound+1","HandleRequest","TheArtOfRapidSteps","SpearedSweep","NightInTheBackstreets","Zzzzzap","FlowOfTheSword","Track+1"],"picked":"UnavoidableGaze+1","floor":28},{"not_picked":["EnergyCycle+1","BizarreAttack","GuardingStance","StructuralAnalysis","YouOnlyLiveOnce+1","QuickSuppression+1","CutIn","SpearedSweep","DefenseOrder+1","FleetEdge","SunsetBlade+1"],"picked":"SKIP","floor":29},{"not_picked":["SerpentSwordTechnique+1","Duel_lor+1","FrontalAssault","BackAttack+1","ClassAndRespect","DevastatingThrash","HeavyPeaks","RhinoRam","Observe","ReadyUp","WrathOfTorment"],"picked":"SKIP","floor":30},{"not_picked":["LossOfSenses+1","Reload","UpbeatPerformance","GuidanceOfTheGears","Rewind","ButterflySlash+1","SunsetBlade","Punishment","Leap_lor","SparkingSpear","EnergyCycle"],"picked":"SKIP","floor":31},{"not_picked":["SetFire","FierceCharge+1","UnavoidableGaze","EndlessBattle+1","ConcentratedFire+1","SpearedSweep","SinglePointStab","Diversion+1","ToOvercomeCrisis+1","ExtractFuel","Ripple"],"picked":"SKIP","floor":35},{"not_picked":["Thirst+1","WillBeTasty","Quickness+1","PreemptiveStrike+1","Endure+1","AlloutWar","NightInTheBackstreets+1","SerpentSwordTechnique+1","FocusFire","ClassAndRespect","Observe"],"picked":"SKIP","floor":38},{"not_picked":["PinpointShot+1","Thrust+1","Rewind","EnergyStrike+1","Quickness+1","WillOfThePrescript+1","SinglePointStab+1","ForcefulGesture","UnavoidableGaze","GuardingStance","ShockingBlow"],"picked":"SKIP","floor":39},{"not_picked":["Crush","QuickAttack","HandleRequest","IngredientHunt+1","Leap_lor","ICanCookAnything","ChiWen+1","SnakesPrey+1","EnergyShield","VioletBlade","Thrust+1"],"picked":"SKIP","floor":40},{"not_picked":["MindPrepared","KeepItFresh","DefenseOrder","Track+1","ChiWen+1","Thirst+1","WillOfThePrescript+1","Thrust+1","CombatPreparation+1","Creak","QuickAttack+1"],"picked":"SKIP","floor":44},{"not_picked":["ToOvercomeCrisis","PreemptiveStrike","StructuralAnalysis","FierceCharge","EnergyStrike+1","ConcentratedFire","Thrust","FleetFootsteps+1","Leap_lor+1","InkOver+1"],"picked":"Parry2","floor":45},{"not_picked":["LawAndOrder+1","WildCard","SuppressingShot","CookingPrep+1","Decapitation","BiAn","CombatPreparation","Thrust+1","AbsorbImpact","ReadyUp+1","StrikeDown+1"],"picked":"SKIP","floor":48},{"not_picked":["TendonChords+1","HandleRequest+1","TasteMyFlamingBat+1","EmotionalTurbulence","ShockRound+1","YourShield+1","PreemptiveStrike+1","EnergyCycle+1","DriedUp","SmokingPipe","CoordinatedAssault"],"picked":"SKIP","floor":55}],"player_experience":765404,"relics_obtained":[{"floor":1,"key":"SynthV:TestCard"},{"floor":6,"key":"Mercury Hourglass"},{"floor":8,"key":"testmod-Antiphasic"},{"floor":13,"key":"Vajra"},{"floor":24,"key":"Mango"},{"floor":26,"key":"Akabeko"},{"floor":28,"key":"Boot"},{"floor":40,"key":"Juzu Bracelet"},{"floor":43,"key":"PreservedInsect"},{"floor":44,"key":"PageOfGreed"},{"floor":55,"key":"PageOfTheQueenOfHatred"}],"event_choices":[{"damage_healed":0,"gold_gain":0,"player_choice":"Swap Relic","damage_taken":0,"relics_obtained":["Technique"],"max_hp_gain":0,"max_hp_loss":0,"event_name":"给自己的盒子","floor":3,"relics_lost":["Technique"],"gold_loss":0},{"damage_healed":0,"gold_gain":400,"player_choice":"Sell","damage_taken":0,"max_hp_gain":0,"max_hp_loss":0,"event_name":"恩洛斯的盘子","floor":14,"relics_lost":["DaveBox"],"gold_loss":0}],"is_beta":false,"boss_relics":[{"not_picked":["JellyFishMachine","FixedStarFall"],"picked":"RhineSuit"},{"not_picked":["testmod-TimeTraveler","Pandora\u0027s Box"],"picked":"FeatherPendant"}],"items_purged_floors":[27,37,46,54],"is_endless":false,"potions_floor_spawned":[6,8,10,11,16,18,22,28,31,33,39,40,45,48],"ascension_level":7}}