{"host":"28p8ce41sjwa6lzf","time":1614283121,"event":{"mods":["BaseMod","Bestiary","Colored Map","Colored Powertips","Dark Map","Highlight Path","Minty Spire (QoL Compilation)","Permanent Neow","Quick Restart","Random Character Button","Rare Cards Sparkle","Relic Stats","StSLib","Unceasing Turn Reminder","ojb\u0027s Info Mod: The sequel"],"gold_per_floor":[359,359,379,389,28,54,82,32,102,102,119,153,153,15,15,92,92,112,387,406,406,425,455,455,175,199,233,251,45,55,80,80,153,153,171,10,30,43,43,69,80,114,137,137,155,155,172,197,197,197,197,197,197,19,44,44],"floor_reached":57,"language":"ENG","playtime":7516,"items_purged":["Defend_R","Strike_R","Regret","Strike_R"],"score":3045,"play_id":"027a7f90-e5cf-4091-b8fd-d7fb270b0b8e","local_time":"20210225135841","is_ascension_mode":true,"campfire_choices":[{"data":"Flex","floor":10.0,"key":"SMITH"},{"data":"Shockwave","floor":13.0,"key":"SMITH"},{"data":"Heavy Blade","floor":15.0,"key":"SMITH"},{"floor":24.0,"key":"RECALL"},{"floor":32.0,"key":"REST"},{"floor":46.0,"key":"REST"},{"floor":49.0,"key":"REST"},{"floor":53,"key":"REST"}],"circlet_count":0,"master_deck":["AscendersBane","Strike_R","Strike_R","Strike_R","Defend_R","Defend_R","Defend_R","Bash","Heavy Blade+1","Flex+1","Pummel","Headbutt","Shrug It Off","Iron Wave+1","Shockwave+1","Reaper+1","Fiend Fire+1","Shrug It Off","Limit Break","Inflame+1","Dark Embrace+1","Dual Wield","Seeing Red","Fiend Fire+1","Warcry","Disarm","Shrug It Off","Entrench+1","Offering","Discovery","Disarm","Fiend Fire+1","Sentinel","Sentinel","Shrug It Off"],"relics":["Burning Blood","Membership Card","Eternal Feather","Strawberry","Odd Mushroom","Molten Egg 2","Gremlin Horn","Fusion Hammer","Boot","Bag of Preparation","Frozen Egg 2","Pantograph","Dead Branch","Matryoshka","Runic Pyramid","Orrery","Paper Frog","Meat on the Bone","Bottled Tornado","Mercury Hourglass","PreservedInsect","Toy Ornithopter","Dream Catcher","Oddly Smooth Stone","Mummified Hand"],"acts_visited":["Exordium","TheCity","TheBeyond","TheEnding"],"potions_floor_usage":[],"damage_taken":[{"damage":1.0,"enemies":"2 Louse","floor":1.0,"turns":3.0},{"damage":4.0,"enemies":"Small Slimes","floor":3.0,"turns":4.0},{"damage":6.0,"enemies":"Cultist","floor":4.0,"turns":3.0},{"damage":6.0,"enemies":"Gremlin Nob","floor":6.0,"turns":3.0},{"damage":9.0,"enemies":"The Mushroom Lair","floor":7.0,"turns":3.0},{"damage":5.0,"enemies":"Blue Slaver","floor":11.0,"turns":2.0},{"damage":23.0,"enemies":"Lagavulin","floor":12.0,"turns":5.0},{"damage":70.0,"enemies":"The Guardian","floor":16.0,"turns":14.0},{"damage":28.0,"enemies":"Shell Parasite","floor":18.0,"turns":3.0},{"damage":15.0,"enemies":"3 Byrds","floor":20.0,"turns":6.0},{"damage":22.0,"enemies":"Snake Plant","floor":22.0,"turns":4.0},{"damage":2.0,"enemies":"Slavers","floor":23.0,"turns":4.0},{"damage":27.0,"enemies":"Gremlin Leader","floor":27.0,"turns":4.0},{"damage":21.0,"enemies":"Snecko","floor":28.0,"turns":4.0},{"damage":0.0,"enemies":"3 Cultists","floor":30.0,"turns":5.0},{"damage":26.0,"enemies":"Slavers","floor":31.0,"turns":3.0},{"damage":69.0,"enemies":"Automaton","floor":33.0,"turns":9.0},{"damage":1.0,"enemies":"Orb Walker","floor":35.0,"turns":3.0},{"damage":9.0,"enemies":"3 Darklings","floor":37.0,"turns":3.0},{"damage":29.0,"enemies":"4 Shapes","floor":38.0,"turns":5.0},{"damage":4.0,"enemies":"Giant Head","floor":40.0,"turns":5.0},{"damage":27.0,"enemies":"Writhing Mass","floor":41.0,"turns":5.0},{"damage":33.0,"enemies":"Nemesis","floor":42.0,"turns":7.0},{"damage":2.0,"enemies":"Maw","floor":45.0,"turns":3.0},{"damage":4.0,"enemies":"4 Shapes","floor":47.0,"turns":3.0},{"damage":0.0,"enemies":"Reptomancer","floor":48.0,"turns":2.0},{"damage":17.0,"enemies":"Time Eater","floor":50.0,"turns":2.0},{"damage":50,"enemies":"Awakened One","floor":51,"turns":4},{"damage":3,"enemies":"Shield and Spear","floor":55,"turns":3},{"damage":22,"enemies":"The Heart","floor":56,"turns":5}],"seed_played":"-2843850247304677530","potions_obtained":[{"floor":3.0,"key":"SteroidPotion"},{"floor":7.0,"key":"Weak Potion"},{"floor":11.0,"key":"BloodPotion"},{"floor":21.0,"key":"SpeedPotion"},{"floor":21.0,"key":"PowerPotion"},{"floor":22.0,"key":"DistilledChaos"},{"floor":23.0,"key":"EssenceOfSteel"},{"floor":28.0,"key":"EssenceOfSteel"},{"floor":35.0,"key":"PowerPotion"},{"floor":40.0,"key":"SkillPotion"}],"is_trial":false,"path_per_floor":["M","?","M","M","$","E","?","$","T","R","M","E","R","$","R","B",null,"M","?","M","?","M","E","R","$","T","E","M","$","M","E","R","B",null,"M","$","M","M","T","E","M","E","T","?","M","R","M","E","R","B","B",null,"R","$","E","B",null],"character_chosen":"IRONCLAD","items_purchased":["Membership Card","Eternal Feather","Strength Potion","Reaper+1","EntropicBrew","Bag of Preparation","Frozen Egg 2","Dead Branch","Dark Embrace+1","Orrery","Sentinel","Oddly Smooth Stone","Energy Potion","Shrug It Off"],"campfire_rested":4,"item_purchase_floors":[5,5,5,14,14,25,25,29,29,36,54,54,54,54],"current_hp_per_floor":[68,68,68,68,68,75,72,72,72,75,75,58,67,67,75,35,65,52,52,49,49,40,49,61,61,61,57,47,47,60,53,75,24,62,75,75,75,66,66,68,75,75,75,75,75,75,75,75,75,64,43,67,75,75,75,67],"gold":44,"neow_bonus":"TWO_FIFTY_GOLD","is_daily":false,"chose_seed":false,"campfire_upgraded":3,"win_rate":0.0,"timestamp":1614283121,"path_taken":["M","?","M","M","$","E","?","$","T","R","M","E","R","$","R","BOSS","M","?","?","?","M","E","R","$","T","E","M","$","M","E","R","BOSS","M","$","M","?","?","E","?","E","T","?","M","R","M","E","R","BOSS","BOSS","R","$","E","BOSS"],"items_purchased_type":["Relic","Relic","Potion","Card","Potion","Relic","Relic","Relic","Card","Relic","Card","Relic","Potion","Card"],"build_version":"2020-12-22","purchased_purges":4,"victory":true,"max_hp_per_floor":[68,68,68,68,68,75,75,75,75,75,75,75,75,75,75,75,75,75,75,75,75,75,75,75,75,75,75,75,75,75,75,75,75,75,75,75,75,75,75,75,75,75,75,75,75,75,75,75,75,75,75,75,75,75,75,75],"relic_stats":{"Gremlin Horn":[21,23],"counters":[30,129],"Dead Branch":[356],"Eternal Feather":52,"PreservedInsect":139,"Bag of Preparation":[36],"Boot":[34],"Burning Blood":134,"Mercury Hourglass":[135],"Dream Catcher":2,"Mummified Hand":[28],"Pantograph":11,"obtain_stats":[{"Gremlin Horn":12,"Bag of Preparation":25,"Bottled Tornado":40,"Boot":23,"Burning Blood":0,"Dream Catcher":48,"Matryoshka":31,"Mummified Hand":55,"Strawberry":6,"Pantograph":27,"Fusion Hammer":17,"Runic Pyramid":34,"Paper Frog":39,"Dead Branch":29,"Oddly Smooth Stone":54,"Eternal Feather":5,"PreservedInsect":43,"Odd Mushroom":7,"Frozen Egg 2":25,"Mercury Hourglass":42,"Orrery":36,"Molten Egg 2":9,"Membership Card":5,"Toy Ornithopter":43,"Meat on the Bone":39},{"Gremlin Horn":7,"Bag of Preparation":12,"Bottled Tornado":21,"Boot":12,"Burning Blood":0,"Dream Catcher":26,"Matryoshka":16,"Mummified Hand":29,"Strawberry":4,"Pantograph":13,"Fusion Hammer":8,"Runic Pyramid":17,"Paper Frog":20,"Dead Branch":14,"Oddly Smooth Stone":28,"Eternal Feather":3,"PreservedInsect":23,"Odd Mushroom":5,"Frozen Egg 2":12,"Mercury Hourglass":23,"Orrery":18,"Molten Egg 2":5,"Membership Card":3,"Toy Ornithopter":23,"Meat on the Bone":20},{"Gremlin Horn":23,"Bag of Preparation":54,"Bottled Tornado":95,"Boot":54,"Burning Blood":0,"Dream Catcher":115,"Matryoshka":70,"Mummified Hand":124,"Strawberry":13,"Pantograph":58,"Fusion Hammer":37,"Runic Pyramid":79,"Paper Frog":90,"Dead Branch":62,"Oddly Smooth Stone":121,"Eternal Feather":10,"PreservedInsect":107,"Odd Mushroom":16,"Frozen Egg 2":54,"Mercury Hourglass":107,"Orrery":82,"Molten Egg 2":16,"Membership Card":10,"Toy Ornithopter":107,"Meat on the Bone":90}],"Toy Ornithopter":0,"Meat on the Bone":12},"card_choices":[{"not_picked":["Pummel","Body Slam"],"picked":"Heavy Blade","floor":1.0},{"not_picked":["Iron Wave","Dual Wield"],"picked":"Flex","floor":3.0},{"not_picked":["Thunderclap","Infernal Blade"],"picked":"Pummel","floor":4.0},{"not_picked":["Iron Wave","Entrench"],"picked":"Headbutt","floor":6.0},{"not_picked":["Twin Strike","Reckless Charge"],"picked":"Shrug It Off","floor":7.0},{"not_picked":["Clash+1","Power Through"],"picked":"Iron Wave+1","floor":11.0},{"not_picked":["Warcry","Body Slam+1"],"picked":"Shockwave","floor":12.0},{"not_picked":["Impervious","Barricade"],"picked":"Fiend Fire+1","floor":16.0},{"not_picked":["Shockwave","True Grit","Thunderclap+1"],"picked":"SKIP","floor":18.0},{"not_picked":["Bloodletting","True Grit","Sentinel"],"picked":"SKIP","floor":20.0},{"not_picked":["Clash+1","Anger+1"],"picked":"Shrug It Off","floor":22.0},{"not_picked":["Metallicize","Uppercut+1"],"picked":"Limit Break","floor":23.0},{"not_picked":["Rage","Iron Wave+1"],"picked":"Inflame+1","floor":27.0},{"not_picked":["Armaments","Reckless Charge+1","Cleave+1"],"picked":"SKIP","floor":28.0},{"not_picked":["Armaments","Pommel Strike+1"],"picked":"Dual Wield","floor":30.0},{"not_picked":["Uppercut+1","Clothesline+1"],"picked":"Seeing Red","floor":31.0},{"not_picked":["Double Tap","Impervious"],"picked":"Fiend Fire+1","floor":33.0},{"not_picked":["Clothesline+1","Thunderclap+1"],"picked":"Warcry","floor":35.0},{"not_picked":["Pummel+1","Intimidate"],"picked":"Disarm","floor":36.0},{"not_picked":["Anger+1","Warcry"],"picked":"Shrug It Off","floor":36.0},{"not_picked":["Flex","Headbutt+1","Warcry"],"picked":"SKIP","floor":37.0},{"not_picked":["Armaments","Fire Breathing+1"],"picked":"Entrench+1","floor":38.0},{"not_picked":["Havoc","Twin Strike+1","Body Slam+1"],"picked":"SKIP","floor":40.0},{"not_picked":["Cleave+1","Clothesline+1","Brutality+1"],"picked":"SKIP","floor":41.0},{"not_picked":["Clash+1","Evolve+1"],"picked":"Offering","floor":42.0},{"not_picked":["Bandage Up","The Bomb"],"picked":"Discovery","floor":44.0},{"not_picked":["Thunderclap+1","Carnage+1","Reckless Charge+1"],"picked":"SKIP","floor":45.0},{"not_picked":["Heavy Blade+1","Shrug It Off+1"],"picked":"Disarm","floor":47.0},{"not_picked":["Cleave+1","Burning Pact"],"picked":"Fiend Fire+1","floor":48.0},{"not_picked":["Dropkick+1","Iron Wave+1"],"picked":"Sentinel","floor":53},{"not_picked":["Rupture+1","Headbutt+1","True Grit"],"picked":"SKIP","floor":55}],"player_experience":1408634,"relics_obtained":[{"floor":6.0,"key":"Strawberry"},{"floor":7.0,"key":"Odd Mushroom"},{"floor":9.0,"key":"Molten Egg 2"},{"floor":12.0,"key":"Gremlin Horn"},{"floor":23.0,"key":"Boot"},{"floor":27.0,"key":"Pantograph"},{"floor":31.0,"key":"Matryoshka"},{"floor":39.0,"key":"Paper Frog"},{"floor":39.0,"key":"Meat on the Bone"},{"floor":40.0,"key":"Bottled Tornado"},{"floor":42.0,"key":"Mercury Hourglass"},{"floor":43.0,"key":"PreservedInsect"},{"floor":43.0,"key":"Toy Ornithopter"},{"floor":48.0,"key":"Dream Catcher"},{"floor":55,"key":"Mummified Hand"}],"event_choices":[{"damage_healed":0.0,"max_hp_gain":0.0,"max_hp_loss":0.0,"gold_gain":0.0,"event_name":"Shining Light","player_choice":"Ignored","floor":2.0,"gold_loss":0.0,"damage_taken":0.0},{"damage_healed":0.0,"max_hp_gain":0.0,"max_hp_loss":0.0,"gold_gain":0.0,"event_name":"Mushrooms","player_choice":"Fought Mushrooms","floor":7.0,"gold_loss":0.0,"damage_taken":0.0},{"damage_healed":0.0,"max_hp_gain":0.0,"max_hp_loss":0.0,"gold_gain":275.0,"event_name":"Golden Shrine","player_choice":"Desecrate","floor":19.0,"gold_loss":0.0,"damage_taken":0.0,"cards_obtained":["Regret"]},{"damage_healed":0.0,"max_hp_gain":0.0,"max_hp_loss":0.0,"gold_gain":0.0,"event_name":"Lab","player_choice":"Got Potions","floor":21.0,"gold_loss":0.0,"damage_taken":0.0},{"damage_healed":0.0,"max_hp_gain":0.0,"max_hp_loss":0.0,"gold_gain":0.0,"event_name":"SensoryStone","player_choice":"Memory 1","floor":44.0,"gold_loss":0.0,"damage_taken":0.0}],"is_beta":false,"boss_relics":[{"not_picked":["Calling Bell","Velvet Choker"],"picked":"Fusion Hammer"},{"not_picked":["Black Star","SlaversCollar"],"picked":"Runic Pyramid"}],"items_purged_floors":[5,8,25,36],"is_endless":false,"potions_floor_spawned":[3,7,11,22,23,27,28,30,31,35,40,42,47,55],"ascension_level":20}}