{"host":"z8uivwf40jrpk7h3","time":1614275613,"event":{"mods":["BaseMod","Lobotomy","Minty Spire (QoL Compilation)","Replay The Spire","StSLib"],"gold_per_floor":[113,63,63,75,75,75,102,27,53,383,383,383,126,141,141,246,246,265,51,62,62,74,109,49,74,74,104,104,104],"floor_reached":28,"language":"ZHS","playtime":788,"items_purged":["Strike_P","Defend_P","Strike_P"],"score":377,"play_id":"586f9764-72a0-4460-ae3b-9658a4807772","local_time":"20210226015333","is_ascension_mode":true,"campfire_choices":[{"data":"Eruption","floor":6,"key":"SMITH"},{"data":"Halt","floor":12,"key":"SMITH"},{"data":"Wallop","floor":15,"key":"SMITH"}],"circlet_count":0,"master_deck":["Strike_P+1","Strike_P+1","Defend_P","Defend_P","Eruption+1","Vigilance","Halt+1","UniverseFragment","CarveReality","Scorched","Wellcheers","Wallop+1","Mercenary","AbeCurse","QueenBee","Necronomicurse","BigBird"],"relics":["PureWater","CogitoBucket","RabbitCall","Bag of Preparation","Pet Ghost","Old Coin","Juzu Bracelet","Happy Flower","BackwardClock","Abe\u0027s Treasure","Membership Card","Necronomicon","Iron Hammer","Tiny Chest","InkBottle","Toxic Egg 2"],"acts_visited":["Exordium","TheCity"],"potions_floor_usage":[],"damage_taken":[{"damage":2,"enemies":"Small Slimes","floor":1,"turns":3},{"damage":3,"enemies":"Jaw Worm","floor":4,"turns":3},{"damage":1,"enemies":"2 Louse","floor":5,"turns":3},{"damage":26,"enemies":"Lagavulin","floor":7,"turns":4},{"damage":0,"enemies":"Gremlin Nob","floor":10,"turns":2},{"damage":4,"enemies":"Exordium Wildlife","floor":14,"turns":3},{"damage":18,"enemies":"The Guardian","floor":16,"turns":5},{"damage":0,"enemies":"Shell Parasite","floor":18,"turns":1},{"damage":0,"enemies":"Chosen","floor":20,"turns":2},{"damage":0,"enemies":"Snake Plant","floor":22,"turns":3},{"damage":0,"enemies":"Gremlin Leader","floor":23,"turns":2},{"damage":0,"enemies":"Book of Stabbing","floor":25,"turns":2},{"damage":6,"enemies":"Gremlin Leader","floor":27,"turns":3},{"damage":72,"enemies":"Centurion and Healer","floor":28,"turns":4}],"seed_played":"-3128292232632823526","potions_obtained":[{"floor":7,"key":"SkillPotion"},{"floor":10,"key":"FearPotion"},{"floor":16,"key":"AttackPotion"}],"is_trial":false,"path_per_floor":["M","?","?","M","M","R","E","$","T","E","T","R","$","M","R","B",null,"M","$","M","?","M","E","?","E","T","E","M"],"character_chosen":"WATCHER","items_purchased":["Happy Flower","Membership Card"],"campfire_rested":0,"item_purchase_floors":[13,19],"current_hp_per_floor":[70,70,56,53,52,52,26,26,26,26,26,26,26,22,22,7,72,72,72,72,56,56,56,56,56,56,50,0,0],"gold":104,"neow_bonus":"","is_daily":false,"chose_seed":false,"campfire_upgraded":3,"win_rate":0.0,"timestamp":1614275613,"path_taken":["M","?","?","M","M","R","E","?","T","E","?","R","?","M","R","BOSS","M","$","M","?","M","E","?","E","T","E","M"],"items_purchased_type":["Relic","Relic"],"build_version":"2020-12-22","purchased_purges":3,"victory":false,"max_hp_per_floor":[72,72,72,72,72,72,72,72,72,72,72,72,72,72,72,72,72,72,72,72,72,72,72,72,72,72,72,72,72],"card_choices":[{"not_picked":["MentalFortress","JustLucky"],"picked":"Halt","floor":1},{"not_picked":["SandsOfTime","EmptyBody","JustLucky"],"picked":"SKIP","floor":4},{"not_picked":["Replay:DivineShield","CrushJoints","Scrawl"],"picked":"SKIP","floor":5},{"not_picked":["CherryBlossoms","SnowQueen"],"picked":"UniverseFragment","floor":7},{"not_picked":["Evaluate","Devotion"],"picked":"CarveReality","floor":7},{"not_picked":["MHz","VoidDream"],"picked":"Scorched","floor":10},{"not_picked":["Meditate","WindmillStrike","Halt"],"picked":"SKIP","floor":10},{"not_picked":["Bloodbath","Yin"],"picked":"Wellcheers","floor":14},{"not_picked":["Brilliance","Replay:Hum"],"picked":"Wallop","floor":14},{"not_picked":["FieryBird","BlueStar"],"picked":"Mercenary","floor":16},{"not_picked":["FlyingSleeves+1","CutThroughFate","Replay:BluntJabs"],"picked":"SKIP","floor":18},{"not_picked":["Porccubus","QueenOfHatred"],"picked":"QueenBee","floor":20},{"not_picked":["Swivel","Adaptation+1","EmptyMind"],"picked":"SKIP","floor":20},{"not_picked":["WheelKick","BattleHymn","FlyingSleeves"],"picked":"SKIP","floor":22},{"not_picked":["WheelKick","BattleHymn","FlyingSleeves"],"picked":"SKIP","floor":22},{"not_picked":["Porccubus","MeatLantern"],"picked":"BigBird","floor":23},{"not_picked":["Alpha","FollowUp","DeusExMachina"],"picked":"SKIP","floor":23},{"not_picked":["WheelKick+1","Crescendo+1","Protect"],"picked":"SKIP","floor":25},{"not_picked":["Study","ThirdEye+1","Replay:AtTheReady+1"],"picked":"SKIP","floor":27}],"player_experience":110567,"relics_obtained":[{"floor":7,"key":"Bag of Preparation"},{"floor":9,"key":"Pet Ghost"},{"floor":10,"key":"Old Coin"},{"floor":11,"key":"Juzu Bracelet"},{"floor":21,"key":"Necronomicon"},{"floor":23,"key":"Iron Hammer"},{"floor":25,"key":"Tiny Chest"},{"floor":26,"key":"InkBottle"},{"floor":27,"key":"Toxic Egg 2"}],"event_choices":[{"cards_removed":["Defend_P"],"damage_healed":0,"gold_gain":0,"player_choice":"Card Removal","damage_taken":0,"max_hp_gain":0,"max_hp_loss":0,"event_name":"The Cleric","floor":2,"gold_loss":50},{"damage_healed":0,"gold_gain":0,"player_choice":"Entered Light","damage_taken":14,"max_hp_gain":0,"max_hp_loss":0,"event_name":"Shining Light","floor":3,"gold_loss":0,"cards_upgraded":["Strike_P","Strike_P"]},{"damage_healed":0,"gold_gain":0,"player_choice":"Obtained Book","damage_taken":16,"max_hp_gain":0,"max_hp_loss":0,"event_name":"Cursed Tome","floor":21,"gold_loss":0}],"is_beta":false,"boss_relics":[{"not_picked":["VioletLotus","Runic Dome"],"picked":"Abe\u0027s Treasure"}],"items_purged_floors":[8,13,19],"is_endless":false,"potions_floor_spawned":[7,10,16,22,23,27],"killed_by":"Centurion and Healer","ascension_level":1}}