{"host":"13o02hya6v6rzuva","time":1614249713,"event":{"mods":["BaseMod","Minty Spire (QoL Compilation)","Relic Stats"],"gold_per_floor":[119,79,91,91,102,102,133,208,208,208,222,286,461,471,471,572,572,585,599,612,345,361,361,361,361],"floor_reached":24,"language":"ENG","playtime":584,"items_purged":["Doubt"],"score":317,"play_id":"00a90bfb-d26a-4fdd-8d1b-c14a85a4e39a","local_time":"20210225114153","is_ascension_mode":true,"campfire_choices":[{"data":"Electrodynamics","floor":6,"key":"SMITH"},{"data":"Zap","floor":10,"key":"SMITH"},{"floor":15,"key":"REST"},{"floor":23,"key":"REST"}],"circlet_count":0,"master_deck":["AscendersBane","Strike_B","Strike_B","Strike_B","Defend_B","Defend_B","Defend_B","Defend_B","Zap+1","Dualcast","Chill","Conserve Battery","Electrodynamics+1","Ball Lightning","Melter","Electrodynamics","Ball Lightning+1","Echo Form","Reinforced Body","Go for the Eyes+1","Reinforced Body","Loop","Cold Snap+1"],"relics":["Cracked Core","NeowsBlessing","StrikeDummy","Molten Egg 2","Inserter","Potion Belt"],"acts_visited":["Exordium","TheCity"],"potions_floor_usage":[16,16,18,24],"damage_taken":[{"damage":0,"enemies":"Jaw Worm","floor":1,"turns":1},{"damage":0,"enemies":"Small Slimes","floor":3,"turns":1},{"damage":0,"enemies":"2 Louse","floor":5,"turns":1},{"damage":23,"enemies":"Lagavulin","floor":7,"turns":7},{"damage":7,"enemies":"Red Slaver","floor":11,"turns":3},{"damage":10,"enemies":"Exordium Wildlife","floor":14,"turns":2},{"damage":29,"enemies":"Hexaghost","floor":16,"turns":10},{"damage":29,"enemies":"Shell Parasite","floor":18,"turns":5},{"damage":0,"enemies":"3 Byrds","floor":19,"turns":2},{"damage":7,"enemies":"Cultist and Chosen","floor":20,"turns":5},{"damage":19,"enemies":"Centurion and Healer","floor":22,"turns":3},{"damage":54,"enemies":"Gremlin Leader","floor":24,"turns":4}],"seed_played":"3493088768976762355","potions_obtained":[{"floor":7,"key":"Dexterity Potion"},{"floor":14,"key":"Weak Potion"},{"floor":16,"key":"AttackPotion"},{"floor":18,"key":"FairyPotion"},{"floor":22,"key":"EssenceOfSteel"}],"is_trial":false,"path_per_floor":["M","$","M","?","M","R","E","?","T","R","M","?","?","M","R","B",null,"M","M","M","$","M","R","E"],"character_chosen":"DEFECT","items_purchased":["Chill","Loop","Potion Belt"],"campfire_rested":2,"item_purchase_floors":[2,21,21],"current_hp_per_floor":[68,68,68,68,68,68,45,34,34,34,27,27,27,17,39,10,59,30,30,23,23,4,26,0,0],"gold":361,"neow_bonus":"THREE_ENEMY_KILL","is_daily":false,"chose_seed":false,"campfire_upgraded":2,"win_rate":0.0,"timestamp":1614249713,"path_taken":["M","$","M","?","M","R","E","?","T","R","M","?","?","?","R","BOSS","M","M","M","$","M","R","E"],"items_purchased_type":["Card","Card","Relic"],"build_version":"2020-12-22","purchased_purges":1,"victory":false,"max_hp_per_floor":[75,75,75,75,75,75,75,75,75,75,75,75,75,75,75,75,75,75,75,75,75,75,75,75,75],"relic_stats":{"Inserter":[9],"counters":[12,44],"obtain_stats":[{"Potion Belt":21,"Inserter":17,"NeowsBlessing":0,"Molten Egg 2":9,"Cracked Core":0,"StrikeDummy":7},{"Potion Belt":10,"Inserter":7,"NeowsBlessing":0,"Molten Egg 2":4,"Cracked Core":0,"StrikeDummy":4},{"Potion Belt":37,"Inserter":25,"NeowsBlessing":0,"Molten Egg 2":10,"Cracked Core":0,"StrikeDummy":10}]},"card_choices":[{"not_picked":["Beam Cell","Steam","Gash"],"picked":"SKIP","floor":1},{"not_picked":["Compile Driver","Beam Cell"],"picked":"Conserve Battery","floor":3},{"not_picked":["Storm","White Noise"],"picked":"Ball Lightning","floor":5},{"not_picked":["Reprogram","Beam Cell"],"picked":"Melter","floor":7},{"not_picked":["Ball Lightning+1","Beam Cell+1"],"picked":"Electrodynamics","floor":11},{"not_picked":["Chaos","Steam"],"picked":"Ball Lightning+1","floor":14},{"not_picked":["Creative AI","Reboot"],"picked":"Echo Form","floor":16},{"not_picked":["Gash+1","Heatsinks+1"],"picked":"Reinforced Body","floor":18},{"not_picked":["Cold Snap+1","Beam Cell+1"],"picked":"Go for the Eyes+1","floor":19},{"not_picked":["Streamline+1","Beam Cell+1"],"picked":"Reinforced Body","floor":20},{"not_picked":["Sweeping Beam+1","Recycle"],"picked":"Cold Snap+1","floor":22}],"player_experience":1271899,"relics_obtained":[{"floor":7,"key":"StrikeDummy"},{"floor":9,"key":"Molten Egg 2"}],"event_choices":[{"damage_healed":0,"gold_gain":0,"cards_transformed":["Strike_B"],"player_choice":"Change","damage_taken":0,"max_hp_gain":0,"max_hp_loss":0,"event_name":"Living Wall","floor":4,"gold_loss":0,"cards_obtained":["Electrodynamics"]},{"damage_healed":0,"gold_gain":75,"player_choice":"Gather Gold","damage_taken":11,"max_hp_gain":0,"max_hp_loss":0,"event_name":"World of Goop","floor":8,"gold_loss":0},{"damage_healed":0,"gold_gain":64,"player_choice":"Gained Gold","damage_taken":0,"max_hp_gain":0,"max_hp_loss":0,"event_name":"Golden Wing","floor":12,"gold_loss":0},{"damage_healed":0,"gold_gain":175,"player_choice":"AGREE","damage_taken":0,"max_hp_gain":0,"max_hp_loss":0,"event_name":"Liars Game","floor":13,"gold_loss":0,"cards_obtained":["Doubt"]}],"is_beta":false,"boss_relics":[{"not_picked":["Black Star","SlaversCollar"],"picked":"Inserter"}],"items_purged_floors":[21],"is_endless":false,"potions_floor_spawned":[7,14,16,18,22],"killed_by":"Gremlin Leader","ascension_level":12}}