{"host":"edm4685et2490z3f","time":1614244872,"event":{"mods":["BaseMod","Colored Map","Colored Powertips","Downfall","Marisa£®ÏF”Í°°ƒß¿Ì…≥£©","Minty Spire (QoL Compilation)","Replay The Spire","Shop Mod","StSLib","The Administrix","The Servant 0.9.4","UnlockEverythingMod","[IsaacMod]“‘»ˆº‚À˛"],"gold_per_floor":[118,118,218,218,237,237,269,288,288,288,363,30,58,68,68,163,163,163,163],"floor_reached":18,"language":"ZHS","playtime":908,"items_purged":[],"score":193,"play_id":"ad4af5de-2802-4932-878b-b2cd604762f1","local_time":"20210225172112","is_ascension_mode":false,"campfire_choices":[{"data":"UpSweep","floor":6,"key":"SMITH"},{"data":"EarthLightRay","floor":10,"key":"SMITH"},{"data":"Sunder","floor":15,"key":"SMITH"}],"circlet_count":0,"master_deck":["Strike_MRS","Strike_MRS","Strike_MRS","Strike_MRS","Defend_MRS","Defend_MRS","Defend_MRS","Defend_MRS+1","MasterSpark","UpSweep+1","DoctorFetus","MysteriousBeam","NonDirectionalLaser","Sunder+1","PulseMagic","EarthLightRay+1","Violence","EventHorizon","LuminesStrike","Rainbow"],"relics":["HushsDoor","NeowsBlessing","m_SpellCore","YumHeart","Bird Faced Urn","FossilizedHelix","MerchantsRug","Unceasing Top","Replay:Grab Bag","ChampionBelt","GuppysTail"],"acts_visited":["Exordium","TheCity"],"potions_floor_usage":[16,18],"damage_taken":[{"damage":0,"enemies":"Small Slimes","floor":1,"turns":1},{"damage":0,"enemies":"Jaw Worm","floor":5,"turns":1},{"damage":0,"enemies":"Gremlin Nob","floor":7,"turns":1},{"damage":6,"enemies":"Cultist","floor":8,"turns":3},{"damage":28,"enemies":"3 Sentries","floor":13,"turns":5},{"damage":0,"enemies":"Exordium Wildlife","floor":14,"turns":3},{"damage":31,"enemies":"Fading Forest","floor":16,"turns":11},{"damage":85,"enemies":"Slavers","floor":18,"turns":3}],"seed_played":"4715938037907820886","potions_obtained":[{"floor":7,"key":"BlessingOfTheForge"},{"floor":8,"key":"champ:CounterPotion"},{"floor":16,"key":"SteroidPotion"}],"is_trial":false,"path_per_floor":["M","?","?","?","M","R","E","M","T","R","?","$","E","M","R","B",null,"M"],"character_chosen":"MARISA","items_purchased":["MerchantsRug","Violence","GuppysTail"],"campfire_rested":0,"item_purchase_floors":[12,12,17],"current_hp_per_floor":[75,75,75,75,75,75,75,69,69,69,58,58,36,63,63,52,62,0,0],"gold":163,"neow_bonus":"THREE_ENEMY_KILL","is_daily":false,"chose_seed":false,"campfire_upgraded":3,"win_rate":0.0,"timestamp":1614244872,"path_taken":["M","?","?","?","?","R","E","M","T","R","?","$","E","M","R","BOSS","M"],"items_purchased_type":["Relic","Card","Relic"],"build_version":"2020-12-22","purchased_purges":0,"victory":false,"max_hp_per_floor":[75,75,75,75,75,75,75,75,75,75,75,75,75,75,75,75,65,65,65],"card_choices":[{"not_picked":[],"picked":"DoctorFetus","floor":0},{"not_picked":["EnergyRecoil","DC"],"picked":"MysteriousBeam","floor":1},{"not_picked":["WitchOfGreed","MagicAbsorber"],"picked":"NonDirectionalLaser","floor":3},{"not_picked":["MysteriousBeam","DragonMeteor"],"picked":"Sunder","floor":5},{"not_picked":["StarDustReverie","EnergyRecoil"],"picked":"PulseMagic","floor":7},{"not_picked":["MachineGunSpark","GravityBeat"],"picked":"EarthLightRay","floor":8},{"not_picked":["MysteriousBeam","UnstableBomb"],"picked":"EventHorizon","floor":13},{"not_picked":["ShootingEcho","MilkyWay"],"picked":"LuminesStrike","floor":14},{"not_picked":["ReplayRNGCard","UltimateShortwave"],"picked":"Rainbow","floor":16}],"player_experience":51644,"relics_obtained":[{"floor":7,"key":"Bird Faced Urn"},{"floor":9,"key":"FossilizedHelix"},{"floor":13,"key":"Unceasing Top"}],"event_choices":[{"damage_healed":0,"gold_gain":75,"player_choice":"Gather Gold","damage_taken":11,"max_hp_gain":0,"max_hp_loss":0,"event_name":"World of Goop","floor":11,"gold_loss":0}],"is_beta":false,"boss_relics":[{"not_picked":["Black Star","Runic Dome"],"picked":"Replay:Grab Bag"},{"not_picked":["SlaversCollar","Coffee Dripper"],"picked":"ChampionBelt"},{"not_picked":[]}],"items_purged_floors":[],"is_endless":false,"potions_floor_spawned":[7,8,16],"killed_by":"Slavers","ascension_level":20}}