{"host":"312klq0911jlgvh2","time":1614279929,"event":{"mods":["100% Spire Juice","2.2 Compatiblity","AchievementEnabler","Act Like it!","Ascension Unlocker","Aspiration","Astrologer","Aya Shameimaru","BaseMod","Beaked The Cultist","Block Reminder","CapriCore","Chen","Clockwork Mod","Colored Powertips","Conspire","Custom Start","Downfall","Energized Spire","Evolution","Friendly Minions","Gensokyo","GifTheSpireLib","Gold Saver","GungeonMod","Halation","Hermit","HololiveMod","Hubris","Infinite Spire","Jedi Mod","Koishi","Library of Ruina","Library of Ruina Extra","Marisa????????","Mimic Mod","Minty Spire (QoL Compilation)","Prisma Mod","Random Character Button","Reimu??????","Relic Sorter","Reliquary","Remilia??????","Replay The Spire","Retaliation","Ruina","RumiaBox-????????","Spikes Relics","StS++","StSLib","Stuff the Spire","Synergy Search","The Animator","The Blue Laboratory","The Bug Knight","The Poker Player","TheVacant","Trackpad","Uncapped","UnlockEverythingMod","yUi"],"gold_per_floor":[3167,2745,2745,2820,2820,2820,2820],"floor_reached":6,"language":"ENG","playtime":263,"items_purged":["shameimaru:Strike"],"score":34,"play_id":"9e677a79-5a17-4454-aa28-c6d5252cf8f7","local_time":"20210225140529","is_ascension_mode":true,"campfire_choices":[],"circlet_count":0,"master_deck":["shameimaru:Strike","shameimaru:Strike+1","shameimaru:Strike","shameimaru:Defend","shameimaru:Defend","shameimaru:Defend+1","shameimaru:Defend","shameimaru:PlayfulTaunt","shameimaru:SnapshotStrike","shameimaru:Galeforce","shameimaru:InvertedColours","shameimaru:LoadedStatement+1","shameimaru:IntertwinedWinds"],"relics":["shameimaru:blackbirdfeather","EVO:Axolotl","aspiration:Nostalgia","hermit:Momento","PageOfPorccubus","StSpp:TwinEgg"],"acts_visited":["Exordium"],"potions_floor_usage":[],"damage_taken":[{"damage":0,"enemies":"Small Slimes","floor":1,"turns":4},{"damage":0,"enemies":"Replay:BlueRogue","floor":6,"turns":3}],"seed_played":"-6068275140179199860","potions_obtained":[],"is_trial":false,"path_per_floor":["M","$","?","?","T","E"],"character_chosen":"AYA","items_purchased":["shameimaru:InvertedColours","shameimaru:LoadedStatement+1","PageOfPorccubus","shameimaru:IntertwinedWinds"],"campfire_rested":0,"item_purchase_floors":[2,2,2,2],"current_hp_per_floor":[80,80,64,55,55,55,55],"gold":2820,"neow_bonus":"NOSTALGIA","is_daily":false,"chose_seed":false,"campfire_upgraded":0,"win_rate":0.0,"timestamp":1614279929,"path_taken":["M","$","?","?","?","E"],"items_purchased_type":["Card","Card","Relic","Card"],"build_version":"2020-12-22","purchased_purges":1,"victory":false,"max_hp_per_floor":[80,80,80,80,80,80,80],"card_choices":[{"not_picked":["shameimaru:GustFan","shameimaru:WidespreadPropaganda"],"picked":"shameimaru:Galeforce","floor":1}],"player_experience":572845,"relics_obtained":[{"floor":5,"key":"StSpp:TwinEgg"}],"event_choices":[{"damage_healed":0,"gold_gain":0,"player_choice":"Entered Light","damage_taken":16,"max_hp_gain":0,"max_hp_loss":0,"event_name":"Shining Light","floor":3,"gold_loss":0,"cards_upgraded":["shameimaru:Defend","shameimaru:Strike"]},{"damage_healed":0,"gold_gain":75,"player_choice":"Gather Gold","damage_taken":11,"max_hp_gain":0,"max_hp_loss":0,"event_name":"World of Goop","floor":4,"gold_loss":0}],"is_beta":false,"boss_relics":[],"items_purged_floors":[2],"is_endless":false,"potions_floor_spawned":[],"killed_by":"Replay:BlueRogue","ascension_level":1}}