{"host":"jgl9m63d23sfproq","time":1614233832,"event":{"mods":["AchievementEnabler","Act Like it!","Aspiration","Bard","BaseMod","Bossed Relics","Colored Map","Colored Powertips","Conspire","Dark Map","DeckTracker","Downfall","Friendly Minions","Gensokyo","Jedi Mod","Marisa¡]Ãú«B¡@Å]²z¨F¡^","Minty Spire (QoL Compilation)","Quick Restart","READ ME - Guardian Mod","Reliquary","Replay The Spire","Shop Mod","Smile Girya","StSLib","The Blackbeard","The Construct","The Jungle","The Mystic","The Runesmith","The Servant 0.9.4","Wide Potions","Yuyuko","[IsaacMod]¥H¼»¦y¶ð"],"gold_per_floor":[109,126,126,126,126,422,422,569,596,596,88,147,161,274,274,375,375,419,433,383,168,178,261,261,261,321,321,321,374,399,417,462,377,377,505,505,524,524,537,548,598,598,373,373,397,408,408,425,440,454,454,454,454],"floor_reached":52,"language":"ZHS","playtime":2296,"items_purged":["Strike_G","Strike_G"],"score":607,"play_id":"346e692b-2c81-469b-b92d-6002b0c493cf","local_time":"20210225141712","is_ascension_mode":false,"campfire_choices":[{"floor":7,"key":"REST"},{"floor":15,"key":"DIG"},{"floor":27,"key":"REST"},{"floor":34,"key":"REST"},{"floor":42,"key":"REST"},{"floor":44,"key":"REST"},{"floor":51,"key":"REST"}],"circlet_count":0,"master_deck":["Strike_G+1","Defend_G+1","Defend_G","Defend_G","Defend_G+1","Defend_G","Survivor","Neutralize+1","BettingIsNotGood+1","Blade Dance+1","Prepared","Footwork+1","ReplayTheSpireMod:Speed Training","ReplayTheSpireMod:Speed Training+1","Finisher+1","ReplayTheSpireMod:Speed Training","jedi:studypoison+1","PiercingWail+1","Replay:Poison Smokescreen+1","Noxious Fumes","Venomology+1","jedi:collectorvenom","Noxious Fumes","Calculated Gamble","Blade Dance+1","Accuracy","Infinite Blades","Writhe","Parasite"],"relics":["Ring of the Serpent","HushsDoor","KeepersGift","NeowsBlessing","Meat on the Bone","Guide Book","War Paint","Letter Opener","BloodBag","Bag of Marbles","Gremlin Food","reliquary:KillPill","GuppysPaw","Ninja Scroll","Red Mask","reliquary:Boomerang","Shuriken","conspire:SpecialSausage","BookofShadows","Whetstone","Dream Catcher","Bag of Preparation"],"acts_visited":["Exordium","TheCity","TheBeyond"],"potions_floor_usage":[12,12,14,19,23,26,26,30,30,31,31,31,35,39,40,40,41,46,48,50],"damage_taken":[{"damage":0,"enemies":"Cultist","floor":1,"turns":1},{"damage":0,"enemies":"2 Louse","floor":2,"turns":1},{"damage":0,"enemies":"Gremlin Nob","floor":6,"turns":1},{"damage":0,"enemies":"Jaw Worm","floor":8,"turns":2},{"damage":0,"enemies":"3 Sentries","floor":12,"turns":3},{"damage":1,"enemies":"3 Louse","floor":13,"turns":2},{"damage":22,"enemies":"Lagavulin","floor":14,"turns":8},{"damage":47,"enemies":"Slime Boss","floor":16,"turns":11},{"damage":33,"enemies":"3 Byrds","floor":18,"turns":5},{"damage":0,"enemies":"2 Thieves","floor":19,"turns":1},{"damage":0,"enemies":"Centurion and Healer","floor":22,"turns":6},{"damage":14,"enemies":"conspire:Head Lice","floor":23,"turns":6},{"damage":30,"enemies":"Replay:Snechameleon","floor":26,"turns":6},{"damage":30,"enemies":"Masked Bandits","floor":29,"turns":4},{"damage":9,"enemies":"Gremlin Leader","floor":30,"turns":5},{"damage":27,"enemies":"Snake Plant","floor":31,"turns":3},{"damage":13,"enemies":"conspire:HollyBat","floor":32,"turns":6},{"damage":36,"enemies":"conspire:MysteriousRune","floor":35,"turns":5},{"damage":34,"enemies":"3 Darklings","floor":37,"turns":3},{"damage":11,"enemies":"Orb Walker","floor":39,"turns":2},{"damage":22,"enemies":"Spire Growth","floor":40,"turns":4},{"damage":0,"enemies":"Hiden Room Battle","floor":41,"turns":1},{"damage":12,"enemies":"Transient","floor":46,"turns":5},{"damage":7,"enemies":"Jaw Worm Horde","floor":48,"turns":2},{"damage":22,"enemies":"Writhing Mass","floor":49,"turns":3},{"damage":36,"enemies":"Sphere and 2 Shapes","floor":50,"turns":4},{"damage":66,"enemies":"Awakened One","floor":52,"turns":5}],"seed_played":"-8751728770763939754","potions_obtained":[{"floor":6,"key":"Explosive Potion"},{"floor":8,"key":"Milkshake"},{"floor":12,"key":"SteroidPotion"},{"floor":14,"key":"Dexterity Potion"},{"floor":18,"key":"Swift Potion"},{"floor":29,"key":"BlessingOfTheForge"},{"floor":30,"key":"CunningPotion"},{"floor":37,"key":"Weak Potion"},{"floor":39,"key":"Explosive Potion"},{"floor":41,"key":"GamblersBrew"},{"floor":46,"key":"Fire Potion"},{"floor":49,"key":"DuplicationPotion"}],"is_trial":false,"path_per_floor":["M","M","?","?","?","E","R","M","T","?","$","E","M","E","R_BF","B",null,"M","M","?","$","M","E","PTL","PTL","E","R","T","?","E","M","M","?","R","B",null,"M","?","M","M","?","R","$","R","T","M","?","M","M","M","R","B"],"character_chosen":"THE_SILENT","items_purchased":["Footwork","ReplayTheSpireMod:Speed Training","Guide Book","War Paint","Noxious Fumes","DistilledChaos","Infinite Blades","Dream Catcher"],"campfire_rested":6,"item_purchase_floors":[11,11,11,11,21,21,43,43],"current_hp_per_floor":[70,70,63,45,30,1,22,20,20,20,20,30,41,46,46,31,77,54,54,54,54,64,50,50,50,32,55,55,37,40,25,24,24,47,23,77,43,43,44,34,31,54,54,77,77,65,77,77,55,31,54,0,0],"gold":454,"neow_bonus":"THREE_ENEMY_KILL","is_daily":false,"chose_seed":false,"campfire_upgraded":0,"win_rate":0.0,"timestamp":1614233832,"path_taken":["M","M","?","?","?","E","R","?","T","?","$","E","M","E","R_BF","BOSS","M","M","?","$","M","E","PTL","PTL","E","R","T","?","E","M","?","?","R","BOSS","M","?","M","M","?","R","$","R","T","M","?","M","?","M","R","BOSS"],"items_purchased_type":["Card","Card","Relic","Relic","Card","Potion","Card","Relic"],"build_version":"2020-12-22","purchased_purges":2,"victory":false,"max_hp_per_floor":[70,70,70,70,70,70,70,70,70,70,70,70,70,77,77,77,77,77,77,77,77,77,77,77,77,77,77,77,77,77,77,77,77,77,77,77,77,77,77,77,77,77,77,77,77,77,77,77,77,77,77,77,77],"card_choices":[{"not_picked":[],"picked":"BettingIsNotGood","floor":0},{"not_picked":["Dodge and Roll","Draining Mist"],"picked":"Blade Dance","floor":1},{"not_picked":["Toxin Wave","Flying Knee","Choke"],"picked":"SKIP","floor":2},{"not_picked":["Wraith Form v2","Acrobatics"],"picked":"Prepared","floor":6},{"not_picked":["Sucker Punch","Deadly Poison","Bane"],"picked":"SKIP","floor":8},{"not_picked":["Cloak And Dagger","Backflip"],"picked":"Finisher","floor":12},{"not_picked":["Poisoned Stab","Deadly Poison"],"picked":"ReplayTheSpireMod:Speed Training","floor":13},{"not_picked":["Quick Slash","conspire:PoisonWeapons"],"picked":"Bomb","floor":14},{"not_picked":["Tools of the Trade","jedi:rejectivetoxin"],"picked":"jedi:studypoison","floor":16},{"not_picked":["Leg Sweep","Acrobatics+1"],"picked":"PiercingWail+1","floor":18},{"not_picked":["Choke","Slice"],"picked":"Replay:Poison Smokescreen+1","floor":19},{"not_picked":["PiercingWail","Reflex","Setup"],"picked":"SKIP","floor":22},{"not_picked":["Hidden Blade+1","Reflex"],"picked":"Venomology","floor":23},{"not_picked":["Predator+1","Deflect+1"],"picked":"jedi:collectorvenom","floor":26},{"not_picked":["jedi:pocketpoison","ReplayTheSpireMod:Tripwire"],"picked":"Noxious Fumes","floor":29},{"not_picked":["ReplayTheSpireMod:The Works","PiercingWail"],"picked":"Calculated Gamble","floor":30},{"not_picked":["Prepared+1","Finisher"],"picked":"jedi:collectorvenom","floor":31},{"not_picked":["Flying Knee","Sucker Punch+1"],"picked":"jedi:collectorvenom","floor":32},{"not_picked":["Burst","Wraith Form v2"],"picked":"jedi:collectorvenom","floor":35},{"not_picked":["jedi:acidrain+1","Prepared"],"picked":"jedi:collectorvenom","floor":37},{"not_picked":["jedi:pocketpoison+1","Deflect+1"],"picked":"Blade Dance+1","floor":39},{"not_picked":["Backflip","Catalyst+1"],"picked":"Accuracy","floor":40},{"not_picked":["Hidden Blade+1","Flying Knee+1"],"picked":"jedi:collectorvenom","floor":41},{"not_picked":["jedi:collectorvenom","Heel Hook+1"],"picked":"jedi:collectorvenom","floor":44},{"not_picked":["Heel Hook+1","Toxin Wave"],"picked":"jedi:collectorvenom","floor":46},{"not_picked":["PiercingWail","Deadly Poison+1"],"picked":"jedi:collectorvenom","floor":48},{"not_picked":["PiercingWail","Unload"],"picked":"jedi:collectorvenom","floor":49},{"not_picked":["Dagger Spray+1","Underhanded Strike+1"],"picked":"jedi:collectorvenom","floor":50},{"not_picked":["jedi:pocketpoison","Blade Dance"],"picked":"jedi:collectorvenom","floor":51}],"player_experience":67066,"relics_obtained":[{"floor":6,"key":"BloodDonationMachine"},{"floor":12,"key":"Letter Opener"},{"floor":14,"key":"Bag of Marbles"},{"floor":15,"key":"Gremlin Food"},{"floor":23,"key":"reliquary:KillPill"},{"floor":26,"key":"GuppysPaw"},{"floor":28,"key":"Ninja Scroll"},{"floor":29,"key":"Red Mask"},{"floor":30,"key":"reliquary:Boomerang"},{"floor":41,"key":"BookofShadows"},{"floor":41,"key":"Whetstone"},{"floor":45,"key":"Bag of Preparation"}],"event_choices":[{"cards_removed":["Strike_G"],"damage_healed":0,"gold_gain":0,"player_choice":"Card Removal","damage_taken":7,"max_hp_gain":0,"max_hp_loss":0,"event_name":"Golden Wing","floor":3,"gold_loss":0},{"damage_healed":0,"gold_gain":0,"player_choice":"Success","damage_taken":18,"relics_obtained":["Meat on the Bone"],"max_hp_gain":0,"max_hp_loss":0,"event_name":"Scrap Ooze","floor":4,"gold_loss":0},{"damage_healed":0,"gold_gain":0,"player_choice":"Got Potions","damage_taken":0,"max_hp_gain":0,"max_hp_loss":0,"event_name":"Lab","floor":10,"gold_loss":0},{"damage_healed":0,"gold_gain":0,"player_choice":"Bet on Owner","damage_taken":0,"max_hp_gain":0,"max_hp_loss":0,"event_name":"The Joust","floor":20,"gold_loss":50},{"damage_healed":0,"gold_gain":0,"player_choice":"Fought Bandits","damage_taken":0,"max_hp_gain":0,"max_hp_loss":0,"event_name":"Masked Bandits","floor":29,"gold_loss":0},{"damage_healed":0,"gold_gain":0,"player_choice":"Obtained Relic","damage_taken":0,"relics_obtained":["Shuriken"],"max_hp_gain":0,"max_hp_loss":0,"event_name":"Addict","floor":33,"gold_loss":85},{"cards_removed":["Strike_G"],"damage_healed":0,"gold_gain":0,"player_choice":"Offered Basic","damage_taken":0,"max_hp_gain":0,"max_hp_loss":0,"event_name":"Bonfire Elementals","floor":38,"gold_loss":0},{"damage_healed":0,"gold_gain":0,"player_choice":"Fight","damage_taken":0,"max_hp_gain":0,"max_hp_loss":0,"event_name":"HidenRoomEvent","floor":41,"gold_loss":0},{"damage_healed":19,"gold_gain":0,"player_choice":"Writhe","damage_taken":0,"max_hp_gain":0,"max_hp_loss":0,"event_name":"Winding Halls","floor":47,"gold_loss":0,"cards_obtained":["Writhe"]}],"is_beta":false,"boss_relics":[{"not_picked":["Sozu","aspiration:PoetsPen_weak"],"picked":"Ring of the Serpent"},{"not_picked":[]},{"not_picked":["Ring of Chaos","Calling Bell"],"picked":"conspire:SpecialSausage"},{"not_picked":[]}],"items_purged_floors":[11,21],"is_endless":false,"potions_floor_spawned":[6,8,12,14,18,22,29,30,37,39,41,46,49],"killed_by":"Awakened One","ascension_level":0}}