{"host":"kfd0jpqqxt101ydt","time":1614296417,"event":{"mods":["BaseMod","Downfall","Googly Eyes","Highlight Path","Minty Spire (QoL Compilation)","StSLib"],"gold_per_floor":[99,117,117,127,144,219,219,55,72,101,101,101,126,136,150,254,254,254,254,254,265,14,14,90,90,75,91,116,126,126,126,139,238,238,238,254,254,254,268,152,202,133,161,194,194,194,229,240,257,257,257,257],"floor_reached":50,"language":"ENG","playtime":2470,"items_purged":["Slimebound:Strike_Slimebound","Slimebound:Defend_Slimebound"],"score":738,"play_id":"a470629a-9446-4e24-bf87-0ea419d9dd61","local_time":"20210226014016","is_ascension_mode":true,"campfire_choices":[{"data":"Slimebound:GoopTackle","floor":1,"key":"SMITH"},{"data":"Slimebound:MegaLick","floor":12,"key":"SMITH"},{"data":"Slimebound:HauntingLick","floor":18,"key":"SMITH"},{"data":"Slimebound:Schlurp","floor":23,"key":"SMITH"},{"data":"Slimebound:Split","floor":25,"key":"SMITH"},{"data":"Slimebound:GrowthPunch","floor":30,"key":"SMITH"},{"data":"Slimebound:Dissolve","floor":35,"key":"SMITH"}],"circlet_count":0,"master_deck":["Slimebound:Strike_Slimebound","Slimebound:Split+1","Slimebound:GoopTackle+1","Slimebound:TongueLash","Slimebound:Recollect","Slimebound:HungryTackle","Slimebound:HauntingLick+1","Slimebound:Schlurp+1","Slimebound:MegaLick+1","Slimebound:SpikyOuterGoop","Slimebound:SlimeTap+1","Slimebound:GrowthPunch+1","Slimebound:Schlurp+1","Slimebound:LeechLife","Slimebound:OozeBath","Slimebound:Gluttony","Slimebound:Dissolve+1","CurseOfTheBell","Slimebound:RollThrough","Slimebound:Grow+1","Slimebound:MegaLick+1","Panache","Slimebound:SamplingLick+1","Slimebound:RejuvenatingLick+1","Slimebound:Nibble+1","Slimebound:Recycling","Slimebound:Split+1","Slimebound:Replication+1","Slimebound:MegaLick+1","Slimebound:Nibble+1"],"relics":["Slimebound:AbsorbEndCombatUpgraded","Meat on the Bone","Odd Mushroom","Kunai","Anchor","Calling Bell","Blood Vial","Toxic Egg 2","WingedGreaves","Sundial","Bag of Preparation","Unceasing Top","PreservedInsect","Potion Belt"],"acts_visited":["Exordium","TheCity","TheBeyond"],"potions_floor_usage":[16,21,28,33,50,50,50],"damage_taken":[{"damage":6,"enemies":"2 Louse","floor":2,"turns":1},{"damage":6,"enemies":"Cultist","floor":4,"turns":2},{"damage":13,"enemies":"Small Slimes","floor":5,"turns":3},{"damage":18,"enemies":"downfall:FleeingMerchant","floor":8,"turns":4},{"damage":4,"enemies":"3 Louse","floor":9,"turns":4},{"damage":19,"enemies":"The Mushroom Lair","floor":10,"turns":4},{"damage":32,"enemies":"Lagavulin","floor":13,"turns":4},{"damage":3,"enemies":"Large Slime","floor":14,"turns":4},{"damage":3,"enemies":"downfall:LooterAlt","floor":15,"turns":3},{"damage":6,"enemies":"SI_SHIV_ARCHETYPE","floor":16,"turns":4},{"damage":40,"enemies":"3 Byrds","floor":21,"turns":5},{"damage":9,"enemies":"downfall:FleeingMerchant","floor":22,"turns":4},{"damage":22,"enemies":"downfall:FleeingMerchant","floor":26,"turns":4},{"damage":15,"enemies":"Chosen","floor":27,"turns":3},{"damage":47,"enemies":"Book of Stabbing","floor":28,"turns":5},{"damage":2,"enemies":"Snake Plant","floor":29,"turns":3},{"damage":1,"enemies":"Shelled Parasite and Fungi","floor":32,"turns":4},{"damage":16,"enemies":"DF_ARCHETYPE_CLAW","floor":33,"turns":6},{"damage":19,"enemies":"3 Shapes","floor":36,"turns":4},{"damage":38,"enemies":"3 Darklings","floor":39,"turns":4},{"damage":0,"enemies":"downfall:FleeingMerchant","floor":40,"turns":1},{"damage":21,"enemies":"Giant Head","floor":43,"turns":6},{"damage":44,"enemies":"Nemesis","floor":44,"turns":5},{"damage":6,"enemies":"Giant Head","floor":47,"turns":4},{"damage":50,"enemies":"Sphere and 2 Shapes","floor":48,"turns":6},{"damage":12,"enemies":"Jaw Worm Horde","floor":49,"turns":3},{"damage":137,"enemies":"WA_ARCHETYPE_DIVINITY","floor":50,"turns":7}],"seed_played":"-5512481062682714081","potions_obtained":[{"floor":4,"key":"SpeedPotion"},{"floor":10,"key":"LiquidBronze"},{"floor":13,"key":"bronze:BurnAndBuffPotion"},{"floor":20,"key":"Fruit Juice"},{"floor":20,"key":"Explosive Potion"},{"floor":20,"key":"Block Potion"},{"floor":27,"key":"FairyPotion"},{"floor":28,"key":"CultistPotion"},{"floor":39,"key":"Dexterity Potion"},{"floor":44,"key":"DuplicationPotion"},{"floor":48,"key":"hexamod:SoulburnPotion"}],"is_trial":false,"path_per_floor":["R","M","?","M","M","?","T","$","M","?","?","R","E","M","M","B",null,"R","?","?","M","$","R","T","R","$","M","E","M","R","?","M","B",null,"R","M","?","?","M","$","T","$","E","E","?","?","E","M","M","B"],"character_chosen":"SLIMEBOUND","items_purchased":["Slimebound:MegaLick","Slimebound:LeechLife","Panache","Sundial","Slimebound:SamplingLick+1","Slimebound:RejuvenatingLick+1"],"campfire_rested":0,"item_purchase_floors":[8,22,40,40,40,42],"current_hp_per_floor":[47,41,41,37,26,26,26,28,42,41,41,41,27,44,43,45,65,65,65,65,42,48,48,48,48,47,53,33,37,37,29,40,66,70,70,60,60,60,46,55,55,55,50,44,44,44,55,70,70,0,0,0],"gold":257,"neow_bonus":"TRANSFORM_TWO_CARDS","is_daily":false,"chose_seed":false,"campfire_upgraded":7,"win_rate":0.0,"timestamp":1614296416,"path_taken":["R","M","?","?","M","?","T","$","M","?","?","R","E","M","M","BOSS","R","?","?","M","$","R","T","R","$","M","E","?","R","?","M","BOSS","R","M","?","?","?","$","T","$","E","E","?","?","E","?","M","BOSS"],"items_purchased_type":["Card","Card","Card","Relic","Card","Card"],"build_version":"2020-12-22","purchased_purges":2,"victory":false,"max_hp_per_floor":[65,65,65,65,65,65,65,65,65,65,65,65,65,65,65,65,65,65,65,65,70,70,70,70,70,70,70,70,70,70,70,70,70,70,70,70,70,70,70,70,70,70,70,70,70,70,70,70,70,70,70,70],"card_choices":[{"not_picked":["Slimebound:Prepare","Slimebound:SplitLeeching"],"picked":"Slimebound:Recollect","floor":2},{"not_picked":["Slimebound:LeechingTouch","Slimebound:LivingWall"],"picked":"Slimebound:HungryTackle","floor":4},{"not_picked":["Slimebound:LeechEnergy","Slimebound:ItLooksTasty"],"picked":"Slimebound:HauntingLick","floor":5},{"not_picked":["Slimebound:Overexert","Slimebound:TongueLash"],"picked":"Slimebound:Schlurp","floor":8},{"not_picked":["Slimebound:SlimeBrawl","Slimebound:Prepare","Slimebound:LevelUp"],"picked":"SKIP","floor":9},{"not_picked":["Slimebound:SplitLeeching","Slimebound:Prepare","Slimebound:RallyTheTroops"],"picked":"SKIP","floor":13},{"not_picked":["Slimebound:SlimeBarrage","Slimebound:SplitMire"],"picked":"Slimebound:SpikyOuterGoop","floor":14},{"not_picked":["Slimebound:Prepare","Slimebound:FinishingTackle"],"picked":"Slimebound:SlimeTap","floor":15},{"not_picked":["Slimebound:SlimeSpikes","Slimebound:FlameTackle"],"picked":"Slimebound:GrowthPunch","floor":21},{"not_picked":["Slimebound:Chomp+1","Slimebound:ItLooksTasty"],"picked":"Slimebound:Schlurp+1","floor":22},{"not_picked":["Slimebound:ComboTackle","Slimebound:PressTheAttack"],"picked":"Slimebound:OozeBath","floor":26},{"not_picked":["Slimebound:SplitAcid","Slimebound:Equalize"],"picked":"Slimebound:Gluttony","floor":27},{"not_picked":["Slimebound:HauntingLick","Slimebound:SplitBruiser","Slimebound:AcidTongue+1"],"picked":"SKIP","floor":28},{"not_picked":["Slimebound:ComboTackle","Slimebound:DisruptingSlam","Slimebound:SplitAcid"],"picked":"SKIP","floor":29},{"not_picked":["Slimebound:RainOfGoop","Slimebound:Equalize"],"picked":"Slimebound:Dissolve","floor":32},{"not_picked":["Slimebound:LeechEnergy","Slimebound:SplitSpecialist+1","Slimebound:HungryTackle"],"picked":"SKIP","floor":36},{"not_picked":["Slimebound:LevelUp+1","Slimebound:DivideAndConquer+1"],"picked":"Slimebound:Grow+1","floor":39},{"not_picked":["Slimebound:HauntingLick+1","Slimebound:Prepare+1"],"picked":"Slimebound:MegaLick+1","floor":40},{"not_picked":["Slimebound:Prepare+1","Slimebound:MassRepurpose+1"],"picked":"Slimebound:Nibble+1","floor":43},{"not_picked":["Slimebound:DisruptingSlam","Slimebound:BestDefense","Slimebound:Gluttony"],"picked":"SKIP","floor":44},{"not_picked":["Slimebound:SplitAcid+1","Slimebound:LeechEnergy+1"],"picked":"Slimebound:Replication+1","floor":47},{"not_picked":["Slimebound:SplitBruiser+1","Slimebound:SlimeBarrage"],"picked":"Slimebound:MegaLick+1","floor":48},{"not_picked":["Slimebound:SplitAcid+1","Slimebound:SlimeTap+1"],"picked":"Slimebound:Nibble+1","floor":49}],"player_experience":53653,"relics_obtained":[{"floor":7,"key":"Meat on the Bone"},{"floor":10,"key":"Odd Mushroom"},{"floor":13,"key":"Ornamental Fan"},{"floor":24,"key":"Kunai"},{"floor":28,"key":"Anchor"},{"floor":34,"key":"Blood Vial"},{"floor":34,"key":"Toxic Egg 2"},{"floor":34,"key":"WingedGreaves"},{"floor":41,"key":"Bag of Preparation"},{"floor":43,"key":"Unceasing Top"},{"floor":44,"key":"PreservedInsect"},{"floor":47,"key":"Potion Belt"}],"event_choices":[{"damage_healed":0,"gold_gain":0,"player_choice":"Fought Mushrooms","damage_taken":0,"max_hp_gain":0,"max_hp_loss":0,"event_name":"Mushrooms","floor":10,"gold_loss":0},{"cards_removed":["Slimebound:Defend_Slimebound"],"damage_healed":0,"gold_gain":0,"player_choice":"Card Removal","damage_taken":0,"max_hp_gain":0,"max_hp_loss":0,"event_name":"The Cleric","floor":11,"gold_loss":0},{"damage_healed":0,"gold_gain":0,"player_choice":"Ignored","damage_taken":0,"max_hp_gain":0,"max_hp_loss":0,"event_name":"Ghosts","floor":19,"gold_loss":0},{"cards_removed":["Slimebound:CorrosiveSpit"],"damage_healed":0,"gold_gain":0,"player_choice":"Removed Skill","damage_taken":0,"max_hp_gain":0,"max_hp_loss":0,"event_name":"Falling","floor":37,"gold_loss":0}],"is_beta":false,"boss_relics":[{"not_picked":["SlaversCollar","Runic Dome"],"picked":"Slimebound:AbsorbEndCombatUpgraded"},{"not_picked":["Snecko Eye","Philosopher\u0027s Stone"],"picked":"Calling Bell"}],"items_purged_floors":[8,22],"is_endless":false,"potions_floor_spawned":[4,10,13,27,28,39,43,44,48],"killed_by":"WA_ARCHETYPE_DIVINITY","ascension_level":3}}