{"host":"rm0ctv8qd8mnbkg1","time":1614254117,"event":{"mods":["Act Like it!","Aspiration","BaseMod","Beaked The Cultist","BetterRewards","Colored Map","DNKmod","Dark Map","Defuse TimeMaze Blight","Friendly Minions","Gensokyo","Hubris","Library of Ruina","Library of Ruina Extra","Marisa????????","Minty Spire (QoL Compilation)","MostiFishMod","Permanent Neow","Rare Cards Sparkle","Relic Sorter","Reliquary","Replay The Spire","Ruina","RumiaBox-????????","Shade Mod","Shop Mod","Spicy Shops","Spire Arcade","StSLib","The Animator","The Construct","The Servant 0.9.4","TheVacant","Wandering Minibosses","??????REMEMod"],"gold_per_floor":[10016,10035,10035,10053,9086,9086,9113,9123,9169,8366,9186,9186,9186,9186,9186,9290,9290,9307,9223,9233,9253,9268,9268,9268,9286,9312,9322,8683,8731,8731,8777,8777],"floor_reached":31,"language":"ENG","playtime":1065,"items_purged":["hubris:Despair"],"score":366,"play_id":"f9ce3d55-bd7f-480c-a436-95a55140ea34","local_time":"20210225115517","is_ascension_mode":false,"campfire_choices":[{"data":"SnakesPrey","floor":6,"key":"SMITH"},{"data":"VenomousFangs","floor":12,"key":"SMITH"},{"data":"ReplayUltimateDefense","floor":15,"key":"SMITH"},{"data":"SnakesPrey","floor":23,"key":"SMITH"},{"data":"SmokingPipe","floor":23,"key":"SMITH"}],"circlet_count":0,"master_deck":["Dodge","LightDefense","LightAttack","LightAttack","LightAttack","LightDefense","LightDefense","LightDefense","ChargeAndCover+1","FocusedStrikes+1","MostiFishMod:DarkDeal+1","TendonChords+1","UpbeatPerformance","RatsGuideToSurvival+1","SnakesPrey+1","VenomousFangs+1","SinglePointStab","ReplayUltimateDefense+1","MindPrepared","SmokingPipe+1","SharpenedBlade+1","Observe+1","SnakesPrey+1","Commandeering","DefenseOrder+1","DefenseOrder","ScatteringSlash","BiXi","Mutilate","ChopItOff+1","Parry2+1","Observe","ButterflySlash"],"relics":["PageOfLibrarian","REME_ComplimentaryCards","DaveBox","Technique","ReplayTheSpireMod:CursedCoin","StoneCalendar","hubris:EmptyBottle","ImprovedEquipment","hubris:GlazedTorus","Replay:Mystery Machine","reliquary:Buckler","Oddly Smooth Stone","PageOfPorccubus","TheAbacus","wanderingMiniBosses:MasterThiefsPresence","ReplayTheSpireMod:Ring of Exchange","Ring of Searing","reliquary:WritOfMandamus","Replay:Arrowhead","Vajra","Replay:Bandana","PageOfSingingMachine","Pen Nib"],"acts_visited":["Exordium","Exordium"],"potions_floor_usage":[],"damage_taken":[{"damage":8,"enemies":"Small Slimes","floor":1,"turns":2},{"damage":5,"enemies":"Cultist","floor":2,"turns":1},{"damage":0,"enemies":"Jaw Worm","floor":4,"turns":1},{"damage":3,"enemies":"Gremlin Nob","floor":7,"turns":1},{"damage":5,"enemies":"3 Louse","floor":8,"turns":3},{"damage":0,"enemies":"Looter","floor":11,"turns":3},{"damage":15,"enemies":"The Guardian","floor":16,"turns":4},{"damage":10,"enemies":"ruina:2_Scarecrows","floor":18,"turns":3},{"damage":21,"enemies":"ruina:BadWolf","floor":20,"turns":4},{"damage":0,"enemies":"ruina:QueenOfHate","floor":21,"turns":1},{"damage":5,"enemies":"ruina:KnightOfDespair","floor":22,"turns":2},{"damage":17,"enemies":"ruina:KingOfGreed","floor":25,"turns":3},{"damage":28,"enemies":"ruina:Woodsman","floor":27,"turns":2},{"damage":20,"enemies":"ruina:KnightOfDespair","floor":29,"turns":2},{"damage":10,"enemies":"ruina:3_Scarecrows","floor":31,"turns":3}],"seed_played":"2872001996232920929","potions_obtained":[{"floor":1,"key":"CultistPotion"},{"floor":7,"key":"Adrenaline Potion"},{"floor":20,"key":"Adrenaline Potion"}],"is_trial":false,"path_per_floor":["M","M","?","M","$","R","E","M","T","$","M","R","?","?","R","B",null,"M","$","M","M","M","R","?","M","T","M","$","M","?","M"],"character_chosen":"Librarian","items_purchased":["SnakesPrey","ReplayTheSpireMod:CursedCoin","VenomousFangs","SinglePointStab","StoneCalendar","hubris:EmptyBottle","ImprovedEquipment","ReplayUltimateDefense","reliquary:Buckler","SharpenedBlade+1","Oddly Smooth Stone","Observe","PageOfPorccubus","TheAbacus","Replay:Arrowhead","Parry2+1","Observe","Replay:Bandana","PageOfSingingMachine","Pen Nib"],"campfire_rested":0,"item_purchase_floors":[5,5,5,5,5,5,5,5,10,10,10,10,10,10,19,28,28,28,28,28],"current_hp_per_floor":[992,987,987,990,990,990,987,982,982,982,985,985,985,985,985,973,1010,1000,1000,982,982,980,980,1010,993,993,968,968,948,1010,1003,1003],"gold":8777,"neow_bonus":"RANDOM_EVENT","is_daily":false,"chose_seed":false,"campfire_upgraded":5,"win_rate":0.0,"timestamp":1614254117,"path_taken":["M","M","?","M","$","R","E","M","T","?","M","R","?","?","R","BOSS","M","$","M","?","M","R","?","M","T","?","?","?","?","M"],"items_purchased_type":["Card","Relic","Card","Card","Relic","Relic","Relic","Card","Relic","Card","Relic","Card","Relic","Relic","Relic","Card","Card","Relic","Relic","Relic"],"build_version":"2020-12-22","purchased_purges":1,"victory":false,"max_hp_per_floor":[1008,1008,1008,1018,1018,1018,1010,1003,1003,1003,1017,1010,1010,1010,1010,1010,1010,1010,1010,1010,1010,1010,1010,1010,1010,1010,1010,1010,1010,1010,1010,1010],"card_choices":[{"not_picked":["HighKick","VioletBlade","Multislash","StructuralAnalysis","Feast","DirtyBlow","FleetFootsteps","CircusKnives"],"picked":"TendonChords","floor":1},{"not_picked":["GatherIntel","AsThePrescriptOrders","SturdyDefense","GuardingStance","SinglePointStab","ExtractFuel","GuidanceOfTheGears","DarkCloud"],"picked":"UpbeatPerformance","floor":2},{"not_picked":["Standoff","Parry2","CoordinatedAssault","EnergyCycle","GatherIntel","ICanCookAnything","UpbeatPerformance","StructuralAnalysis"],"picked":"RatsGuideToSurvival","floor":4},{"not_picked":["AsThePrescriptOrders","GroundSmash","KeepItFresh","EnergyShield","SuppressingShot","YoureAHindrance","Multislash","Leap_lor"],"picked":"MindPrepared","floor":7},{"not_picked":["SnakesPrey","DevastatingThrash","HiddenBlade","StrikeDown","FierceCharge","Thrust","Unlock1","Commandeering"],"picked":"SmokingPipe","floor":8},{"not_picked":["PreemptiveStrike","Juggling","Standoff","ToOvercomeCrisis","Parry","Faith","StrikeDown","HandleRequest"],"picked":"SnakesPrey","floor":11},{"not_picked":["SavageMode","GoinFirst"],"picked":"Commandeering","floor":16},{"not_picked":["DarkCloud+1","Unlock1+1","Parry2","FleetFootsteps+1","EnergyCycle","OpportunitySpotted","FleshFillet","UnavoidableGaze+1"],"picked":"DefenseOrder+1","floor":18},{"not_picked":["FlashOfSunup","Pound","Unlock1","FierceCharge+1","SpearedSweep","TheArtOfRapidSteps","Diversion","Parry2"],"picked":"DefenseOrder","floor":20},{"not_picked":["Unlock1","FierceCharge","DestructiveImpact+1","ToOvercomeCrisis+1","StructuralAnalysis","ChiWen","Endure","Outburst"],"picked":"ScatteringSlash","floor":21},{"not_picked":["WillBeTasty+1","AlloutWar","GuardingStance+1","Retaliate","HighKick","Ripple+1","SkyClearingCut","SuppressingShot"],"picked":"BiXi","floor":22},{"not_picked":["FierceCharge","PinpointShot","Execute_lor","RapidGashes","Endure","Rewind","BulkyImpact","HandleRequest"],"picked":"Mutilate","floor":25},{"not_picked":["BlazingStrike","FeatherShield","Parry2","Execute_lor","StructuralAnalysis","BackAttack","TimeForALittleTest","SerpentSwordTechnique"],"picked":"ChopItOff+1","floor":27},{"not_picked":["UncannyStrike+1","Collision","UndertakePrescript","GatherIntel","CoordinatedAssault+1","GreatSerpentsImpact","ConcentratedFire+1","ShrineToMusic+1"],"picked":"ButterflySlash","floor":29}],"player_experience":312924,"relics_obtained":[{"floor":7,"key":"hubris:GlazedTorus"},{"floor":9,"key":"Replay:Mystery Machine"},{"floor":11,"key":"wanderingMiniBosses:MasterThiefsPresence"},{"floor":13,"key":"ReplayTheSpireMod:Ring of Exchange"},{"floor":13,"key":"Ring of Searing"},{"floor":26,"key":"Vajra"}],"event_choices":[{"damage_healed":0,"gold_gain":0,"player_choice":"Upgraded","damage_taken":0,"max_hp_gain":0,"max_hp_loss":0,"event_name":"Upgrade Shrine","floor":3,"gold_loss":0,"cards_upgraded":["TendonChords"]},{"cards_removed":["Hallucinations"],"damage_healed":0,"gold_gain":0,"player_choice":"Purged","damage_taken":0,"max_hp_gain":0,"max_hp_loss":0,"event_name":"Purifier","floor":14,"gold_loss":0}],"is_beta":false,"boss_relics":[{"not_picked":["AddBug","Coffee Dripper"],"picked":"reliquary:WritOfMandamus"}],"items_purged_floors":[5],"is_endless":false,"potions_floor_spawned":[1,4,7,16,20,27,29],"killed_by":"ruina:3_Scarecrows","ascension_level":0}}