{"host":"mmqs5ul2bvb60kyc","time":1614243758,"event":{"mods":["AchievementEnabler","BaseMod","Colored Map","Colored Powertips","Minty Spire (QoL Compilation)","Quick Restart","StSLib"],"gold_per_floor":[113,38,38,53,70,70,80,93,93,105,134,166,198,210,222,306,318,341,370,382,382],"floor_reached":20,"language":"ZHS","playtime":707,"items_purged":[],"score":323,"play_id":"b90bf42a-12d0-4b84-8be4-6fd73f36bad4","local_time":"20210225170238","is_ascension_mode":true,"campfire_choices":[{"data":"Discovery","floor":6.0,"key":"SMITH"},{"floor":15.0,"key":"REST"}],"circlet_count":0,"master_deck":["AscendersBane","Defend_B","Defend_B","Defend_B","Defend_B","Zap","Dualcast","Discovery+1","Streamline","Turbo","Reprogram","Coolheaded","Scrape","Beam Cell","Self Repair","Meteor Strike","BootSequence+1","Lockon+1","Compile Driver+1","Steam+1","Seek"],"relics":["Cracked Core","MawBank","Astrolabe"],"acts_visited":["Exordium","TheCity"],"potions_floor_usage":[20],"damage_taken":[{"damage":5.0,"enemies":"Jaw Worm","floor":1.0,"turns":3.0},{"damage":3.0,"enemies":"2 Louse","floor":4.0,"turns":3.0},{"damage":1.0,"enemies":"Cultist","floor":5.0,"turns":3.0},{"damage":26.0,"enemies":"Exordium Thugs","floor":7.0,"turns":4.0},{"damage":8.0,"enemies":"Blue Slaver","floor":8.0,"turns":4.0},{"damage":0.0,"enemies":"Lots of Slimes","floor":11.0,"turns":5.0},{"damage":5.0,"enemies":"2 Fungi Beasts","floor":12.0,"turns":4.0},{"damage":7.0,"enemies":"Exordium Wildlife","floor":13.0,"turns":4.0},{"damage":22.0,"enemies":"Slime Boss","floor":16.0,"turns":10.0},{"damage":23.0,"enemies":"Chosen","floor":18.0,"turns":7.0},{"damage":24.0,"enemies":"Shell Parasite","floor":19.0,"turns":5.0},{"damage":25,"enemies":"Cultist and Chosen","floor":20,"turns":3}],"seed_played":"-7433663282281499446","potions_obtained":[{"floor":1.0,"key":"PotionOfCapacity"},{"floor":7.0,"key":"LiquidMemories"},{"floor":12.0,"key":"Block Potion"},{"floor":16.0,"key":"Ancient Potion"},{"floor":18.0,"key":"EssenceOfDarkness"},{"floor":19.0,"key":"DistilledChaos"}],"is_trial":false,"path_per_floor":["M","?","?","M","M","R","M","M","T","$","M","M","M","T","R","B",null,"M","M","M"],"character_chosen":"DEFECT","items_purchased":[],"campfire_rested":1,"item_purchase_floors":[],"current_hp_per_floor":[59,59,59,56,55,55,29,21,21,21,21,16,9,9,30,15,57,41,24,0,0],"gold":382,"neow_bonus":"RANDOM_COLORLESS","is_daily":false,"chose_seed":false,"campfire_upgraded":1,"win_rate":0.0,"timestamp":1614243758,"path_taken":["M","?","?","M","M","R","M","M","T","$","M","M","?","?","R","BOSS","M","M","M"],"items_purchased_type":[],"build_version":"2020-12-22","purchased_purges":0,"victory":false,"max_hp_per_floor":[71,71,71,71,71,71,71,71,71,71,71,71,71,71,71,71,71,71,71,71,71],"card_choices":[{"not_picked":["Forethought","Mind Blast"],"picked":"Discovery","floor":0.0},{"not_picked":["Storm","Beam Cell"],"picked":"Streamline","floor":1.0},{"not_picked":["Barrage","Leap","Redo"],"picked":"SKIP","floor":4.0},{"not_picked":["Reinforced Body","Fusion"],"picked":"Turbo","floor":5.0},{"not_picked":["Gash","Rebound"],"picked":"Reprogram","floor":7.0},{"not_picked":["Cold Snap","Gash"],"picked":"Coolheaded","floor":8.0},{"not_picked":["Beam Cell","Multi-Cast"],"picked":"Scrape","floor":11.0},{"not_picked":["Turbo","FTL"],"picked":"Beam Cell","floor":12.0},{"not_picked":["Ball Lightning","Sweeping Beam"],"picked":"Self Repair","floor":13.0},{"not_picked":["Rainbow","Buffer"],"picked":"Meteor Strike","floor":16.0},{"not_picked":["Leap","Gash"],"picked":"Steam+1","floor":18.0},{"not_picked":["Streamline","Stack+1"],"picked":"Seek","floor":19.0}],"player_experience":381543,"relics_obtained":[{"floor":9.0,"key":"MawBank"}],"event_choices":[{"cards_removed":["Strike_B"],"damage_healed":0.0,"max_hp_gain":0.0,"max_hp_loss":0.0,"gold_gain":0.0,"event_name":"The Cleric","player_choice":"Card Removal","floor":2.0,"gold_loss":75.0,"damage_taken":0.0},{"damage_healed":0.0,"max_hp_gain":0.0,"max_hp_loss":0.0,"gold_gain":0.0,"event_name":"Match and Keep!","player_choice":"0 cards matched","floor":3.0,"gold_loss":0.0,"damage_taken":0.0,"cards_obtained":[]}],"is_beta":false,"boss_relics":[{"not_picked":["Runic Pyramid","Ectoplasm"],"picked":"Astrolabe"}],"items_purged_floors":[],"is_endless":false,"potions_floor_spawned":[1,7,12,16,18,19],"killed_by":"Cultist and Chosen","ascension_level":18}}