{"host":"6h3q3yj0dwrjt6pc","time":1614275684,"event":{"mods":["BaseMod","Colored Map","Downfall","Minty Spire (QoL Compilation)","StSLib"],"gold_per_floor":[99,109,126,141,203,222,222,15,26,57,75,75,75,75],"floor_reached":12,"language":"ENG","playtime":1392,"items_purged":[],"score":82,"play_id":"21b43d7a-b6d9-420d-96b0-436ae1e33b76","local_time":"20210225115444","is_ascension_mode":false,"campfire_choices":[{"data":"champ:Taunt","floor":1.0,"key":"SMITH"}],"circlet_count":0,"master_deck":["champ:Strike","champ:Strike","champ:Strike","champ:Strike","champ:Defend","champ:Defend","champ:Defend","champ:Defend","champ:Execute","champ:Taunt+1","champ:Haymaker","champ:FancyFootwork","champ:CalledShot","champ:StanceDance","champ:Shatter","champ:AdrenalArmor","champ:Backstep","champ:IronFortress","champ:ShieldSlam","champ:Lariat"],"relics":["champ:ChampionCrown","Du-Vu Doll","Calipers","HandDrill","MealTicket"],"acts_visited":[],"potions_floor_usage":[],"damage_taken":[{"damage":24.0,"enemies":"Cultist","floor":2.0,"turns":4.0},{"damage":10.0,"enemies":"Small Slimes","floor":3.0,"turns":3.0},{"damage":0.0,"enemies":"2 Louse","floor":4.0,"turns":2.0},{"damage":21.0,"enemies":"Lagavulin Event","floor":5.0,"turns":5.0},{"damage":23.0,"enemies":"Exordium Thugs","floor":6.0,"turns":5.0},{"damage":20.0,"enemies":"downfall:FleeingMerchant","floor":8.0,"turns":4.0},{"damage":70,"enemies":"Large Slime","floor":9,"turns":8},{"damage":49,"enemies":"3 Sentries","floor":10,"turns":11},{"damage":10,"enemies":"Exordium Wildlife","floor":11,"turns":4},{"damage":34,"enemies":"Gremlin Nob","floor":12,"turns":3}],"seed_played":"-4478987628516158802","potions_obtained":[{"floor":3.0,"key":"hexamod:SoulburnPotion"},{"floor":6.0,"key":"champ:TechniquePotion"}],"is_trial":false,"path_per_floor":["R","M","M","M","?","M","T","$","M","E","M","E"],"character_chosen":"THE_CHAMP","items_purchased":["HandDrill","champ:Backstep"],"campfire_rested":0,"item_purchase_floors":[8,8],"current_hp_per_floor":[99,95,95,95,84,71,71,71,61,32,32,0,0,0],"gold":75,"neow_bonus":"TEN_PERCENT_HP_BONUS","is_daily":false,"chose_seed":false,"campfire_upgraded":1,"win_rate":0.0,"timestamp":1614275684,"path_taken":["R","M","M","?","?","M","T","$","M","E","M","E"],"items_purchased_type":["Relic","Card"],"build_version":"2020-12-22","purchased_purges":0,"victory":false,"max_hp_per_floor":[99,99,99,99,99,99,99,99,99,99,99,99,99,99],"card_choices":[{"not_picked":["champ:Parry","champ:FlashCut"],"picked":"champ:Haymaker","floor":2.0},{"not_picked":["champ:Haymaker","champ:DefensiveShout"],"picked":"champ:FancyFootwork","floor":3.0},{"not_picked":["champ:EnragedBash","champ:Backstep"],"picked":"champ:CalledShot","floor":4.0},{"not_picked":["champ:Haymaker","champ:FlashCut"],"picked":"champ:StanceDance","floor":5.0},{"not_picked":["champ:Backstep","champ:CrownThrow"],"picked":"champ:Shatter","floor":6.0},{"not_picked":["champ:HeavySlash","champ:FalseCounter"],"picked":"champ:AdrenalArmor","floor":8.0},{"not_picked":["champ:Shatter","champ:CrookedStrike"],"picked":"champ:IronFortress","floor":9},{"not_picked":["champ:RecklessLeap","champ:SkillfulDodge"],"picked":"champ:ShieldSlam","floor":10},{"not_picked":["champ:BladeFlurry","champ:Circumvent"],"picked":"champ:Lariat","floor":11}],"player_experience":109385,"relics_obtained":[{"floor":7.0,"key":"Calipers"},{"floor":10,"key":"MealTicket"}],"event_choices":[],"is_beta":false,"boss_relics":[],"items_purged_floors":[],"is_endless":false,"potions_floor_spawned":[3,6],"killed_by":"Gremlin Nob","ascension_level":0}}