{"host":"ilhhjx796p2x2wmd","time":1614268405,"event":{"mods":["AchievementEnabler","BaseMod","BetterRewards","Colored Map","Colored Powertips","DeckTracker","Highlight Path","Minty Spire (QoL Compilation)","Permanent Neow","Rare Cards Sparkle","Shop Mod"],"gold_per_floor":[114,130,140,152,252,252,280,280,329,343,376,11,11,11],"floor_reached":13,"language":"KOR","playtime":596,"items_purged":["Strike_G"],"score":133,"play_id":"c45ba187-f1a5-4fc8-976c-82bcfff5ffb0","local_time":"20210226005325","is_ascension_mode":true,"campfire_choices":[{"data":"Burst","floor":6,"key":"SMITH"},{"floor":8,"key":"REST"}],"circlet_count":0,"master_deck":["Strike_G","Strike_G","Strike_G","Strike_G","Defend_G","Defend_G","Defend_G+1","Defend_G","Defend_G","Survivor","Neutralize","Burst+1","Cloak And Dagger+1","Dash","Crippling Poison","Blur","Glass Knife"],"relics":["Ring of the Snake","HornCleat","War Paint","Pen Nib","TwistedFunnel"],"acts_visited":["Exordium"],"potions_floor_usage":[7,11,11],"damage_taken":[{"damage":0,"enemies":"Small Slimes","floor":1,"turns":4},{"damage":10,"enemies":"Cultist","floor":2,"turns":5},{"damage":2,"enemies":"Jaw Worm","floor":3,"turns":6},{"damage":7,"enemies":"2 Fungi Beasts","floor":4,"turns":4},{"damage":22,"enemies":"3 Sentries","floor":7,"turns":19},{"damage":0,"enemies":"Blue Slaver","floor":10,"turns":5},{"damage":32,"enemies":"Lagavulin","floor":11,"turns":15},{"damage":14,"enemies":"Gremlin Nob","floor":13,"turns":3}],"seed_played":"8905957725853113952","potions_obtained":[{"floor":4,"key":"SkillPotion"},{"floor":7,"key":"ColorlessPotion"},{"floor":10,"key":"Swift Potion"}],"is_trial":false,"path_per_floor":["M","M","M","M","?","R","E","R","T","M","E","$","E"],"character_chosen":"THE_SILENT","items_purchased":["Glass Knife","TwistedFunnel"],"campfire_rested":1,"item_purchase_floors":[12,12],"current_hp_per_floor":[63,53,51,44,44,44,22,43,43,43,11,11,0,0],"gold":11,"neow_bonus":"ONE_RANDOM_RARE_CARD","is_daily":false,"chose_seed":false,"campfire_upgraded":1,"win_rate":0.0,"timestamp":1614268405,"path_taken":["M","M","M","M","?","R","E","R","T","M","E","$","E"],"items_purchased_type":["Card","Relic"],"build_version":"2020-12-22","purchased_purges":1,"victory":false,"max_hp_per_floor":[70,70,70,70,70,70,70,70,70,70,70,70,70,70],"card_choices":[{"not_picked":["Outmaneuver","Escape Plan"],"picked":"Cloak And Dagger","floor":1},{"not_picked":["Caltrops","Bane"],"picked":"Dash","floor":2},{"not_picked":["Slice","Dagger Throw"],"picked":"Crippling Poison","floor":3},{"not_picked":["Accuracy","Bane","Quick Slash"],"picked":"SKIP","floor":4},{"not_picked":["Cloak And Dagger","Underhanded Strike"],"picked":"Blur","floor":7},{"not_picked":["Riddle With Holes","Dodge and Roll","Heel Hook"],"picked":"SKIP","floor":10},{"not_picked":["Caltrops","Outmaneuver","Dodge and Roll"],"picked":"SKIP","floor":11}],"player_experience":364867,"relics_obtained":[{"floor":7,"key":"HornCleat"},{"floor":9,"key":"War Paint"},{"floor":11,"key":"Pen Nib"}],"event_choices":[{"damage_healed":0,"gold_gain":100,"player_choice":"Pray","damage_taken":0,"max_hp_gain":0,"max_hp_loss":0,"event_name":"Golden Shrine","floor":5,"gold_loss":0}],"is_beta":false,"boss_relics":[],"items_purged_floors":[12],"is_endless":false,"potions_floor_spawned":[4,7,10],"killed_by":"Gremlin Nob","ascension_level":8}}