{"host":"o88u0awh8mkwl1l8","time":1614263997,"event":{"mods":["BaseMod","Colored Map","Highlight Path","Minty Spire (QoL Compilation)","Relic Sorter"],"gold_per_floor":[118,118,128,139,154,182,197,209,286,320,6,6,6,22,22,22,22],"floor_reached":16,"language":"JPN","playtime":1187,"items_purged":["Strike_R"],"score":228,"play_id":"a0274e13-1ff8-408f-8678-b20c794ccf62","local_time":"20210225233957","is_ascension_mode":true,"campfire_choices":[{"data":"Demon Form","floor":12.0,"key":"SMITH"},{"data":"Sword Boomerang","floor":15.0,"key":"SMITH"}],"circlet_count":0,"master_deck":["AscendersBane","Strike_R","Strike_R","Strike_R","Strike_R","Defend_R","Defend_R","Defend_R","Defend_R","Bash","Anger","Infernal Blade","Sword Boomerang+1","Demon Form+1","Shrug It Off","Flame Barrier","Limit Break+1","Battle Trance","Uppercut+1","Enlightenment"],"relics":["Burning Blood","The Courier","Molten Egg 2","Strawberry"],"acts_visited":["Exordium"],"potions_floor_usage":[],"damage_taken":[{"damage":14.0,"enemies":"Jaw Worm","floor":1.0,"turns":5.0},{"damage":2.0,"enemies":"Cultist","floor":3.0,"turns":4.0},{"damage":8.0,"enemies":"2 Louse","floor":4.0,"turns":3.0},{"damage":15.0,"enemies":"Exordium Wildlife","floor":5.0,"turns":6.0},{"damage":25.0,"enemies":"Lagavulin","floor":6.0,"turns":6.0},{"damage":9.0,"enemies":"Large Slime","floor":7.0,"turns":5.0},{"damage":14.0,"enemies":"Red Slaver","floor":8.0,"turns":3.0},{"damage":8.0,"enemies":"Gremlin Nob","floor":10.0,"turns":3.0},{"damage":10.0,"enemies":"Exordium Wildlife","floor":14.0,"turns":5.0},{"damage":44,"enemies":"The Guardian","floor":16,"turns":5}],"seed_played":"7872365535132175827","potions_obtained":[{"floor":2.0,"key":"GamblersBrew"},{"floor":2.0,"key":"AttackPotion"},{"floor":5.0,"key":"Fire Potion"},{"floor":6.0,"key":"Dexterity Potion"},{"floor":7.0,"key":"ColorlessPotion"},{"floor":10.0,"key":"Regen Potion"}],"is_trial":false,"path_per_floor":["M","?","M","M","M","E","M","M","T","E","$","R","?","M","R","B"],"character_chosen":"IRONCLAD","items_purchased":["Limit Break","Battle Trance","Uppercut+1","Enlightenment"],"campfire_rested":0,"item_purchase_floors":[11,11,11,11],"current_hp_per_floor":[67,67,71,69,60,41,38,30,30,35,35,35,35,45,45,1,1],"gold":22,"neow_bonus":"TEN_PERCENT_HP_BONUS","is_daily":false,"chose_seed":false,"campfire_upgraded":2,"win_rate":0.0,"timestamp":1614263997,"path_taken":["M","?","?","M","M","E","M","?","T","E","?","R","?","M","R","BOSS"],"items_purchased_type":["Card","Card","Card","Card"],"build_version":"2020-12-22","purchased_purges":1,"victory":false,"max_hp_per_floor":[82,82,82,82,82,82,82,82,82,89,89,89,89,89,89,89,89],"card_choices":[{"not_picked":["Heavy Blade","Intimidate","Flex"],"picked":"SKIP","floor":1.0},{"not_picked":["Feel No Pain","Sever Soul"],"picked":"Anger","floor":3.0},{"not_picked":["Body Slam","Reckless Charge"],"picked":"Infernal Blade","floor":4.0},{"not_picked":["Power Through","Burning Pact"],"picked":"Sword Boomerang","floor":5.0},{"not_picked":["Disarm","Wild Strike"],"picked":"Demon Form","floor":6.0},{"not_picked":["Fire Breathing","Iron Wave"],"picked":"Shrug It Off","floor":7.0},{"not_picked":["Havoc","Reckless Charge"],"picked":"Flame Barrier","floor":8.0},{"not_picked":["Evolve","Wild Strike+1","Juggernaut"],"picked":"SKIP","floor":10.0},{"not_picked":["Shockwave","Entrench","Clash+1"],"picked":"SKIP","floor":14.0}],"player_experience":1352449,"relics_obtained":[{"floor":6.0,"key":"The Courier"},{"floor":9.0,"key":"Molten Egg 2"},{"floor":10.0,"key":"Strawberry"}],"event_choices":[{"damage_healed":0.0,"max_hp_gain":0.0,"max_hp_loss":0.0,"gold_gain":0.0,"event_name":"Lab","player_choice":"Got Potions","floor":2.0,"gold_loss":0.0,"damage_taken":0.0},{"damage_healed":0.0,"max_hp_gain":0.0,"max_hp_loss":0.0,"gold_gain":0.0,"event_name":"Upgrade Shrine","player_choice":"Upgraded","floor":13.0,"gold_loss":0.0,"damage_taken":0.0,"cards_upgraded":["Limit Break"]}],"is_beta":false,"boss_relics":[],"items_purged_floors":[11],"is_endless":false,"potions_floor_spawned":[5,6,7,10],"killed_by":"The Guardian","ascension_level":20}}