{"host":"zp8jvycvinn13jdb","time":1614292955,"event":{"mods":["BaseMod","Better Match","Colored Powertips","Downfall","Googly Eyes","Hermit","Minty Spire (QoL Compilation)","Rare Cards Sparkle","Relic Stats","StSLib","SuperFastMode","Synergy Search","The Bug Knight","The Cursed"],"gold_per_floor":[114,14,14,14,30,65,65,76,158,158,180,199,274,300,300,403,403,385,385,419,437,437,437,457,470,470,470,57,71,36,61,61,166,166,183,183,199,199,51,51,51,78,78,78,78],"floor_reached":44,"language":"ENG","playtime":1631,"items_purged":["downfall:Haunted","Defend_R"],"score":587,"play_id":"f9586e47-6fd0-4a04-b53a-1a06a68a47b8","local_time":"20210225174235","is_ascension_mode":false,"campfire_choices":[{"data":"Mayhem","floor":7,"key":"SMITH"},{"floor":10,"key":"REST"},{"floor":15,"key":"REST"},{"floor":23,"key":"REST"},{"floor":32,"key":"REST"},{"data":"Enlightenment","floor":40,"key":"SMITH"}],"circlet_count":0,"master_deck":["Bash","Mayhem+1","Shrug It Off","Twin Strike","Iron Wave","Inflame","Flame Barrier","Inflame","Shrug It Off+1","Bite","Bite","Bite","Bite","Bite","Inflame+1","Bludgeon","Flex+1","Flame Barrier","Inflame","downfall:Malfunctioning","downfall:Icky","Clothesline+1","Enlightenment+1","downfall:Icky","Normality","Injury","Injury"],"relics":["Burning Blood","Pen Nib","Omamori","Matryoshka","Odd Mushroom","Strawberry","SlaversCollar","Red Mask","downfall:ExtraCursedKey","Anchor","Letter Opener","InkBottle","Vajra","Art of War","Empty Cage","Lantern","Nunchaku","Gremlin Horn"],"acts_visited":["Exordium","TheCity","TheBeyond"],"potions_floor_usage":[33,33],"damage_taken":[{"damage":0,"enemies":"Small Slimes","floor":1,"turns":5},{"damage":12,"enemies":"2 Louse","floor":5,"turns":4},{"damage":25,"enemies":"Gremlin Nob","floor":6,"turns":4},{"damage":1,"enemies":"Jaw Worm","floor":8,"turns":3},{"damage":14,"enemies":"The Mushroom Lair","floor":11,"turns":4},{"damage":7,"enemies":"Exordium Thugs","floor":12,"turns":5},{"damage":19,"enemies":"3 Sentries","floor":14,"turns":7},{"damage":31,"enemies":"Slime Boss","floor":16,"turns":8},{"damage":20,"enemies":"2 Thieves","floor":18,"turns":4},{"damage":61,"enemies":"Masked Bandits","floor":20,"turns":7},{"damage":16,"enemies":"Shell Parasite","floor":21,"turns":5},{"damage":10,"enemies":"Snake Plant","floor":24,"turns":5},{"damage":25,"enemies":"3 Cultists","floor":25,"turns":7},{"damage":18,"enemies":"Shelled Parasite and Fungi","floor":29,"turns":4},{"damage":34,"enemies":"Champ","floor":33,"turns":8},{"damage":33,"enemies":"3 Darklings","floor":35,"turns":5},{"damage":21,"enemies":"3 Shapes","floor":37,"turns":4},{"damage":62,"enemies":"Transient","floor":44,"turns":5}],"seed_played":"-934432086772037461","potions_obtained":[{"floor":5,"key":"CultistPotion"},{"floor":11,"key":"Energy Potion"},{"floor":16,"key":"Explosive Potion"}],"is_trial":false,"path_per_floor":["M","$","?","?","M","E","R","M","T","R","?","M","?","E","R","B",null,"M","?","?","M","?","R","M","M","T","?","$","M","$","T","R","B",null,"M","?","M","?","$","R","?","T","T","M"],"character_chosen":"IRONCLAD","items_purchased":["Shrug It Off","Flame Barrier","InkBottle","Inflame","Lantern"],"campfire_rested":4,"item_purchase_floors":[2,28,28,30,39],"current_hp_per_floor":[80,80,73,73,67,48,48,53,53,77,69,68,57,51,77,52,87,73,60,23,23,23,41,51,54,54,54,54,52,52,52,60,47,60,45,45,38,38,38,38,38,38,38,0,0],"gold":78,"neow_bonus":"RANDOM_COLORLESS_2","is_daily":false,"chose_seed":false,"campfire_upgraded":2,"win_rate":0.0,"timestamp":1614292955,"path_taken":["M","$","?","?","M","E","R","M","T","R","?","M","?","E","R","BOSS","M","?","?","M","?","R","M","M","T","?","$","?","?","?","R","BOSS","M","?","M","?","$","R","?","?","T","M"],"items_purchased_type":["Card","Card","Relic","Card","Relic"],"build_version":"2020-12-22","purchased_purges":2,"victory":false,"max_hp_per_floor":[80,80,80,80,80,80,80,80,80,80,80,80,80,87,87,87,87,87,60,60,60,60,60,60,60,60,60,60,60,60,60,60,60,60,60,60,60,60,60,60,57,57,57,57,57],"relic_stats":{"Nunchaku":[0],"Gremlin Horn":[0,0],"counters":[18,94],"Pen Nib":[16],"Art of War":[2],"Letter Opener":[15],"obtain_stats":[{"Lantern":39,"Gremlin Horn":43,"Vajra":31,"Pen Nib":3,"Omamori":6,"Letter Opener":26,"Odd Mushroom":11,"Empty Cage":34,"Burning Blood":0,"SlaversCollar":17,"Anchor":26,"Nunchaku":42,"Matryoshka":9,"Strawberry":14,"downfall:ExtraCursedKey":22,"Red Mask":20,"Art of War":31,"InkBottle":28},{"Lantern":17,"Gremlin Horn":17,"Vajra":14,"Pen Nib":1,"Omamori":3,"Letter Opener":13,"Odd Mushroom":5,"Empty Cage":15,"Burning Blood":0,"SlaversCollar":8,"Anchor":13,"Nunchaku":17,"Matryoshka":4,"Strawberry":7,"downfall:ExtraCursedKey":11,"Red Mask":10,"Art of War":14,"InkBottle":13},{"Lantern":89,"Gremlin Horn":89,"Vajra":72,"Pen Nib":5,"Omamori":13,"Letter Opener":68,"Odd Mushroom":20,"Empty Cage":80,"Burning Blood":0,"SlaversCollar":40,"Anchor":68,"Nunchaku":89,"Matryoshka":16,"Strawberry":32,"downfall:ExtraCursedKey":56,"Red Mask":51,"Art of War":72,"InkBottle":68}],"Burning Blood":96,"InkBottle":[10]},"card_choices":[{"not_picked":["Metamorphosis","Sadistic Nature"],"picked":"Mayhem","floor":0},{"not_picked":["Havoc","Thunderclap","Heavy Blade"],"picked":"SKIP","floor":1},{"not_picked":["Warcry","Havoc"],"picked":"Twin Strike","floor":5},{"not_picked":["Shockwave","Armaments"],"picked":"Iron Wave","floor":6},{"not_picked":["True Grit","Iron Wave"],"picked":"Inflame","floor":8},{"not_picked":["Shrug It Off","Pommel Strike"],"picked":"Flame Barrier","floor":11},{"not_picked":["Sword Boomerang","Reaper"],"picked":"Inflame","floor":12},{"not_picked":["Dropkick","Sever Soul","Body Slam"],"picked":"SKIP","floor":14},{"not_picked":["Iron Wave","Clash+1"],"picked":"Shrug It Off+1","floor":18},{"not_picked":["Shrug It Off","Cleave"],"picked":"Inflame+1","floor":20},{"not_picked":["Headbutt","Burning Pact","Seeing Red+1"],"picked":"SKIP","floor":21},{"not_picked":["Perfected Strike","Havoc"],"picked":"Bludgeon","floor":24},{"not_picked":["Ghostly Armor","Headbutt"],"picked":"Flex+1","floor":25},{"not_picked":["Exhume","Havoc+1","Headbutt"],"picked":"SKIP","floor":29},{"not_picked":["Warcry","Twin Strike"],"picked":"Clothesline+1","floor":35},{"not_picked":["Trip","Madness"],"picked":"Enlightenment","floor":36},{"not_picked":["Intimidate","Cleave+1","Thunderclap+1"],"picked":"SKIP","floor":37}],"player_experience":195396,"relics_obtained":[{"floor":6,"key":"Omamori"},{"floor":9,"key":"Matryoshka"},{"floor":11,"key":"Odd Mushroom"},{"floor":14,"key":"Strawberry"},{"floor":20,"key":"Red Mask"},{"floor":26,"key":"Anchor"},{"floor":26,"key":"Letter Opener"},{"floor":31,"key":"Vajra"},{"floor":31,"key":"Art of War"},{"floor":42,"key":"Nunchaku"},{"floor":43,"key":"Gremlin Horn"}],"event_choices":[{"damage_healed":0,"gold_gain":0,"player_choice":"Success","damage_taken":7,"relics_obtained":["Pen Nib"],"max_hp_gain":0,"max_hp_loss":0,"event_name":"Scrap Ooze","floor":3,"gold_loss":0},{"damage_healed":0,"gold_gain":0,"player_choice":"Ignored","damage_taken":0,"max_hp_gain":0,"max_hp_loss":0,"event_name":"Shining Light","floor":4,"gold_loss":0},{"damage_healed":0,"gold_gain":0,"player_choice":"Fought Mushrooms","damage_taken":0,"max_hp_gain":0,"max_hp_loss":0,"event_name":"Mushrooms","floor":11,"gold_loss":0},{"damage_healed":0,"gold_gain":75,"player_choice":"Gather Gold","damage_taken":11,"max_hp_gain":0,"max_hp_loss":0,"event_name":"World of Goop","floor":13,"gold_loss":0},{"damage_healed":0,"gold_gain":0,"player_choice":"Became a vampire","damage_taken":0,"max_hp_gain":0,"max_hp_loss":27,"event_name":"Vampires","floor":19,"gold_loss":0,"cards_obtained":["Bite","Bite","Bite","Bite","Bite"]},{"damage_healed":0,"gold_gain":0,"player_choice":"Fought Bandits","damage_taken":0,"max_hp_gain":0,"max_hp_loss":0,"event_name":"Masked Bandits","floor":20,"gold_loss":0},{"cards_removed":["Defend_R"],"damage_healed":0,"gold_gain":0,"player_choice":"Elegance","damage_taken":0,"max_hp_gain":0,"max_hp_loss":0,"event_name":"Back to Basics","floor":27,"gold_loss":0},{"damage_healed":0,"gold_gain":0,"player_choice":"Memory 1","damage_taken":0,"max_hp_gain":0,"max_hp_loss":0,"event_name":"SensoryStone","floor":36,"gold_loss":0},{"damage_healed":0,"gold_gain":0,"player_choice":"Ignored","damage_taken":0,"max_hp_gain":0,"max_hp_loss":0,"event_name":"Mysterious Sphere","floor":38,"gold_loss":0},{"damage_healed":0,"gold_gain":0,"player_choice":"Max HP","damage_taken":0,"max_hp_gain":0,"max_hp_loss":3,"event_name":"Winding Halls","floor":41,"gold_loss":0}],"is_beta":false,"boss_relics":[{"not_picked":["Calling Bell","Snecko Eye"],"picked":"SlaversCollar"},{"not_picked":["Philosopher\u0027s Stone","Pandora\u0027s Box"],"picked":"Empty Cage"}],"items_purged_floors":[2,28],"is_endless":false,"potions_floor_spawned":[5,11,16,20,24],"killed_by":"Transient","ascension_level":0}}