{"host":"z4nt7tdd4gjrinn7","time":1614276746,"event":{"mods":["100% Spire Juice","BaseMod","Minty Spire (QoL Compilation)","StSLib"],"gold_per_floor":[118,130,130,142,162,162,162,162,162,187,117,128,128,138,138,237,237,247,247,102,116,127,127,51,51,51,76,91,123,123,123,123,123,123],"floor_reached":33,"language":"ENG","playtime":2163,"items_purged":[],"score":292,"play_id":"bf59e92a-dcf8-49dd-ba7e-291c7079ad15","local_time":"20210225131226","is_ascension_mode":false,"campfire_choices":[{"floor":6,"key":"REST"},{"floor":8,"key":"REST"},{"floor":15,"key":"REST"},{"floor":23,"key":"REST"},{"floor":25,"key":"REST"},{"floor":30,"key":"REST"},{"floor":32,"key":"REST"}],"circlet_count":0,"master_deck":["Strike_B","Strike_B","Strike_B","Strike_B","Defend_B","Defend_B","Defend_B","Defend_B","Zap","Dualcast","Cold Snap","Blizzard","Hello World","Ball Lightning","Ball Lightning","Self Repair+1","Melter+1","Storm+1","Rebound+1"],"relics":["Cracked Core","Frozen Egg 2","Singing Bowl","Fusion Hammer","Ancient Tea Set","Tiny Chest","Red Mask","Cables"],"acts_visited":["Exordium","TheCity"],"potions_floor_usage":[7,12,16,21,22,27,29],"damage_taken":[{"damage":3,"enemies":"Jaw Worm","floor":1,"turns":3},{"damage":0,"enemies":"Cultist","floor":2,"turns":3},{"damage":12,"enemies":"Small Slimes","floor":4,"turns":3},{"damage":15,"enemies":"Blue Slaver","floor":5,"turns":4},{"damage":0,"enemies":"Exordium Thugs","floor":7,"turns":1},{"damage":10,"enemies":"3 Sentries","floor":10,"turns":8},{"damage":9,"enemies":"Exordium Wildlife","floor":12,"turns":5},{"damage":8,"enemies":"Looter","floor":14,"turns":3},{"damage":61,"enemies":"The Guardian","floor":16,"turns":13},{"damage":26,"enemies":"3 Byrds","floor":18,"turns":5},{"damage":25,"enemies":"2 Thieves","floor":21,"turns":4},{"damage":18,"enemies":"Snake Plant","floor":22,"turns":4},{"damage":47,"enemies":"Masked Bandits","floor":27,"turns":4},{"damage":11,"enemies":"Centurion and Healer","floor":28,"turns":6},{"damage":57,"enemies":"Slavers","floor":29,"turns":6},{"damage":115,"enemies":"Champ","floor":33,"turns":10}],"seed_played":"8375463811779905567","potions_obtained":[{"floor":0,"key":"SmokeBomb"},{"floor":0,"key":"SkillPotion"},{"floor":0,"key":"EssenceOfDarkness"},{"floor":10,"key":"SneckoOil"},{"floor":12,"key":"FairyPotion"},{"floor":16,"key":"LiquidMemories"},{"floor":21,"key":"SkillPotion"},{"floor":27,"key":"Fruit Juice"}],"is_trial":false,"path_per_floor":["M","M","?","M","M","R","M","R","T","E","$","M","?","M","R","B",null,"M","?","$","M","M","R","$","R","T","?","M","E","R","?","R","B"],"character_chosen":"DEFECT","items_purchased":["Self Repair+1","Ancient Tea Set","Storm+1"],"campfire_rested":7,"item_purchase_floors":[11,20,24],"current_hp_per_floor":[72,72,72,60,45,67,67,75,75,65,65,68,68,72,79,30,81,65,65,65,52,46,71,71,85,85,53,54,39,67,67,94,0,0],"gold":123,"neow_bonus":"THREE_SMALL_POTIONS","is_daily":false,"chose_seed":false,"campfire_upgraded":0,"win_rate":0.0,"timestamp":1614276746,"path_taken":["M","M","?","M","?","R","M","R","T","E","$","M","?","M","R","BOSS","M","?","$","M","?","R","$","R","T","?","M","E","R","?","R","BOSS"],"items_purchased_type":["Card","Relic","Card"],"build_version":"2020-12-22","purchased_purges":0,"victory":false,"max_hp_per_floor":[75,75,75,75,75,75,75,75,75,75,75,77,77,79,79,81,81,81,81,81,83,85,85,85,85,85,90,92,94,94,94,94,94,94],"card_choices":[{"not_picked":["Heatsinks","Hologram"],"picked":"Cold Snap","floor":1},{"not_picked":["Compile Driver","Fusion"],"picked":"Blizzard","floor":2},{"not_picked":["Lockon","Reinforced Body"],"picked":"Hello World","floor":4},{"not_picked":["Steam Power","Leap"],"picked":"Ball Lightning","floor":5},{"not_picked":["Coolheaded","Streamline"],"picked":"Ball Lightning","floor":10},{"not_picked":["Stack","Cold Snap","Capacitor+1"],"picked":"Singing Bowl","floor":12},{"not_picked":["Leap","Loop+1","Go for the Eyes"],"picked":"Singing Bowl","floor":14},{"not_picked":["All For One","Echo Form+1","Biased Cognition+1"],"picked":"Singing Bowl","floor":16},{"not_picked":["Compile Driver","Stack"],"picked":"Melter+1","floor":18},{"not_picked":["Tempest","Streamline","Leap"],"picked":"Singing Bowl","floor":21},{"not_picked":["Cold Snap","Lockon","Fusion"],"picked":"Singing Bowl","floor":22},{"not_picked":["Aggregate","Compile Driver+1"],"picked":"Rebound+1","floor":27},{"not_picked":["Redo","Steam","Scrape+1"],"picked":"Singing Bowl","floor":28},{"not_picked":["Go for the Eyes","Hologram+1","Compile Driver"],"picked":"Singing Bowl","floor":29}],"player_experience":254443,"relics_obtained":[{"floor":9,"key":"Frozen Egg 2"},{"floor":10,"key":"Singing Bowl"},{"floor":26,"key":"Tiny Chest"},{"floor":27,"key":"Red Mask"},{"floor":29,"key":"Cables"}],"event_choices":[{"damage_healed":0,"gold_gain":0,"player_choice":"Ignored","damage_taken":0,"max_hp_gain":0,"max_hp_loss":0,"event_name":"Purifier","floor":3,"gold_loss":0},{"damage_healed":0,"gold_gain":0,"player_choice":"Ignored","damage_taken":0,"max_hp_gain":0,"max_hp_loss":0,"event_name":"Golden Wing","floor":13,"gold_loss":0},{"damage_healed":0,"gold_gain":0,"player_choice":"Ignored","damage_taken":0,"max_hp_gain":0,"max_hp_loss":0,"event_name":"N\u0027loth","floor":19,"gold_loss":0},{"damage_healed":0,"gold_gain":0,"player_choice":"Fought Bandits","damage_taken":0,"max_hp_gain":0,"max_hp_loss":0,"event_name":"Masked Bandits","floor":27,"gold_loss":0},{"damage_healed":0,"gold_gain":0,"player_choice":"Ignored","damage_taken":0,"max_hp_gain":0,"max_hp_loss":0,"event_name":"Cursed Tome","floor":31,"gold_loss":0}],"is_beta":false,"boss_relics":[{"not_picked":["Sozu","Busted Crown"],"picked":"Fusion Hammer"}],"items_purged_floors":[],"is_endless":false,"potions_floor_spawned":[2,10,12,14,16,21,27],"killed_by":"Champ","ascension_level":0}}