{"host":"eu6p4n7vldm4bcry","time":1614213193,"event":{"mods":["AchievementEnabler","BaseMod","Highlight Path","Minty Spire (QoL Compilation)","Relic Stats","StSLib","ojb\u0027s Info Mod"],"gold_per_floor":[114,36,51,66,241,271,315,315,315,334,372,391,410,260,260,385,385,404,404,423,442,461,499,518,556,568,599,72,91,91,110,110,235,235,254,273,292,311,330,330,368,28,28,28,0,19,57,57,57,57],"floor_reached":51,"language":"ENG","playtime":1562,"items_purged":[],"score":1290,"play_id":"bb02db03-b4ae-4421-8c9a-80d6e92911c5","local_time":"20210224193313","daily_mods":["Insanity","Colorless Cards","Night Terrors"],"is_ascension_mode":false,"campfire_choices":[{"data":"Mind Blast","floor":15.0,"key":"SMITH"},{"data":"1","floor":30,"key":"LIFT"},{"data":"Mind Blast","floor":32,"key":"SMITH"},{"data":"BootSequence","floor":40,"key":"SMITH"},{"data":"Apotheosis","floor":44,"key":"SMITH"},{"data":"Storm","floor":49,"key":"SMITH"}],"circlet_count":0,"master_deck":["Streamline","Hologram","Redo","Ball Lightning","Leap","Gash","Barrage","Hello World","Blizzard","Undo","Turbo","Undo","Bandage Up","Streamline","BootSequence+1","Glacier","Stack","Gash","Ball Lightning","Turbo","Gash","Turbo","Beam Cell","Trip","Redo","Jack Of All Trades","Ball Lightning","Coolheaded","Hologram","Leap","Doom and Gloom","Hologram","Coolheaded","Ball Lightning","Rebound","Self Repair","Streamline","Skim","Loop","Blizzard","Mind Blast+1","Barrage","Beam Cell","Rebound","Streamline","Static Discharge","FTL","Scrape","Loop","Streamline","Undo","Storm+1","Hologram","Rebound","Doubt","Conserve Battery","Beam Cell","Injury","Seek","Redo","Rebound","Leap","Mind Blast+1","Barrage","Glacier","Barrage","Leap","Master of Strategy","Streamline+1","FTL","BootSequence","Cold Snap","Darkness+1","Gash","Ball Lightning","Apotheosis+1","Hologram","Gash","Storm","Metamorphosis","Redo","Barrage","Sweeping Beam+1","Jack Of All Trades+1","Double Energy","Go for the Eyes","Mind Blast+1","Aggregate","Leap","Streamline"],"relics":["Cracked Core","Girya","MealTicket","Golden Idol","Pantograph","Centennial Puzzle","Orrery","Busted Crown","Nilry\u0027s Codex","Oddly Smooth Stone","MawBank","Bottled Flame","Mercury Hourglass","Nuclear Battery","Bottled Lightning","DollysMirror","Lantern","TungstenRod","Red Mask","Potion Belt"],"acts_visited":["Exordium","TheCity","TheBeyond"],"potions_floor_usage":[33,50,50],"damage_taken":[{"damage":0.0,"enemies":"2 Louse","floor":1.0,"turns":1.0},{"damage":0.0,"enemies":"Small Slimes","floor":3.0,"turns":1.0},{"damage":0.0,"enemies":"Jaw Worm","floor":4.0,"turns":1.0},{"damage":6.0,"enemies":"3 Sentries","floor":6.0,"turns":4.0},{"damage":0.0,"enemies":"Gremlin Nob","floor":7.0,"turns":2.0},{"damage":0.0,"enemies":"Large Slime","floor":10.0,"turns":1.0},{"damage":0.0,"enemies":"Lagavulin","floor":11.0,"turns":3.0},{"damage":0.0,"enemies":"2 Fungi Beasts","floor":12.0,"turns":2.0},{"damage":9.0,"enemies":"Lots of Slimes","floor":13.0,"turns":3.0},{"damage":14.0,"enemies":"Hexaghost","floor":16.0,"turns":6.0},{"damage":0.0,"enemies":"Chosen","floor":18.0,"turns":1.0},{"damage":0.0,"enemies":"2 Thieves","floor":20.0,"turns":1.0},{"damage":0.0,"enemies":"Sentry and Sphere","floor":21.0,"turns":1.0},{"damage":0.0,"enemies":"Shelled Parasite and Fungi","floor":22.0,"turns":2.0},{"damage":0.0,"enemies":"Gremlin Leader","floor":23.0,"turns":2.0},{"damage":0.0,"enemies":"3 Cultists","floor":24.0,"turns":3.0},{"damage":0.0,"enemies":"Slavers","floor":25.0,"turns":2.0},{"damage":0.0,"enemies":"Chosen and Byrds","floor":27.0,"turns":2.0},{"damage":0.0,"enemies":"Snecko","floor":29.0,"turns":1.0},{"damage":0,"enemies":"Centurion and Healer","floor":31,"turns":1},{"damage":0,"enemies":"Automaton","floor":33,"turns":2},{"damage":0,"enemies":"3 Darklings","floor":35,"turns":2},{"damage":0,"enemies":"3 Shapes","floor":36,"turns":2},{"damage":0,"enemies":"Jaw Worm Horde","floor":37,"turns":2},{"damage":0,"enemies":"Writhing Mass","floor":38,"turns":1},{"damage":0,"enemies":"4 Shapes","floor":39,"turns":2},{"damage":0,"enemies":"Reptomancer","floor":41,"turns":2},{"damage":0,"enemies":"3 Darklings","floor":46,"turns":1},{"damage":0,"enemies":"Giant Head","floor":47,"turns":2},{"damage":0,"enemies":"Donu and Deca","floor":50,"turns":3}],"seed_played":"3523290589944034342","potions_obtained":[{"floor":3.0,"key":"Strength Potion"},{"floor":4.0,"key":"Regen Potion"},{"floor":7.0,"key":"LiquidMemories"},{"floor":11.0,"key":"ColorlessPotion"},{"floor":16.0,"key":"ColorlessPotion"},{"floor":21.0,"key":"SteroidPotion"},{"floor":33,"key":"Regen Potion"},{"floor":38,"key":"Swift Potion"},{"floor":47,"key":"SneckoOil"}],"is_trial":false,"path_per_floor":["M","$","M","M","?","E","?","?","T","M","E","M","M","$","R","B",null,"M","?","M","M","M","E","M","E","T","M","$","M","R","M","R","B",null,"M","M","M","M","M","R","E","$","T","R","?","M","E","?","R","B",null],"character_chosen":"DEFECT","items_purchased":["Storm","Orrery","Apotheosis","Mercury Hourglass","Hologram","Gash","DollysMirror","Lantern","Aggregate"],"campfire_rested":0,"item_purchase_floors":[2,14,28,28,28,28,42,42,42],"current_hp_per_floor":[75,75,75,75,75,69,69,69,69,69,69,69,64,75,75,68,75,75,59,59,59,63,67,71,75,75,75,75,75,75,75,75,75,75,75,75,75,75,75,75,75,75,75,75,75,75,75,75,75,75],"gold":57,"neow_bonus":"","is_daily":true,"chose_seed":false,"campfire_upgraded":5,"win_rate":0.0,"timestamp":1614213193,"path_taken":["M","$","M","M","?","E","?","?","T","M","E","M","M","$","R","BOSS","M","?","M","M","M","E","M","E","T","M","$","M","R","M","R","BOSS","M","M","M","M","M","R","E","$","T","R","?","M","E","?","R","BOSS"],"items_purchased_type":["Card","Relic","Card","Relic","Card","Card","Relic","Relic","Card"],"build_version":"2020-12-22","purchased_purges":0,"victory":true,"max_hp_per_floor":[75,75,75,75,75,75,75,75,75,75,75,75,75,75,75,75,75,75,75,75,75,75,75,75,75,75,75,75,75,75,75,75,75,75,75,75,75,75,75,75,75,75,75,75,75,75,75,75,75,75],"relic_stats":{"Centennial Puzzle":[6],"Busted Crown":38,"counters":[30,59],"Golden Idol":183,"Pantograph":0,"MealTicket":11,"MawBank":36,"obtain_stats":[{"Potion Belt":47,"Girya":6,"Lantern":42,"Golden Idol":8,"Nilry\u0027s Codex":19,"Oddly Smooth Stone":23,"MawBank":25,"Mercury Hourglass":28,"Nuclear Battery":34,"Centennial Puzzle":11,"Bottled Flame":26,"Busted Crown":17,"DollysMirror":42,"Pantograph":9,"Orrery":14,"MealTicket":7,"Red Mask":45,"Bottled Lightning":41,"Cracked Core":0,"TungstenRod":43},{"Potion Belt":29,"Girya":4,"Lantern":27,"Golden Idol":5,"Nilry\u0027s Codex":11,"Oddly Smooth Stone":15,"MawBank":17,"Mercury Hourglass":18,"Nuclear Battery":21,"Centennial Puzzle":7,"Bottled Flame":17,"Busted Crown":10,"DollysMirror":27,"Pantograph":5,"Orrery":9,"MealTicket":4,"Red Mask":27,"Bottled Lightning":27,"Cracked Core":0,"TungstenRod":27},{"Potion Belt":56,"Girya":7,"Lantern":53,"Golden Idol":9,"Nilry\u0027s Codex":25,"Oddly Smooth Stone":31,"MawBank":36,"Mercury Hourglass":38,"Nuclear Battery":42,"Centennial Puzzle":13,"Bottled Flame":36,"Busted Crown":24,"DollysMirror":53,"Pantograph":9,"Orrery":18,"MealTicket":7,"Red Mask":53,"Bottled Lightning":53,"Cracked Core":0,"TungstenRod":53}],"TungstenRod":0,"Mercury Hourglass":[108]},"card_choices":[{"not_picked":["Redo","Conserve Battery"],"picked":"Undo","floor":1.0},{"not_picked":["Turbo","Compile Driver"],"picked":"Hologram","floor":3.0},{"not_picked":["Barrage","Cold Snap"],"picked":"Rebound","floor":4.0},{"not_picked":["Steam","Sweeping Beam"],"picked":"Conserve Battery","floor":6.0},{"not_picked":["Redo","Reinforced Body"],"picked":"Beam Cell","floor":7.0},{"not_picked":["Ball Lightning","Flash of Steel"],"picked":"Seek","floor":10.0},{"not_picked":["Trip","Barrage"],"picked":"Redo","floor":11.0},{"not_picked":["Scrape","Ball Lightning"],"picked":"Rebound","floor":12.0},{"not_picked":["Sweeping Beam","Cold Snap"],"picked":"Leap","floor":13.0},{"not_picked":["Swift Strike","Go for the Eyes"],"picked":"Mind Blast","floor":14.0},{"not_picked":["Streamline","Steam"],"picked":"Barrage","floor":14.0},{"not_picked":["Steam","Compile Driver"],"picked":"Glacier","floor":14.0},{"not_picked":["Chaos","Tempest"],"picked":"Barrage","floor":14.0},{"not_picked":["Hologram","Redo"],"picked":"Leap","floor":14.0},{"not_picked":["Thinking Ahead","Biased Cognition"],"picked":"Master of Strategy","floor":16.0},{"not_picked":[],"picked":"Streamline+1","floor":18.0},{"not_picked":["Steam+1"],"picked":"SKIP","floor":20.0},{"not_picked":[],"picked":"FTL","floor":21.0},{"not_picked":[],"picked":"BootSequence","floor":22.0},{"not_picked":[],"picked":"Cold Snap","floor":23.0},{"not_picked":[],"picked":"Darkness+1","floor":24.0},{"not_picked":[],"picked":"Gash","floor":25.0},{"not_picked":[],"picked":"Ball Lightning","floor":27.0},{"not_picked":[],"picked":"Storm","floor":29.0},{"not_picked":["Cold Snap"],"picked":"SKIP","floor":31},{"not_picked":[],"picked":"Metamorphosis","floor":33},{"not_picked":[],"picked":"Redo","floor":35},{"not_picked":[],"picked":"Barrage","floor":36},{"not_picked":[],"picked":"Sweeping Beam+1","floor":37},{"not_picked":[],"picked":"Jack Of All Trades+1","floor":38},{"not_picked":[],"picked":"Double Energy","floor":39},{"not_picked":[],"picked":"Go for the Eyes","floor":41},{"not_picked":[],"picked":"Leap","floor":46},{"not_picked":[],"picked":"Streamline","floor":47}],"player_experience":1927066,"relics_obtained":[{"floor":6.0,"key":"Girya"},{"floor":9.0,"key":"Pantograph"},{"floor":11.0,"key":"Centennial Puzzle"},{"floor":19.0,"key":"Nilry\u0027s Codex"},{"floor":23.0,"key":"Oddly Smooth Stone"},{"floor":25.0,"key":"MawBank"},{"floor":26.0,"key":"Bottled Flame"},{"floor":41,"key":"Bottled Lightning"},{"floor":43,"key":"TungstenRod"},{"floor":47,"key":"Potion Belt"}],"event_choices":[{"damage_healed":0.0,"max_hp_gain":0.0,"max_hp_loss":0.0,"gold_gain":175.0,"event_name":"Liars Game","player_choice":"AGREE","floor":5.0,"gold_loss":0.0,"damage_taken":0.0,"cards_obtained":["Doubt"]},{"damage_healed":0.0,"max_hp_gain":0.0,"max_hp_loss":0.0,"gold_gain":0.0,"event_name":"Dead Adventurer","player_choice":"Searched \u00273\u0027 times","floor":7.0,"gold_loss":0.0,"damage_taken":0.0,"relics_obtained":["MealTicket"]},{"damage_healed":0.0,"max_hp_gain":0.0,"max_hp_loss":0.0,"gold_gain":0.0,"event_name":"Golden Idol","player_choice":"Take Wound","floor":8.0,"gold_loss":0.0,"damage_taken":0.0,"relics_obtained":["Golden Idol"],"cards_obtained":["Injury"]},{"damage_healed":0.0,"max_hp_gain":0.0,"max_hp_loss":0.0,"gold_gain":0.0,"event_name":"Cursed Tome","player_choice":"Obtained Book","floor":19.0,"gold_loss":0.0,"damage_taken":16.0},{"damage_healed":0,"gold_gain":0,"player_choice":"Paid","damage_taken":0,"relics_obtained":["Red Mask"],"max_hp_gain":0,"max_hp_loss":0,"event_name":"Tomb of Lord Red Mask","floor":45,"gold_loss":28},{"damage_healed":0,"gold_gain":0,"player_choice":"Ignored","damage_taken":0,"max_hp_gain":0,"max_hp_loss":0,"event_name":"The Moai Head","floor":48,"gold_loss":0}],"is_beta":false,"boss_relics":[{"not_picked":["Tiny House","Calling Bell"],"picked":"Busted Crown"},{"not_picked":["Runic Pyramid","Astrolabe"],"picked":"Nuclear Battery"}],"items_purged_floors":[],"is_endless":false,"potions_floor_spawned":[3,4,7,11,16,21,22,23,29,33,38,41,46,47],"ascension_level":0}}