{"host":"hszimsrtxxc2k25w","time":1614288962,"event":{"mods":["AchievementEnabler","BaseMod","Colored Map","DeckTracker","Minty Spire (QoL Compilation)","Rare Cards Sparkle","SuperFastMode"],"gold_per_floor":[116,134,144,144,154,154,180,180,180,180,190,190,190,190],"floor_reached":13,"language":"KOR","playtime":192,"items_purged":[],"score":149,"play_id":"1791314c-48ff-4b66-92f9-d96c4e4b29a8","local_time":"20210226063602","is_ascension_mode":true,"campfire_choices":[{"data":"Eruption","floor":6.0,"key":"SMITH"},{"data":"FlurryOfBlows","floor":8,"key":"SMITH"}],"circlet_count":0,"master_deck":["AscendersBane","Strike_P+1","Strike_P","Strike_P","Strike_P","Defend_P","Defend_P","Defend_P","Defend_P+1","Eruption+1","Vigilance","SandsOfTime","FlurryOfBlows+1"],"relics":["PureWater","NeowsBlessing","Sundial","StrikeDummy"],"acts_visited":["Exordium"],"potions_floor_usage":[7,13],"damage_taken":[{"damage":0.0,"enemies":"Small Slimes","floor":1.0,"turns":1.0},{"damage":0.0,"enemies":"Jaw Worm","floor":2.0,"turns":1.0},{"damage":0.0,"enemies":"Cultist","floor":3.0,"turns":1.0},{"damage":0.0,"enemies":"Large Slime","floor":5.0,"turns":2.0},{"damage":2,"enemies":"Lagavulin","floor":7,"turns":5},{"damage":22,"enemies":"Exordium Thugs","floor":11,"turns":5},{"damage":12,"enemies":"3 Sentries","floor":13,"turns":4}],"seed_played":"-4130442666086855779","potions_obtained":[{"floor":1.0,"key":"FearPotion"},{"floor":2.0,"key":"Fruit Juice"}],"is_trial":false,"path_per_floor":["M","M","M","?","M","R","E","R","T","?","M","?","E"],"character_chosen":"WATCHER","items_purchased":[],"campfire_rested":0,"item_purchase_floors":[],"current_hp_per_floor":[61,61,61,41,41,41,39,39,39,39,17,17,10,10],"gold":190,"neow_bonus":"THREE_ENEMY_KILL","is_daily":false,"chose_seed":false,"campfire_upgraded":2,"win_rate":0.0,"timestamp":1614288962,"path_taken":["M","M","M","?","M","R","E","R","T","?","M","?","E"],"items_purchased_type":[],"build_version":"2020-12-22","purchased_purges":0,"victory":false,"max_hp_per_floor":[68,68,68,68,68,68,68,68,68,68,68,68,73,73],"card_choices":[{"not_picked":["FollowUp","Consecrate"],"picked":"SandsOfTime","floor":1.0},{"not_picked":["Study","PathToVictory","Protect"],"picked":"SKIP","floor":2.0},{"not_picked":["Protect","SashWhip","Collect"],"picked":"SKIP","floor":3.0},{"not_picked":["FollowUp","PathToVictory"],"picked":"FlurryOfBlows","floor":5.0},{"not_picked":["CutThroughFate","Collect","Protect"],"picked":"SKIP","floor":7},{"not_picked":["EmptyFist","FlyingSleeves","Protect"],"picked":"SKIP","floor":11}],"player_experience":710217,"relics_obtained":[{"floor":7,"key":"Sundial"},{"floor":9,"key":"StrikeDummy"}],"event_choices":[{"damage_healed":0.0,"max_hp_gain":0.0,"max_hp_loss":0.0,"gold_gain":0.0,"event_name":"Shining Light","player_choice":"Entered Light","floor":4.0,"gold_loss":0.0,"damage_taken":20.0,"cards_upgraded":["Strike_P","Defend_P"]},{"damage_healed":0,"gold_gain":0,"player_choice":"Ignored","damage_taken":0,"max_hp_gain":0,"max_hp_loss":0,"event_name":"Liars Game","floor":10,"gold_loss":0},{"damage_healed":0,"gold_gain":0,"player_choice":"0 cards matched","damage_taken":0,"max_hp_gain":0,"max_hp_loss":0,"event_name":"Match and Keep!","floor":12,"gold_loss":0,"cards_obtained":[]}],"is_beta":false,"boss_relics":[],"items_purged_floors":[],"is_endless":false,"potions_floor_spawned":[1,2],"killed_by":"3 Sentries","ascension_level":15}}