{"host":"dg9ago0zd82drrsw","time":1614242135,"event":{"mods":["BaseMod","Bestiary","Colored Powertips","Downfall","GifTheSpireLib","Minty Spire (QoL Compilation)","Relic Stats","StSLib"],"gold_per_floor":[99,99,99,5,19,38,89,89,100,119,146,146,19,19,33,132,132,132,148,167,186,200,200,200,400,6,17,17,17,23,40,57,161,161,161,178,155,155,155,77,94,94],"floor_reached":43,"language":"ENG","playtime":1896,"items_purged":["hexamod:AdvancingGuard","downfall:Haunted"],"score":703,"play_id":"3f00da75-7093-4a8f-8806-6e215ab64a61","local_time":"20210225113535","is_ascension_mode":false,"campfire_choices":[{"data":"hexamod:Float","floor":1.0,"key":"SMITH"},{"data":"hexamod:GhostOfSpirePresent","floor":8.0,"key":"SMITH"},{"data":"hexamod:SpectralAdrenaline","floor":18.0,"key":"SMITH"},{"floor":28.0,"key":"REST"},{"data":"hexamod:UnlimitedPower","floor":35,"key":"SMITH"},{"floor":39,"key":"REST"}],"circlet_count":0,"master_deck":["hexamod:Sear","hexamod:Float+1","hexamod:SwordOfDarkness","hexamod:HeatCrush","hexamod:GhostOfSpirePresent+1","hexamod:PowerFromBeyond","hexamod:Hexaguard","hexamod:NightmareGuise","hexamod:ParanormalForm","hexamod:SpectralAdrenaline+1","hexamod:BurningTouch","hexamod:VolcanoVisage+1","Flash of Steel","hexamod:RainOfEmbers","hexamod:GiftsFromTheDead","hexamod:NecessarySacrifice+1","hexamod:GhostflameBarrier","hexamod:ExtraCrispy+1","hexamod:PowerFromBeyond","hexamod:PowerFromBeyond","hexamod:FlamesFromBeyond","hexamod:HeatShield","hexamod:ThermalTransfer","hexamod:HeatCrush","hexamod:SearingWound","hexamod:RetreatToShadows+1","hexamod:SixthSeal","hexamod:ChargedBarrage","hexamod:PowerFromBeyond","hexamod:ThermalTransfer","hexamod:UnlimitedPower+1","hexamod:AdvancingGuard","hexamod:UnleashSpirits","hexamod:RadiantFlame","hexamod:GhostOfSpireFuture","hexamod:ShieldOfDarkness+1","hexamod:Hexaguard","hexamod:PhantomCloak","hexamod:FlamesFromBeyond+1"],"relics":["hexamod:SpiritBrand","downfall:HeartsMalice","Boot","Bronze Scales","Kunai","Sozu","Bottled Lightning","ClockworkSouvenir","Blue Candle","FossilizedHelix","Pandora\u0027s Box","downfall:TeleportStone"],"acts_visited":["Exordium","TheCity","TheBeyond"],"potions_floor_usage":[42,42,42],"damage_taken":[{"damage":0.0,"enemies":"Jaw Worm","floor":2.0,"turns":1.0},{"damage":0.0,"enemies":"Cultist","floor":3.0,"turns":1.0},{"damage":0.0,"enemies":"downfall:FleeingMerchant","floor":4.0,"turns":1.0},{"damage":0.0,"enemies":"2 Louse","floor":5.0,"turns":2.0},{"damage":4.0,"enemies":"Blue Slaver","floor":6.0,"turns":5.0},{"damage":6.0,"enemies":"3 Louse","floor":9.0,"turns":5.0},{"damage":5.0,"enemies":"2 Fungi Beasts","floor":10.0,"turns":4.0},{"damage":13.0,"enemies":"3 Sentries","floor":11.0,"turns":8.0},{"damage":0.0,"enemies":"downfall:FleeingMerchant","floor":13.0,"turns":4.0},{"damage":0.0,"enemies":"Exordium Thugs","floor":15.0,"turns":3.0},{"damage":32.0,"enemies":"DF_ARCHETYPE_STREAMLINE","floor":16.0,"turns":9.0},{"damage":10.0,"enemies":"Spheric Guardian","floor":19.0,"turns":4.0},{"damage":4.0,"enemies":"3 Byrds","floor":20.0,"turns":3.0},{"damage":10.0,"enemies":"3 Cultists","floor":21.0,"turns":5.0},{"damage":1.0,"enemies":"Snecko","floor":22.0,"turns":4.0},{"damage":0.0,"enemies":"downfall:FleeingMerchant","floor":26.0,"turns":4.0},{"damage":23.0,"enemies":"Shelled Parasite and Fungi","floor":27.0,"turns":5.0},{"damage":0.0,"enemies":"downfall:FleeingMerchant","floor":30.0,"turns":3.0},{"damage":3.0,"enemies":"Sentry and Sphere","floor":31.0,"turns":5.0},{"damage":0.0,"enemies":"Centurion and Healer","floor":32.0,"turns":7.0},{"damage":22,"enemies":"IC_MUSHROOM_ARCHETYPE","floor":33,"turns":7},{"damage":30,"enemies":"3 Darklings","floor":36,"turns":6},{"damage":0,"enemies":"3 Shapes","floor":41,"turns":6},{"damage":54,"enemies":"WA_ARCHETYPE_DIVINITY","floor":42,"turns":9}],"seed_played":"-7394772490962461919","potions_obtained":[{"floor":6.0,"key":"hexamod:SoulburnPotion"},{"floor":9.0,"key":"SkillPotion"},{"floor":10.0,"key":"LiquidMemories"},{"floor":15.0,"key":"FearPotion"},{"floor":16.0,"key":"BlessingOfTheForge"}],"is_trial":false,"path_per_floor":["R","M","M","$","M","M","T","R","M","M","E","?","$","T","M","B",null,"R","M","M","M","M","?","T","?","$","M","R","?","$","M","M","B",null,"R","M","$","?","R","$","M","B",null],"character_chosen":"THE_SPIRIT","items_purchased":["hexamod:PowerFromBeyond","hexamod:Hexaguard","hexamod:RainOfEmbers","hexamod:PowerFromBeyond","hexamod:FlamesFromBeyond","ClockworkSouvenir","FossilizedHelix","hexamod:HeatCrush","hexamod:Hexaguard","hexamod:PhantomCloak"],"campfire_rested":2,"item_purchase_floors":[4,4,13,26,26,26,30,30,37,40],"current_hp_per_floor":[70,70,70,70,70,66,66,66,60,55,42,42,42,42,42,10,70,70,60,56,46,45,45,45,45,45,22,43,38,38,35,35,13,70,70,40,40,40,61,61,61,7],"gold":94,"neow_bonus":"THREE_ENEMY_KILL","is_daily":false,"chose_seed":false,"campfire_upgraded":4,"win_rate":0.0,"timestamp":1614242135,"path_taken":["R","M","M","$","M","M","T","R","M","M","E","?","$","?","M","BOSS","R","M","M","?","M","?","T","?","?","M","R","?","$","M","M","BOSS","R","M","$","?","R","$","M","BOSS"],"items_purchased_type":["Card","Card","Card","Card","Card","Relic","Relic","Card","Card","Card"],"build_version":"2020-12-22","purchased_purges":2,"victory":true,"max_hp_per_floor":[70,70,70,70,70,70,70,70,70,70,70,70,70,70,70,70,70,70,70,70,70,70,70,70,70,70,70,70,70,70,70,70,70,70,70,70,70,70,70,70,70,70],"relic_stats":{"Sozu":4,"counters":[24,108],"Bronze Scales":[234],"Blue Candle":[0],"Pandora\u0027s Box":["hexamod:ChargedBarrage","hexamod:PowerFromBeyond","hexamod:ThermalTransfer","hexamod:UnlimitedPower","hexamod:AdvancingGuard","hexamod:UnleashSpirits","hexamod:RadiantFlame","hexamod:GhostOfSpireFuture"],"Kunai":[7],"Boot":[31],"obtain_stats":[{"Sozu":17,"Bronze Scales":11,"Blue Candle":29,"downfall:HeartsMalice":0,"Pandora\u0027s Box":34,"downfall:TeleportStone":38,"Kunai":14,"Bottled Lightning":24,"Boot":7,"hexamod:SpiritBrand":0,"FossilizedHelix":30,"ClockworkSouvenir":26},{"Sozu":11,"Bronze Scales":8,"Blue Candle":17,"downfall:HeartsMalice":0,"Pandora\u0027s Box":21,"downfall:TeleportStone":22,"Kunai":9,"Bottled Lightning":15,"Boot":5,"hexamod:SpiritBrand":0,"FossilizedHelix":18,"ClockworkSouvenir":16},{"Sozu":40,"Bronze Scales":24,"Blue Candle":65,"downfall:HeartsMalice":0,"Pandora\u0027s Box":87,"downfall:TeleportStone":93,"Kunai":28,"Bottled Lightning":56,"Boot":7,"hexamod:SpiritBrand":0,"FossilizedHelix":68,"ClockworkSouvenir":60}]},"card_choices":[{"not_picked":["hexamod:GhostOfSpirePast","hexamod:Rewind"],"picked":"hexamod:SwordOfDarkness","floor":2.0},{"not_picked":["hexamod:HauntingEcho","hexamod:RetreatToShadows"],"picked":"hexamod:HeatCrush","floor":3.0},{"not_picked":["hexamod:GhostShield","hexamod:Firestarter"],"picked":"hexamod:GhostOfSpirePresent","floor":4.0},{"not_picked":["hexamod:AdvancingGuard","hexamod:HauntingEcho"],"picked":"hexamod:NightmareGuise","floor":5.0},{"not_picked":["hexamod:InspiringFlames","hexamod:FirstSeal"],"picked":"hexamod:ParanormalForm","floor":6.0},{"not_picked":["hexamod:RadiantFlame","hexamod:InspiringFlames"],"picked":"hexamod:SpectralAdrenaline","floor":9.0},{"not_picked":["hexamod:EmpoweredFlame","hexamod:NecessarySacrifice"],"picked":"hexamod:BurningTouch","floor":10.0},{"not_picked":["hexamod:NightmareGuise","hexamod:PhantomFireball"],"picked":"hexamod:VolcanoVisage","floor":11.0},{"not_picked":["hexamod:Firestarter","hexamod:RetreatToShadows"],"picked":"hexamod:AdvancingGuard","floor":13.0},{"not_picked":["hexamod:BurningTouch","hexamod:HauntingEcho","hexamod:InspiringFlames"],"picked":"SKIP","floor":15.0},{"not_picked":["hexamod:TimeOfNeed","hexamod:GhostflameInferno"],"picked":"hexamod:GiftsFromTheDead","floor":16.0},{"not_picked":["hexamod:InspiringFlames","hexamod:Firestarter","hexamod:Rewind+1"],"picked":"SKIP","floor":19.0},{"not_picked":["hexamod:ChargedBarrage","hexamod:GhostOfSpirePast+1"],"picked":"hexamod:NecessarySacrifice","floor":20.0},{"not_picked":["hexamod:HeatMetal","hexamod:SecondSeal"],"picked":"hexamod:GhostflameBarrier","floor":21.0},{"not_picked":["hexamod:RetreatToShadows","hexamod:NecessarySacrifice"],"picked":"hexamod:ExtraCrispy+1","floor":22.0},{"not_picked":["hexamod:NightmareStrike+1","hexamod:Hexaguard"],"picked":"hexamod:PowerFromBeyond","floor":26.0},{"not_picked":["hexamod:EmpoweredFlame","hexamod:HeatCrush"],"picked":"hexamod:HeatShield","floor":27.0},{"not_picked":["hexamod:AdvancingGuard","hexamod:SpectralAdrenaline"],"picked":"hexamod:ThermalTransfer","floor":30.0},{"not_picked":["hexamod:NightmareGuise","hexamod:GhostOfSpireFuture+1"],"picked":"hexamod:SearingWound","floor":31.0},{"not_picked":["hexamod:Hexaguard+1","hexamod:SoulSteal"],"picked":"hexamod:RetreatToShadows+1","floor":32.0},{"not_picked":["hexamod:FifthSeal","hexamod:ParanormalForm"],"picked":"hexamod:SixthSeal","floor":33},{"not_picked":["hexamod:BacktrackSmack+1","hexamod:BurningTouch"],"picked":"hexamod:ShieldOfDarkness+1","floor":36},{"not_picked":["hexamod:BurningTouch","hexamod:ShieldOfDarkness"],"picked":"hexamod:FlamesFromBeyond+1","floor":41}],"player_experience":782173,"relics_obtained":[{"floor":7.0,"key":"Boot"},{"floor":11.0,"key":"Bronze Scales"},{"floor":14.0,"key":"Kunai"},{"floor":24.0,"key":"Bottled Lightning"}],"event_choices":[],"is_beta":false,"boss_relics":[{"not_picked":["SlaversCollar","Velvet Choker"],"picked":"Sozu"},{"not_picked":["bronze:MakeshiftBattery","Philosopher\u0027s Stone"],"picked":"Pandora\u0027s Box"}],"items_purged_floors":[13,26],"is_endless":false,"potions_floor_spawned":[6,9,10,15,16,20,31,32,33],"ascension_level":0}}