{"host":"tubmkv2g6v9d0kjw","time":1614275514,"event":{"mods":["2.2 Compatiblity","BaseMod","Conspire","Downfall","Hubris","Minty Spire (QoL Compilation)","Relic Stats","Spire Arcade","StSLib"],"gold_per_floor":[99,113,131,142,242,22,22,36,36,36,69,87,87,87,105,105,105,105],"floor_reached":16,"language":"ENG","playtime":841,"items_purged":[],"score":167,"play_id":"7ab6c6d5-830e-4c80-b196-ae72f5e6aaad","local_time":"20210225115154","is_ascension_mode":true,"campfire_choices":[{"floor":1,"key":"RECALL"},{"data":"Apotheosis","floor":9,"key":"SMITH"}],"circlet_count":0,"master_deck":["conspire:GhostlyStrike","conspire:GhostlyStrike","conspire:GhostlyStrike","conspire:GhostlyStrike","conspire:GhostlyDefend","conspire:GhostlyDefend","conspire:GhostlyDefend+1","conspire:GhostlyDefend","Guardian:CurlUp+1","Guardian:TwinSlam+1","Guardian:GuardianWhirl","Guardian:Incinerate","Guardian:SpikerProtocol","Guardian:PrimingBeam","Apotheosis+1","Guardian:MultiBeam+1","Guardian:AncientConstruct","Guardian:FuturePlans","Guardian:Gem_Red"],"relics":["Guardian:ModeShifter","Meat on the Bone","War Paint","hubris:Towel"],"acts_visited":["Exordium"],"potions_floor_usage":[12,16],"damage_taken":[{"damage":1,"enemies":"conspire:RoseBush","floor":2,"turns":4},{"damage":0,"enemies":"Small Slimes","floor":3,"turns":3},{"damage":1,"enemies":"Cultist","floor":4,"turns":3},{"damage":0,"enemies":"downfall:FleeingMerchant","floor":6,"turns":4},{"damage":8,"enemies":"Large Slime","floor":8,"turns":5},{"damage":10,"enemies":"3 Sentries","floor":11,"turns":6},{"damage":22,"enemies":"Exordium Thugs","floor":12,"turns":3},{"damage":14,"enemies":"3 Louse","floor":15,"turns":3},{"damage":55,"enemies":"WA_ARCHETYPE_RETAIN","floor":16,"turns":7}],"seed_played":"-9075830602693950694","potions_obtained":[{"floor":2,"key":"Fire Potion"},{"floor":11,"key":"champ:CounterPotion"},{"floor":15,"key":"LiquidMemories"}],"is_trial":false,"path_per_floor":["R","M","M","M","?","$","T","M","R","?","E","M","?","?","M","B"],"character_chosen":"GUARDIAN","items_purchased":["Apotheosis","Guardian:MultiBeam"],"campfire_rested":0,"item_purchase_floors":[6,6],"current_hp_per_floor":[80,79,79,78,78,78,78,70,70,70,60,50,50,50,48,0,0,0],"gold":105,"neow_bonus":"UPGRADE_CARD","is_daily":false,"chose_seed":false,"campfire_upgraded":1,"win_rate":0.0,"timestamp":1614275514,"path_taken":["R","M","M","M","?","$","T","M","R","?","E","?","?","?","M","BOSS"],"items_purchased_type":["Card","Card"],"build_version":"2020-12-22","purchased_purges":0,"victory":false,"max_hp_per_floor":[80,80,80,80,80,80,80,80,80,80,80,80,80,80,80,80,80,80],"relic_stats":{"counters":[9,38],"War Paint":["Guardian:Defend_Guardian","Guardian:CurlUp"],"obtain_stats":[{"Guardian:ModeShifter":0,"War Paint":11,"hubris:Towel":13,"Meat on the Bone":7},{"Guardian:ModeShifter":0,"War Paint":6,"hubris:Towel":7,"Meat on the Bone":4},{"Guardian:ModeShifter":0,"War Paint":25,"hubris:Towel":28,"Meat on the Bone":14}],"Meat on the Bone":24},"card_choices":[{"not_picked":["Guardian:Clone","Guardian:Recover"],"picked":"Guardian:GuardianWhirl","floor":2},{"not_picked":["Guardian:CrystalBeam","Guardian:PrismaticBarrier"],"picked":"Guardian:Incinerate","floor":3},{"not_picked":["Guardian:Gem_Lightblue","Guardian:Reroute"],"picked":"Guardian:SpikerProtocol","floor":4},{"not_picked":["Guardian:Gem_Purple","Guardian:PiercingHide"],"picked":"Guardian:PrimingBeam","floor":6},{"not_picked":["Guardian:PrismaticBarrier","Guardian:TemporalShield","Guardian:CrystalBeam"],"picked":"SKIP","floor":8},{"not_picked":["Guardian:PrismaticBarrier","Guardian:TemporalShield","Guardian:CrystalBeam"],"picked":"SKIP","floor":8},{"not_picked":["Guardian:EvasiveProtocol","Guardian:Orbwalk"],"picked":"Guardian:AncientConstruct","floor":11},{"not_picked":["Guardian:ShieldCharger","Guardian:Recover"],"picked":"Guardian:FuturePlans","floor":12},{"not_picked":["Guardian:PrismaticBeam","Guardian:PrimingBeam"],"picked":"Guardian:Gem_Red","floor":15}],"player_experience":563155,"relics_obtained":[{"floor":7,"key":"Meat on the Bone"},{"floor":11,"key":"War Paint"}],"event_choices":[{"damage_healed":0,"gold_gain":0,"player_choice":"Agree","damage_taken":0,"max_hp_gain":0,"max_hp_loss":0,"event_name":"conspire:LoneGhost","floor":14,"gold_loss":0}],"is_beta":false,"boss_relics":[],"items_purged_floors":[],"is_endless":false,"potions_floor_spawned":[2,11,15],"killed_by":"WA_ARCHETYPE_RETAIN","ascension_level":3}}