{"host":"dpbezu80jg8zk7un","time":1614290067,"event":{"mods":["BaseMod","Colored Map","Colored Powertips","Custom Start","DeckTracker","Minty Spire (QoL Compilation)","Quick Restart","StSLib","SuperFastMode"],"gold_per_floor":[364,384,400,159,159,159,188,200,285,47,47,75,92,92,92,164,164,179,190,190,190,203,203,228,247,247,258,289,289,289,289,289,366,366,376,386,386,261,273,273,273],"floor_reached":40,"language":"KOR","playtime":1079,"items_purged":["Strike_P","Defend_P","Eruption+1"],"score":968,"play_id":"05ad4d2a-be57-4bc2-a133-588df20f1920","local_time":"20210226065427","is_ascension_mode":true,"campfire_choices":[{"data":"Eruption","floor":6.0,"key":"SMITH"},{"data":"Adaptation","floor":8.0,"key":"SMITH"},{"data":"Adaptation","floor":11.0,"key":"SMITH"},{"floor":15.0,"key":"RECALL"},{"floor":23.0,"key":"REST"},{"floor":29.0,"key":"REST"},{"floor":32.0,"key":"REST"}],"circlet_count":0,"master_deck":["AscendersBane","Defend_P+1","Vigilance+1","Tantrum+1","EmptyFist+1","Adaptation+1","Adaptation+1","Flash of Steel+1","FlurryOfBlows+1","LessonLearned+1","Halt+1","LessonLearned+1","Flash of Steel+1","MentalFortress+1","Devotion+1","FearNoEvil+1","Vault+1"],"relics":["PureWater","CultistMask","MawBank","Orichalcum","Astrolabe","Bottled Tornado","Boot","Pen Nib","Fusion Hammer"],"acts_visited":["Exordium","TheCity","TheBeyond"],"potions_floor_usage":[40],"damage_taken":[{"damage":5.0,"enemies":"2 Louse","floor":1.0,"turns":3.0},{"damage":0.0,"enemies":"Cultist","floor":2.0,"turns":2.0},{"damage":3.0,"enemies":"Small Slimes","floor":3.0,"turns":3.0},{"damage":0.0,"enemies":"Gremlin Nob","floor":7.0,"turns":2.0},{"damage":20.0,"enemies":"3 Sentries","floor":12.0,"turns":4.0},{"damage":17.0,"enemies":"Red Slaver","floor":13.0,"turns":4.0},{"damage":2.0,"enemies":"Hexaghost","floor":16.0,"turns":7.0},{"damage":0.0,"enemies":"3 Byrds","floor":18.0,"turns":4.0},{"damage":0.0,"enemies":"Chosen","floor":19.0,"turns":3.0},{"damage":0.0,"enemies":"Sentry and Sphere","floor":22.0,"turns":3.0},{"damage":36.0,"enemies":"Book of Stabbing","floor":24.0,"turns":4.0},{"damage":0.0,"enemies":"Chosen and Byrds","floor":25.0,"turns":2.0},{"damage":0.0,"enemies":"Cultist and Chosen","floor":27.0,"turns":3.0},{"damage":0.0,"enemies":"Gremlin Leader","floor":28.0,"turns":3.0},{"damage":21.0,"enemies":"Champ","floor":33.0,"turns":7.0},{"damage":14.0,"enemies":"3 Shapes","floor":35.0,"turns":3.0},{"damage":0.0,"enemies":"3 Darklings","floor":36.0,"turns":3.0},{"damage":8.0,"enemies":"Writhing Mass","floor":39.0,"turns":4.0},{"damage":57,"enemies":"Reptomancer","floor":40,"turns":2}],"seed_played":"-2548657759625914009","potions_obtained":[{"floor":2.0,"key":"Dexterity Potion"},{"floor":7.0,"key":"Regen Potion"},{"floor":22.0,"key":"ColorlessPotion"},{"floor":27.0,"key":"BlessingOfTheForge"},{"floor":33.0,"key":"Dexterity Potion"}],"is_trial":false,"path_per_floor":["M","M","M","$","?","R","E","R","T","$","R","E","M","$","R","B",null,"M","M","?","?","M","R","E","M","T","M","E","R","?","?","R","B",null,"M","M","?","$","M","E"],"character_chosen":"WATCHER","items_purchased":["Adaptation","Flash of Steel","LessonLearned"],"campfire_rested":3,"item_purchase_floors":[4,4,10],"current_hp_per_floor":[56,56,53,53,53,53,53,53,53,53,53,33,16,16,16,14,50,50,50,50,50,50,62,26,26,26,26,26,44,44,27,47,40,60,46,46,46,46,38,0,0],"gold":273,"neow_bonus":"TWO_FIFTY_GOLD","is_daily":false,"chose_seed":false,"campfire_upgraded":3,"win_rate":0.0,"timestamp":1614290067,"path_taken":["M","M","M","$","?","R","E","R","T","$","R","E","M","?","R","BOSS","M","M","?","?","?","R","E","M","T","?","E","R","?","?","R","BOSS","M","M","?","$","M","E"],"items_purchased_type":["Card","Card","Card"],"build_version":"2020-12-22","purchased_purges":3,"victory":false,"max_hp_per_floor":[62,62,62,62,62,62,62,62,62,62,62,62,62,62,62,62,62,62,62,62,62,62,62,62,62,62,62,62,62,62,67,67,67,67,67,67,67,67,67,67,67],"card_choices":[{"not_picked":["ClearTheMind","PathToVictory"],"picked":"Tantrum","floor":1.0},{"not_picked":["SashWhip","Consecrate"],"picked":"EmptyFist","floor":2.0},{"not_picked":["Pray","Evaluate"],"picked":"Adaptation","floor":3.0},{"not_picked":["Weave","BowlingBash"],"picked":"FlurryOfBlows","floor":7.0},{"not_picked":["Tantrum","Consecrate","BattleHymn"],"picked":"SKIP","floor":12.0},{"not_picked":["Consecrate","FlyingSleeves","Evaluate"],"picked":"SKIP","floor":13.0},{"not_picked":["SandsOfTime","Tantrum","Crescendo"],"picked":"SKIP","floor":18.0},{"not_picked":["Swivel","WindmillStrike","ThirdEye"],"picked":"SKIP","floor":19.0},{"not_picked":["FlurryOfBlows","WaveOfTheHand","FollowUp"],"picked":"SKIP","floor":22.0},{"not_picked":["FollowUp","Indignation"],"picked":"MentalFortress","floor":24.0},{"not_picked":["EmptyBody","FlyingSleeves+1","MentalFortress"],"picked":"SKIP","floor":25.0},{"not_picked":["EmptyFist","Evaluate+1","JustLucky"],"picked":"SKIP","floor":27.0},{"not_picked":["EmptyBody","Protect","Sanctity"],"picked":"SKIP","floor":28.0},{"not_picked":["Ragnarok","ConjureBlade"],"picked":"Vault","floor":33.0},{"not_picked":["Study","CutThroughFate","FollowUp"],"picked":"SKIP","floor":35.0},{"not_picked":["CutThroughFate","Prostrate","FlurryOfBlows"],"picked":"SKIP","floor":36.0},{"not_picked":["JustLucky","SandsOfTime","ClearTheMind+1"],"picked":"SKIP","floor":39.0}],"player_experience":2995904,"relics_obtained":[{"floor":7.0,"key":"MawBank"},{"floor":12.0,"key":"Orichalcum"},{"floor":24.0,"key":"Bottled Tornado"},{"floor":26.0,"key":"Boot"},{"floor":28.0,"key":"Pen Nib"}],"event_choices":[{"damage_healed":0.0,"max_hp_gain":0.0,"max_hp_loss":0.0,"gold_gain":0.0,"event_name":"FaceTrader","player_choice":"Trade","floor":5.0,"gold_loss":0.0,"damage_taken":0.0,"relics_obtained":["CultistMask"]},{"damage_healed":0.0,"max_hp_gain":0.0,"max_hp_loss":0.0,"gold_gain":0.0,"event_name":"Ghosts","player_choice":"Ignored","floor":20.0,"gold_loss":0.0,"damage_taken":0.0},{"damage_healed":0.0,"max_hp_gain":0.0,"max_hp_loss":0.0,"gold_gain":0.0,"event_name":"Duplicator","player_choice":"Copied","floor":21.0,"gold_loss":0.0,"damage_taken":0.0,"cards_obtained":["Flash of Steel"]},{"damage_healed":0.0,"max_hp_gain":0.0,"max_hp_loss":0.0,"gold_gain":0.0,"cards_transformed":["Defend_P","Strike_P"],"event_name":"Drug Dealer","player_choice":"Became Test Subject","floor":30.0,"gold_loss":0.0,"damage_taken":0.0,"cards_obtained":["Devotion","FearNoEvil"]},{"damage_healed":0.0,"max_hp_gain":5.0,"max_hp_loss":0.0,"gold_gain":0.0,"event_name":"Forgotten Altar","player_choice":"Shed Blood","floor":31.0,"gold_loss":0.0,"damage_taken":22.0},{"cards_removed":["Establishment"],"damage_healed":0.0,"max_hp_gain":0.0,"max_hp_loss":0.0,"gold_gain":0.0,"event_name":"Falling","player_choice":"Removed Power","floor":37.0,"gold_loss":0.0,"damage_taken":0.0}],"is_beta":false,"boss_relics":[{"not_picked":["Calling Bell","Philosopher\u0027s Stone"],"picked":"Astrolabe"},{"not_picked":["SacredBark","Busted Crown"],"picked":"Fusion Hammer"}],"items_purged_floors":[4,10,38],"is_endless":false,"potions_floor_spawned":[2,7,12,13,22,27,33,39],"killed_by":"Reptomancer","ascension_level":20}}