{"host":"wy4vwr4x0uqk666t","time":1614284998,"event":{"mods":["Aspiration","BaseMod","BetterRewards","Colored Map","Colored Powertips","Curses Come First","Defuse TimeMaze Blight","Downfall","Hubris","Infinite Spire","Lobotomy","Minty Spire (QoL Compilation)","Quick Restart","Replay The Spire","StSLib"],"gold_per_floor":[113,113,113,125,141,172,172,207,252,266,266,284,303,335,335,435,435,435,435],"floor_reached":18,"language":"ENG","playtime":1308,"items_purged":[],"score":209,"play_id":"85f7d68e-7c2a-4002-9c4e-e162531cd8ca","local_time":"20210225212958","is_ascension_mode":true,"campfire_choices":[{"data":"Metallicize","floor":11,"key":"SMITH"},{"floor":15,"key":"DIG"}],"circlet_count":0,"master_deck":["Strike_R","Strike_R","Strike_R","Strike_R","Strike_R","Defend_R","Defend_R+1","Defend_R+1","Defend_R","Bash+1","BlackSwan","Shrug It Off","Cleave","DreamingCurrent","CrumblingArmor","Metallicize","Combust","OSAHOGD","Mercenary","Impervious","VoidDream","Metallicize+1","Woodsman","BigBird","BlueStar","BigBadWolf","Limit Break"],"relics":["Burning Blood","CogitoBucket","RabbitCall","infinitespire:Beetle Shell","Oddly Smooth Stone","aspiration:Lifesprig","FleshIdol","War Paint","ReplayTheSpireMod:Lightbulb","Black Star"],"acts_visited":["Exordium","TheCity"],"potions_floor_usage":[10,10,10,18,18],"damage_taken":[{"damage":4,"enemies":"Jaw Worm","floor":1,"turns":4},{"damage":7,"enemies":"2 Louse","floor":4,"turns":2},{"damage":16,"enemies":"Cultist","floor":5,"turns":4},{"damage":51,"enemies":"Gremlin Nob","floor":6,"turns":5},{"damage":55,"enemies":"Lagavulin","floor":8,"turns":8},{"damage":61,"enemies":"Gremlin Gang","floor":10,"turns":7},{"damage":18,"enemies":"2 Fungi Beasts","floor":12,"turns":3},{"damage":25,"enemies":"Large Slime","floor":13,"turns":6},{"damage":38,"enemies":"3 Sentries","floor":14,"turns":6},{"damage":24,"enemies":"Hexaghost","floor":16,"turns":8},{"damage":160,"enemies":"Spheric Guardian","floor":18,"turns":10}],"seed_played":"65303001923677566","potions_obtained":[{"floor":1,"key":"Flashbang"},{"floor":7,"key":"infinitespire:BlackPotion"},{"floor":7,"key":"Fire Potion"},{"floor":10,"key":"SneckoOil"},{"floor":13,"key":"Guardian:BlockOnCardUsePotion"},{"floor":14,"key":"ElixirPotion"}],"is_trial":false,"path_per_floor":["M","?","?","M","M","E","?","E","T","M","R","M","M","E","R_BF","B",null,"M"],"character_chosen":"IRONCLAD","items_purchased":[],"campfire_rested":0,"item_purchase_floors":[],"current_hp_per_floor":[80,80,80,79,80,53,53,52,52,33,33,33,72,80,80,80,80,0,0],"gold":435,"neow_bonus":"","is_daily":false,"chose_seed":false,"campfire_upgraded":1,"win_rate":0.0,"timestamp":1614284998,"path_taken":["M","?","?","M","M","E","?","E","T","?","R","?","M","E","R_BF","BOSS","M"],"items_purchased_type":[],"build_version":"2020-12-22","purchased_purges":0,"victory":false,"max_hp_per_floor":[80,80,80,80,80,80,80,80,80,80,80,80,80,80,80,80,80,77,77],"card_choices":[{"not_picked":["ShyLook","CrumblingArmor"],"picked":"BlackSwan","floor":1},{"not_picked":["Spot Weakness","Evolve"],"picked":"Shrug It Off","floor":1},{"not_picked":["MeatLantern","QueenBee"],"picked":"DreamingCurrent","floor":4},{"not_picked":["Wild Strike","Dropkick","Iron Wave"],"picked":"SKIP","floor":4},{"not_picked":["Wild Strike","Dropkick","Iron Wave"],"picked":"SKIP","floor":4},{"not_picked":["PunishingBird","Bloodbath"],"picked":"CrumblingArmor","floor":5},{"not_picked":["Thunderclap","hubris:ReadiedAction"],"picked":"Metallicize","floor":5},{"not_picked":["Abandon","Double Tap"],"picked":"Combust","floor":6},{"not_picked":["Bloodbath","Freischutz"],"picked":"OSAHOGD","floor":6},{"not_picked":["ShyLook","Wellcheers"],"picked":"Mercenary","floor":8},{"not_picked":["ReplayTheSpireMod:LeadingStrike","Shrug It Off"],"picked":"Impervious","floor":8},{"not_picked":["Murderer","BigBadWolf"],"picked":"VoidDream","floor":10},{"not_picked":["Headbutt","Entrench"],"picked":"Metallicize","floor":10},{"not_picked":["MeatLantern","ShyLook"],"picked":"Woodsman","floor":12},{"not_picked":["Hemokinesis","Reckless Charge","Havoc"],"picked":"SKIP","floor":12},{"not_picked":["Hemokinesis","Reckless Charge","Havoc"],"picked":"SKIP","floor":12},{"not_picked":["OldLady","LongBird"],"picked":"BigBird","floor":13},{"not_picked":["Pommel Strike","ReplayReversal","Rage"],"picked":"SKIP","floor":13},{"not_picked":["Pommel Strike","ReplayReversal","Rage"],"picked":"SKIP","floor":13},{"not_picked":["Bloodbath","PunishingBird"],"picked":"BlueStar","floor":14},{"not_picked":["Clash","ReplayTheSpireMod:Stacked","ReplayTheSpireMod:Strike From Hell"],"picked":"SKIP","floor":14},{"not_picked":["Clash","ReplayTheSpireMod:Stacked","ReplayTheSpireMod:Strike From Hell"],"picked":"SKIP","floor":14},{"not_picked":["CherryBlossoms","SingingMachine"],"picked":"BigBadWolf","floor":16},{"not_picked":["Feed","Barricade"],"picked":"Limit Break","floor":16}],"player_experience":3755347,"relics_obtained":[{"floor":6,"key":"infinitespire:Beetle Shell"},{"floor":8,"key":"Oddly Smooth Stone"},{"floor":9,"key":"aspiration:Lifesprig"},{"floor":14,"key":"War Paint"},{"floor":15,"key":"ReplayTheSpireMod:Lightbulb"}],"event_choices":[{"damage_healed":0,"gold_gain":0,"player_choice":"Grow","damage_taken":0,"max_hp_gain":0,"max_hp_loss":0,"event_name":"Living Wall","floor":2,"gold_loss":0,"cards_upgraded":["Bash"]},{"damage_healed":0,"gold_gain":0,"player_choice":"Got Potions","damage_taken":0,"max_hp_gain":0,"max_hp_loss":0,"event_name":"Lab","floor":7,"gold_loss":0}],"is_beta":false,"boss_relics":[{"not_picked":["Black Blood","Snecko Eye"],"picked":"Black Star"}],"items_purged_floors":[],"is_endless":false,"potions_floor_spawned":[1,10,13,14,16],"killed_by":"Spheric Guardian","ascension_level":3}}