{"host":"3wucmrsmney0jioo","time":1614268864,"event":{"mods":["BaseMod","Minty Spire (QoL Compilation)","MostiFishMod","Prisma Mod","Reliquary","Replay The Spire","Spicy Shops","StSLib","¡¾ÒÅÎï¿¨ÅÆ¡¿REMEMod"],"gold_per_floor":[119,133,308,308,319,319,335,363,389,416,429,2,2,12,12,108,108,122,122,122,122,141,141,141,176,203,215,215,240,179,192,192,192,192],"floor_reached":33,"language":"ZHS","playtime":1029,"items_purged":["Doubt"],"score":431,"play_id":"99c92730-b67b-4b44-b246-c40173e567ee","local_time":"20210226000104","is_ascension_mode":true,"campfire_choices":[{"data":"Beam Cell","floor":6.0,"key":"SMITH"},{"floor":13.0,"key":"REST"},{"data":"MostiFishMod:ReadyAimFire","floor":15.0,"key":"SMITH"},{"data":"Go for the Eyes","floor":23,"key":"SMITH"},{"floor":28,"key":"REST"},{"floor":32,"key":"RECALL"}],"circlet_count":0,"master_deck":["Strike_B+1","Strike_B+1","Strike_B+1","Strike_B+1","Defend_B+1","Defend_B+1","Defend_B+1","Defend_B+1","Zap","Dualcast","Well Laid Plans+1","Go for the Eyes+1","Gash","Beam Cell+1","MostiFishMod:ReadyAimFire+1","Gash","ReplayTheSpireMod:Reroute Power","Fusion","Beam Cell","ReplayGash","MostiFishMod:StarOceanB+1","AbeCurse","Gash+1","Gash","Gash","Chaos+1","Gash","REME_BodyOfCthun+1","REME_FirmDetermination","Master of Strategy+1","Turbo+1"],"relics":["Cracked Core","DaveBox","REME_ComplimentaryCards","ShadowXiaoBlade","Ancient Tea Set","SynthV:TestCard","reliquary:PorcupineQuills","Oddly Smooth Stone","Tiny Chest","Toxic Egg 2","Abe\u0027s Treasure","Garlic","Blue Doll","Red Mask","ReplayTheSpireMod:ShopPack"],"acts_visited":["Exordium","TheCity"],"potions_floor_usage":[25,25,29,29],"damage_taken":[{"damage":2.0,"enemies":"2 Louse","floor":1.0,"turns":2.0},{"damage":0.0,"enemies":"Small Slimes","floor":2.0,"turns":2.0},{"damage":0.0,"enemies":"Cultist","floor":5.0,"turns":3.0},{"damage":18.0,"enemies":"Large Slime","floor":7.0,"turns":3.0},{"damage":25.0,"enemies":"Lagavulin","floor":8.0,"turns":4.0},{"damage":12.0,"enemies":"3 Sentries","floor":10.0,"turns":6.0},{"damage":0.0,"enemies":"2 Fungi Beasts","floor":11.0,"turns":2.0},{"damage":0.0,"enemies":"Red Slaver","floor":14.0,"turns":1.0},{"damage":0.0,"enemies":"Slime Boss","floor":16.0,"turns":5.0},{"damage":12,"enemies":"Shell Parasite","floor":18,"turns":2},{"damage":0,"enemies":"Spheric Guardian","floor":22,"turns":1},{"damage":31,"enemies":"Book of Stabbing","floor":25,"turns":4},{"damage":0,"enemies":"Snecko","floor":27,"turns":3},{"damage":12,"enemies":"Masked Bandits","floor":29,"turns":3},{"damage":0,"enemies":"Snake Plant","floor":31,"turns":1},{"damage":50,"enemies":"Collector","floor":33,"turns":5}],"seed_played":"-2513540795049583464","potions_obtained":[{"floor":5.0,"key":"REME_GoldPotion"},{"floor":7.0,"key":"SpeedPotion"},{"floor":11.0,"key":"LifebloodPotion"},{"floor":22,"key":"LifebloodPotion"},{"floor":25,"key":"Strength Potion"}],"is_trial":false,"path_per_floor":["M","M","?","?","M","R","M","E","T","E","M","$","R","M","R","B",null,"M","?","?","?","M","R","T","E","T","M","R","?","$","M","R","B"],"character_chosen":"DEFECT","items_purchased":["Fusion","Toxic Egg 2","Beam Cell","ReplayTheSpireMod:ShopPack"],"campfire_rested":2,"item_purchase_floors":[12,12,12,30],"current_hp_per_floor":[73,73,73,73,73,73,55,30,30,18,18,18,40,40,40,40,66,54,40,40,40,40,40,40,9,9,9,33,21,21,21,21,0,0],"gold":192,"neow_bonus":"RANDOM_COMMON_RELIC","is_daily":false,"chose_seed":false,"campfire_upgraded":3,"win_rate":0.0,"timestamp":1614268864,"path_taken":["M","M","?","?","M","R","?","E","T","E","M","$","R","M","R","BOSS","M","?","?","?","M","R","?","E","T","M","R","?","?","M","R","BOSS"],"items_purchased_type":["Card","Relic","Card","Relic"],"build_version":"2020-12-22","purchased_purges":1,"victory":false,"max_hp_per_floor":[75,75,75,75,75,75,75,75,75,75,75,75,75,75,75,75,75,75,80,80,80,80,80,80,80,80,80,80,80,80,80,80,80,80],"card_choices":[{"not_picked":["Compile Driver","Cold Snap"],"picked":"Go for the Eyes","floor":1.0},{"not_picked":["Barrage","Rip and Tear","Rebound","Cold Snap"],"picked":"Gash","floor":2.0},{"not_picked":["Tempest","Streamline","MostiFishMod:PushDownKick","Cold Snap"],"picked":"Beam Cell","floor":5.0},{"not_picked":["Consume","Genetic Algorithm","Darkness","Streamline","REME_DataAnalysis"],"picked":"SKIP","floor":7.0},{"not_picked":["Darkness","Coolheaded","Crystallizer","Ball Lightning"],"picked":"MostiFishMod:ReadyAimFire","floor":8.0},{"not_picked":["Panic Button","Heatsinks","Streamline","MostiFishMod:PushDownKick"],"picked":"Gash","floor":10.0},{"not_picked":["Scrape","ReplayTheSpireMod:GoodbyeWorld","BasicCrystalCard","REME_DataAnalysis"],"picked":"ReplayTheSpireMod:Reroute Power","floor":11.0},{"not_picked":["Panic Button+1","ReplayTheSpireMod:Calculation Training+1","Coolheaded+1","White Noise+1"],"picked":"ReplayGash","floor":14.0},{"not_picked":["Thunder Strike","Mirror Shield+1","MostiFishMod:Culaccino+1","MostiFishMod:Nova"],"picked":"MostiFishMod:StarOceanB+1","floor":16.0},{"not_picked":["FIFO Queue","Beam Cell+1","Hologram+1","Rip and Tear"],"picked":"Gash+1","floor":18},{"not_picked":["Sweeping Beam","Force Field+1","REME_Compress+1","Streamline"],"picked":"Gash","floor":22},{"not_picked":["Steam+1","Stack+1","Storm","Rebound"],"picked":"Chaos+1","floor":25},{"not_picked":["Stack+1","Panic Button+1","MostiFishMod:PushDownKick","Streamline","ReplayTheSpireMod:Reroute Power+1"],"picked":"SKIP","floor":27},{"not_picked":["Cold Snap","Streamline","Compile Driver","Leap+1"],"picked":"Gash","floor":29},{"not_picked":["MostiFishMod:TheLastGuard","REME_WheelOfFate","Violence","MostiFishMod:OneDayCity"],"picked":"REME_BodyOfCthun","floor":30},{"not_picked":["Specialist","REME_TwoStrings","Jack Of All Trades","Replay:Sssssssssstrike"],"picked":"REME_FirmDetermination","floor":30},{"not_picked":["Madness","Forethought","Metamorphosis","Specialist"],"picked":"Master of Strategy","floor":30},{"not_picked":["Rebound","Ball Lightning+1","Go for the Eyes","ReplayTheSpireMod:Reroute Power+1"],"picked":"Turbo+1","floor":31}],"player_experience":119456,"relics_obtained":[{"floor":1.0,"key":"SynthV:TestCard"},{"floor":8.0,"key":"reliquary:PorcupineQuills"},{"floor":9.0,"key":"Oddly Smooth Stone"},{"floor":10.0,"key":"Tiny Chest"},{"floor":24,"key":"Garlic"},{"floor":25,"key":"Blue Doll"},{"floor":29,"key":"Red Mask"}],"event_choices":[{"damage_healed":0.0,"max_hp_gain":0.0,"max_hp_loss":0.0,"gold_gain":175.0,"event_name":"Liars Game","player_choice":"AGREE","floor":3.0,"gold_loss":0.0,"damage_taken":0.0,"cards_obtained":["Doubt"]},{"damage_healed":0.0,"max_hp_gain":0.0,"max_hp_loss":0.0,"gold_gain":0.0,"event_name":"Upgrade Shrine","player_choice":"Upgraded","floor":4.0,"gold_loss":0.0,"damage_taken":0.0,"cards_upgraded":["Well Laid Plans"]},{"damage_healed":0,"gold_gain":0,"player_choice":"Shed Blood","damage_taken":19,"max_hp_gain":5,"max_hp_loss":0,"event_name":"Forgotten Altar","floor":19,"gold_loss":0},{"damage_healed":0,"gold_gain":0,"player_choice":"Simplicity","damage_taken":0,"max_hp_gain":0,"max_hp_loss":0,"event_name":"Back to Basics","floor":20,"gold_loss":0,"cards_upgraded":["Strike_B","Strike_B","Strike_B","Strike_B","Defend_B","Defend_B","Defend_B","Defend_B"]},{"damage_healed":0,"gold_gain":0,"player_choice":"Copied","damage_taken":0,"max_hp_gain":0,"max_hp_loss":0,"event_name":"Duplicator","floor":21,"gold_loss":0,"cards_obtained":["Gash"]},{"damage_healed":0,"gold_gain":0,"player_choice":"Fought Bandits","damage_taken":0,"max_hp_gain":0,"max_hp_loss":0,"event_name":"Masked Bandits","floor":29,"gold_loss":0}],"is_beta":false,"boss_relics":[{"not_picked":["REME_LowDesire","Calling Bell"],"picked":"Abe\u0027s Treasure"}],"items_purged_floors":[12],"is_endless":false,"potions_floor_spawned":[5,7,11,22,25],"killed_by":"Collector","ascension_level":5}}