{"host":"y13mj1mxwnd5xx1x","time":1614291778,"event":{"mods":["AchievementEnabler","BaseMod","Minty Spire (QoL Compilation)"],"gold_per_floor":[109,109,120,139,153,184,184,215,242,273,273,289,306,335,335,435,435,345,360,360,360,360],"floor_reached":21,"language":"ENG","playtime":1363,"items_purged":[],"score":269,"play_id":"80528d28-7cca-4262-a9cf-f5ee82834602","local_time":"20210225162258","is_ascension_mode":true,"campfire_choices":[{"data":"Static Discharge","floor":7,"key":"SMITH"},{"data":"White Noise","floor":11,"key":"SMITH"},{"floor":15,"key":"REST"}],"circlet_count":0,"master_deck":["Strike_B","Strike_B","Strike_B","Strike_B","Defend_B","Defend_B+1","Defend_B+1","Defend_B","Zap","Dualcast","White Noise","Leap","White Noise+1","Ball Lightning","Static Discharge+1","Heatsinks","Sweeping Beam","Doom and Gloom","Lockon","Creative AI","Creative AI","Coolheaded+1"],"relics":["Cracked Core","War Paint","Anchor","Art of War","Dream Catcher","Regal Pillow","SlaversCollar"],"acts_visited":["Exordium","TheCity"],"potions_floor_usage":[8,16],"damage_taken":[{"damage":3,"enemies":"2 Louse","floor":1,"turns":2},{"damage":4,"enemies":"Jaw Worm","floor":3,"turns":5},{"damage":0,"enemies":"Cultist","floor":4,"turns":3},{"damage":10,"enemies":"2 Fungi Beasts","floor":5,"turns":3},{"damage":5,"enemies":"Lagavulin","floor":6,"turns":6},{"damage":0,"enemies":"3 Sentries","floor":8,"turns":3},{"damage":18,"enemies":"Lagavulin","floor":10,"turns":6},{"damage":11,"enemies":"Lots of Slimes","floor":12,"turns":4},{"damage":0,"enemies":"Large Slime","floor":13,"turns":4},{"damage":28,"enemies":"Gremlin Nob","floor":14,"turns":4},{"damage":27,"enemies":"The Guardian","floor":16,"turns":7},{"damage":47,"enemies":"2 Thieves","floor":18,"turns":5},{"damage":24,"enemies":"Chosen","floor":19,"turns":6},{"damage":0,"enemies":"3 Cultists","floor":21,"turns":2}],"seed_played":"5611897617627175342","potions_obtained":[{"floor":6,"key":"Block Potion"},{"floor":8,"key":"EntropicBrew"},{"floor":10,"key":"Swift Potion"},{"floor":13,"key":"DistilledChaos"},{"floor":19,"key":"FairyPotion"}],"is_trial":false,"path_per_floor":["M","?","M","M","M","E","R","E","T","E","R","M","M","E","R","B",null,"M","M","?","M"],"character_chosen":"DEFECT","items_purchased":[],"campfire_rested":1,"item_purchase_floors":[],"current_hp_per_floor":[79,79,75,75,65,60,60,60,60,42,42,31,31,3,42,15,82,35,11,11,11,11],"gold":360,"neow_bonus":"TEN_PERCENT_HP_BONUS","is_daily":false,"chose_seed":false,"campfire_upgraded":2,"win_rate":0.0,"timestamp":1614291778,"path_taken":["M","?","M","M","M","E","R","E","T","E","R","M","M","E","R","BOSS","M","M","?","?"],"items_purchased_type":[],"build_version":"2020-12-22","purchased_purges":0,"victory":false,"max_hp_per_floor":[82,82,82,82,82,82,82,82,82,82,82,82,82,82,82,82,82,82,82,82,82,82],"card_choices":[{"not_picked":["Barrage","Compile Driver"],"picked":"White Noise","floor":1},{"not_picked":["Gash","Static Discharge"],"picked":"Leap","floor":3},{"not_picked":["Reprogram","Heatsinks"],"picked":"White Noise","floor":4},{"not_picked":["Go for the Eyes","Chill"],"picked":"Ball Lightning","floor":5},{"not_picked":["Rebound","Compile Driver"],"picked":"Static Discharge","floor":6},{"not_picked":["Redo","Gash"],"picked":"Heatsinks","floor":8},{"not_picked":["Stack","Reprogram","Go for the Eyes"],"picked":"SKIP","floor":10},{"not_picked":["Steam Power","Rebound"],"picked":"Sweeping Beam","floor":12},{"not_picked":["Conserve Battery","Coolheaded"],"picked":"Doom and Gloom","floor":13},{"not_picked":["Self Repair","Compile Driver"],"picked":"Lockon","floor":14},{"not_picked":["Reprogram","Stack"],"picked":"Creative AI","floor":15},{"not_picked":["Hyperbeam","Seek"],"picked":"Creative AI","floor":16},{"not_picked":["Beam Cell","Rip and Tear+1","Go for the Eyes"],"picked":"SKIP","floor":18},{"not_picked":["Reinforced Body","Static Discharge"],"picked":"Coolheaded+1","floor":19}],"player_experience":219441,"relics_obtained":[{"floor":6,"key":"War Paint"},{"floor":8,"key":"Anchor"},{"floor":9,"key":"Art of War"},{"floor":10,"key":"Dream Catcher"},{"floor":14,"key":"Regal Pillow"}],"event_choices":[{"damage_healed":0,"gold_gain":0,"player_choice":"Ignored","damage_taken":0,"max_hp_gain":0,"max_hp_loss":0,"event_name":"Liars Game","floor":2,"gold_loss":0},{"damage_healed":0,"gold_gain":0,"player_choice":"0 cards matched","damage_taken":0,"max_hp_gain":0,"max_hp_loss":0,"event_name":"Match and Keep!","floor":20,"gold_loss":0,"cards_obtained":[]}],"is_beta":false,"boss_relics":[{"not_picked":["Inserter","Runic Pyramid"],"picked":"SlaversCollar"}],"items_purged_floors":[],"is_endless":false,"potions_floor_spawned":[6,8,10,13,14,19],"killed_by":"3 Cultists","ascension_level":3}}