{"host":"5c0qgacoz40l2sko","time":1614221721,"event":{"mods":["BaseMod","Custom Start","Minty Spire (QoL Compilation)","Relic Stats"],"gold_per_floor":[99,99,99,99,99,99,99,99,99,99,99,49,49,49,49,49,49],"floor_reached":16,"language":"ENG","playtime":1307,"items_purged":["Buffer+1"],"score":665,"play_id":"da042a06-bfe3-465f-873c-3eaf0a76994b","local_time":"20210224215521","daily_mods":["Flight"],"is_ascension_mode":true,"campfire_choices":[{"data":"Steam Power","floor":8,"key":"SMITH"},{"data":"1","floor":15,"key":"LIFT"}],"circlet_count":0,"master_deck":["Genetic Algorithm+1","Loop+1","Capacitor+1","Steam Power+1","Steam Power+1","Defragment+1","Defragment+1","Defragment+1","Defragment+1","Storm+1","Electrodynamics+1","Creative AI+1","Scrape+1","Turbo+1"],"relics":["Cracked Core","Shuriken","Bird Faced Urn","Black Star","Coffee Dripper","FossilizedHelix","Ice Cream","Membership Card","PreservedInsect","Runic Pyramid","Unceasing Top","Vajra","Smiling Mask","Philosopher\u0027s Stone","Busted Crown","Bronze Scales","Ectoplasm","Pen Nib","Art of War","Kunai","Girya","Bottled Tornado","Lizard Tail","Ancient Tea Set"],"acts_visited":["Exordium"],"potions_floor_usage":[],"damage_taken":[{"damage":0,"enemies":"2 Louse","floor":1,"turns":1},{"damage":0,"enemies":"Small Slimes","floor":2,"turns":1},{"damage":0,"enemies":"Cultist","floor":3,"turns":2},{"damage":0,"enemies":"Blue Slaver","floor":4,"turns":1},{"damage":0,"enemies":"Lagavulin","floor":6,"turns":2},{"damage":0,"enemies":"Gremlin Gang","floor":7,"turns":2},{"damage":0,"enemies":"3 Sentries","floor":10,"turns":1},{"damage":0,"enemies":"Gremlin Nob","floor":11,"turns":2},{"damage":0,"enemies":"Hexaghost","floor":16,"turns":2}],"seed_played":"7791818212231165521","potions_obtained":[{"floor":2,"key":"Weak Potion"},{"floor":3,"key":"Explosive Potion"}],"is_trial":true,"path_per_floor":["M","M","M","M","?","E","M","R","T","E","E","$","$","?","R","B"],"character_chosen":"DEFECT","items_purchased":[],"campfire_rested":0,"item_purchase_floors":[],"current_hp_per_floor":[70,71,71,71,60,71,71,71,71,71,71,71,71,64,64,71,71],"gold":49,"neow_bonus":"","is_daily":false,"chose_seed":false,"campfire_upgraded":1,"win_rate":0.0,"timestamp":1614221721,"path_taken":["M","M","M","M","?","E","M","R","T","E","E","$","$","?","R","BOSS"],"items_purchased_type":[],"build_version":"2020-12-22","purchased_purges":1,"victory":false,"max_hp_per_floor":[71,71,71,71,71,71,71,71,71,71,71,71,71,71,71,71,71],"relic_stats":{"counters":[9,13],"PreservedInsect":84,"Pen Nib":[0],"Smiling Mask":-12,"Lizard Tail":0,"Busted Crown":18,"Shuriken":[1],"Bird Faced Urn":[25],"Bronze Scales":[3],"Ectoplasm":334,"Black Star":3,"Art of War":[2],"Kunai":[1],"obtain_stats":[{"Ice Cream":0,"Girya":10,"Vajra":0,"PreservedInsect":0,"Pen Nib":6,"Bottled Tornado":10,"Smiling Mask":0,"Ancient Tea Set":11,"Lizard Tail":11,"Busted Crown":0,"Shuriken":0,"Bird Faced Urn":0,"Bronze Scales":0,"Philosopher\u0027s Stone":0,"Ectoplasm":0,"Black Star":0,"Coffee Dripper":0,"Art of War":6,"Membership Card":0,"Kunai":9,"Cracked Core":0,"FossilizedHelix":0,"Unceasing Top":0,"Runic Pyramid":0},{"Ice Cream":0,"Girya":7,"Vajra":0,"PreservedInsect":0,"Pen Nib":5,"Bottled Tornado":7,"Smiling Mask":0,"Ancient Tea Set":8,"Lizard Tail":8,"Busted Crown":0,"Shuriken":0,"Bird Faced Urn":0,"Bronze Scales":0,"Philosopher\u0027s Stone":0,"Ectoplasm":0,"Black Star":0,"Coffee Dripper":0,"Art of War":5,"Membership Card":0,"Kunai":6,"Cracked Core":0,"FossilizedHelix":0,"Unceasing Top":0,"Runic Pyramid":0},{"Ice Cream":0,"Girya":9,"Vajra":0,"PreservedInsect":0,"Pen Nib":6,"Bottled Tornado":9,"Smiling Mask":0,"Ancient Tea Set":11,"Lizard Tail":11,"Busted Crown":0,"Shuriken":0,"Bird Faced Urn":0,"Bronze Scales":0,"Philosopher\u0027s Stone":0,"Ectoplasm":0,"Black Star":0,"Coffee Dripper":0,"Art of War":6,"Membership Card":0,"Kunai":8,"Cracked Core":0,"FossilizedHelix":0,"Unceasing Top":0,"Runic Pyramid":0}],"Unceasing Top":[7]},"card_choices":[{"not_picked":["Barrage"],"picked":"SKIP","floor":1},{"not_picked":["Steam Power"],"picked":"SKIP","floor":2},{"not_picked":["Hello World"],"picked":"SKIP","floor":3},{"not_picked":["Beam Cell"],"picked":"SKIP","floor":4},{"not_picked":["Cold Snap"],"picked":"SKIP","floor":6},{"not_picked":["Leap"],"picked":"SKIP","floor":7},{"not_picked":["Compile Driver"],"picked":"SKIP","floor":10},{"not_picked":["Steam"],"picked":"SKIP","floor":11}],"player_experience":211885,"relics_obtained":[{"floor":6,"key":"Pen Nib"},{"floor":6,"key":"Art of War"},{"floor":9,"key":"Kunai"},{"floor":10,"key":"Girya"},{"floor":10,"key":"Bottled Tornado"},{"floor":11,"key":"Lizard Tail"},{"floor":11,"key":"Ancient Tea Set"}],"event_choices":[{"damage_healed":0,"gold_gain":75,"player_choice":"Gather Gold","damage_taken":11,"max_hp_gain":0,"max_hp_loss":0,"event_name":"World of Goop","floor":5,"gold_loss":0},{"cards_removed":["Echo Form"],"damage_healed":0,"gold_gain":0,"player_choice":"Card Removal","damage_taken":7,"max_hp_gain":0,"max_hp_loss":0,"event_name":"Golden Wing","floor":14,"gold_loss":0}],"is_beta":false,"boss_relics":[],"items_purged_floors":[12],"is_endless":false,"potions_floor_spawned":[2,3,7,16],"killed_by":"Hexaghost","ascension_level":20}}