{"host":"7oiwk103j2prpym5","time":1614275721,"event":{"mods":["BaseMod","BetterRewards","Colored Map","Colored Powertips","GifTheSpireLib","Infinite Spire","Minty Spire (QoL Compilation)","Permanent Neow","Relic Filter Mod","Reliquary","Remove Card Discount Mod","Replay The Spire","StSLib","Stuff the Spire","Weighted Paths"],"gold_per_floor":[116,116,116,116,126,155,5,25,48,59,69,97,24,34,34,139,139,157,12,25,37,48,48,48],"floor_reached":23,"language":"ENG","playtime":1352,"items_purged":["Strike_G","Defend_G","Strike_G","Defend_G","Regret","Strike_G"],"score":355,"play_id":"614083c6-a0ce-4b49-b560-8384579c184e","local_time":"20210225115521","is_ascension_mode":false,"campfire_choices":[{"floor":15,"key":"REST"}],"circlet_count":0,"master_deck":["Strike_G+1","Strike_G+1","Defend_G","Defend_G","Survivor","Neutralize","Deflect+1","Deflect","Quick Slash","Draining Mist","Noxious Fumes","Sucker Punch","Poisoned Stab","StuffTheSpire:Injection","Deadly Poison","Deadly Poison","StuffTheSpire:BrimstoneBlast","After Image","Doppelganger","Replay:Poison Smokescreen","Poisoned Stab","Dodge and Roll","Bouncing Flask","Deflect+1"],"relics":["Ring of the Snake","StuffTheSpire:WitherSkull","StuffTheSpire:RedRose","reliquary:TuningFork","reliquary:FingerTrap","Replay:Rubber Ducky","Replay:WaspNest","Snecko Heart"],"acts_visited":["Exordium","TheCity"],"potions_floor_usage":[6,18,23,23,23],"damage_taken":[{"damage":0,"enemies":"Small Slimes","floor":1,"turns":3},{"damage":2,"enemies":"Jaw Worm","floor":5,"turns":3},{"damage":27,"enemies":"Gremlin Nob","floor":6,"turns":5},{"damage":0,"enemies":"2 Louse","floor":8,"turns":2},{"damage":0,"enemies":"Blue Slaver","floor":10,"turns":3},{"damage":0,"enemies":"Exordium Wildlife","floor":11,"turns":3},{"damage":10,"enemies":"Lagavulin","floor":12,"turns":5},{"damage":0,"enemies":"Lots of Slimes","floor":14,"turns":2},{"damage":0,"enemies":"Hexaghost","floor":16,"turns":7},{"damage":10,"enemies":"2 Thieves","floor":18,"turns":3},{"damage":5,"enemies":"Shell Parasite","floor":20,"turns":3},{"damage":4,"enemies":"Cultist and Chosen","floor":21,"turns":4},{"damage":2,"enemies":"Centurion and Healer","floor":22,"turns":5},{"damage":59,"enemies":"Nightmare","floor":23,"turns":6}],"seed_played":"7037676092140693346","potions_obtained":[{"floor":5,"key":"ColorlessPotion"},{"floor":11,"key":"Swift Potion"},{"floor":14,"key":"Milkshake"},{"floor":16,"key":"LiquidMemories"},{"floor":20,"key":"Energy Potion"}],"is_trial":false,"path_per_floor":["M","?","?","?","M","E","$","M","T","M","M","E","$","M","R","B",null,"M","$","M","M","M","NM"],"character_chosen":"THE_SILENT","items_purchased":["StuffTheSpire:WitherSkull","Deflect","reliquary:FingerTrap","StuffTheSpire:BrimstoneBlast","Flashbang","Poisoned Stab"],"campfire_rested":1,"item_purchase_floors":[0,0,7,13,19,19],"current_hp_per_floor":[61,61,61,47,45,18,18,18,18,18,18,8,8,8,29,29,70,60,60,55,51,49,0,0],"gold":48,"neow_bonus":"","is_daily":false,"chose_seed":false,"campfire_upgraded":0,"win_rate":0.0,"timestamp":1614275721,"path_taken":["M","?","?","?","M","E","?","?","T","?","?","E","$","M","R","BOSS","M","$","M","M","M","NM"],"items_purchased_type":["Relic","Card","Relic","Card","Potion","Card"],"build_version":"2020-12-22","purchased_purges":6,"victory":false,"max_hp_per_floor":[70,70,70,70,70,70,70,70,70,70,70,70,70,70,70,70,70,70,70,70,70,70,70,70],"card_choices":[{"not_picked":["Sucker Punch","Dagger Spray"],"picked":"Draining Mist","floor":1},{"not_picked":["StuffTheSpire:ReptileScales","StuffTheSpire:Injection"],"picked":"Noxious Fumes","floor":5},{"not_picked":["Wraith Form v2","StuffTheSpire:Python"],"picked":"Sucker Punch","floor":6},{"not_picked":["PiercingWail","Quick Slash"],"picked":"Poisoned Stab","floor":8},{"not_picked":["PiercingWail","Eviscerate"],"picked":"StuffTheSpire:Injection","floor":10},{"not_picked":["Acrobatics","Bouncing Flask"],"picked":"Deadly Poison","floor":11},{"not_picked":["Dagger Spray","Underhanded Strike"],"picked":"Deadly Poison","floor":12},{"not_picked":["Dagger Throw","Poisoned Stab"],"picked":"After Image","floor":14},{"not_picked":["ReplayTheSpireMod:Necrosis","StuffTheSpire:FinalStruggle"],"picked":"Doppelganger","floor":16},{"not_picked":["Dodge and Roll","Heel Hook"],"picked":"Replay:Poison Smokescreen","floor":18},{"not_picked":["Concentrate","Deflect"],"picked":"Dodge and Roll","floor":20},{"not_picked":["StuffTheSpire:BrimstoneBlast","StuffTheSpire:ClusterCrunch"],"picked":"Bouncing Flask","floor":21},{"not_picked":["Replay:Poison Smokescreen","Fluid Movement"],"picked":"Deflect+1","floor":22}],"player_experience":918174,"relics_obtained":[{"floor":6,"key":"reliquary:TuningFork"},{"floor":9,"key":"Replay:Rubber Ducky"},{"floor":12,"key":"Replay:WaspNest"}],"event_choices":[{"damage_healed":0,"gold_gain":0,"player_choice":"Entered Light","damage_taken":14,"max_hp_gain":0,"max_hp_loss":0,"event_name":"Shining Light","floor":4,"gold_loss":0,"cards_upgraded":["Strike_G","Strike_G"]}],"is_beta":false,"boss_relics":[{"not_picked":["Tiny House","Runic Dome"],"picked":"Snecko Heart"}],"items_purged_floors":[0,0,0,0,7,7],"is_endless":false,"potions_floor_spawned":[5,11,14,16,20],"killed_by":"Nightmare","ascension_level":0}}