{"host":"tbpnry8ml8g8pell","time":1614275917,"event":{"mods":["2.2 Compatiblity","Act Like it!","Arknights","BaseMod","Better Skull","Better Third Choice","BetterRewards","Block Reminder","Colored Map","Colored Powertips","Downfall","Ekko","Friendly Minions","GifTheSpireLib","Hallownest","Hermit","Highlight Path","Infinite Spire","Lobotomy","Minty Spire (QoL Compilation)","Rare Cards Sparkle","Replay The Spire","Shop Mod","Spicy Shops","StSLib","Stuff the Spire"],"gold_per_floor":[18,30,30,111,165,165,180,180,180,198,218,218,233,249,249,345,345,362,362,362,380,380,520,520,43,96,13,145,145,160,180,180,282,282,297,156,176,187,187,187,197,325,350,350,350,360,376,376,376,478,478,478],"floor_reached":51,"language":"ENG","playtime":4704,"items_purged":["Spreading Infection","CommonCold","Pain","Pride"],"score":607,"play_id":"4ed1664c-be9b-4c2d-8a63-b3e30789cf24","local_time":"20210225125837","is_ascension_mode":true,"campfire_choices":[{"data":"Eruption","floor":6.0,"key":"SMITH"},{"floor":12.0,"key":"REST"},{"floor":15.0,"key":"REST"},{"floor":24.0,"key":"REST"},{"floor":29.0,"key":"REST"},{"data":"infinitespire:DeathsTouch","floor":32.0,"key":"SMITH"},{"floor":40.0,"key":"REST"},{"floor":44.0,"key":"REST"},{"floor":49.0,"key":"REST"}],"circlet_count":0,"master_deck":["Strike_P","Strike_P","Strike_P","Strike_P","Eruption+1","Vigilance+1","Perseverance","Halt","Hallownest:skillLeafShield+1","Hallownest:skillLeafShield+1","Hallownest:skillLeafShield+1","Hallownest:skillLeafShield+1","Hallownest:skillLeafShield+1","Adaptation","Consecrate","PathToVictory","CutThroughFate","Consecrate+1","Establishment","Replay:AtTheReady","infinitespire:DeathsTouch+1","Prostrate","Devotion","Replay:AllIn","FlyingSleeves+1","Prostrate","Replay:LoomingThreat","ThirdEye+1","ForeignInfluence+1","Swivel+1","BowlingBash+1","Replay:BluntJabs+1","Blasphemy"],"relics":["PureWater","Happy Flower","Replay:WaspNest","infinitespire:Satchel","StuffTheSpire:TintedRock","infinitespire:Golems Mask","PreservedInsect","Ring of Peace","MerchantsRug","Blood Vial","Oddly Smooth Stone","Fusion Hammer","Bronze Scales","ReplayTheSpireMod:CursedCoin","StuffTheSpire:Rhapsscallions","Torii","Gremlin Food","Pet Ghost","infinitespire:Lychee Nut"],"acts_visited":["Exordium","Hallownest:Greenpath","Hallownest:CityofTears"],"potions_floor_usage":[],"damage_taken":[{"damage":5.0,"enemies":"Hallownest:2_Tiktiks_and_1_Crawlid","floor":1.0,"turns":3.0},{"damage":11.0,"enemies":"Hallownest:monsterHuskWarrior","floor":2.0,"turns":2.0},{"damage":1.0,"enemies":"2_ Uuma","floor":7.0,"turns":5.0},{"damage":0.0,"enemies":"Hallownest:monsterAspidMother","floor":10.0,"turns":4.0},{"damage":1.0,"enemies":"Hallownest:2_Tiktiks_1_Baldur_1_Crawlid","floor":11.0,"turns":4.0},{"damage":11.0,"enemies":"Hallownest:1_Baldur_1_Crawlid_1_Warrior","floor":13.0,"turns":4.0},{"damage":7.0,"enemies":"Hallownest:Guard_and_Warrior","floor":14.0,"turns":3.0},{"damage":43.0,"enemies":"Hallownest:BossHornet","floor":16.0,"turns":6.0},{"damage":26.0,"enemies":"Hallownest:Guard_and_Sentry","floor":18.0,"turns":4.0},{"damage":0.0,"enemies":"Hallownest:2_Mistakes","floor":21.0,"turns":4.0},{"damage":2.0,"enemies":"Hallownest:eliteSoulWarrior","floor":23.0,"turns":6.0},{"damage":5.0,"enemies":"Hallownest:eliteWatcherKnight","floor":28.0,"turns":8.0},{"damage":4.0,"enemies":"Hallownest:monsterShrumalOgre","floor":30.0,"turns":4.0},{"damage":22.0,"enemies":"Hallownest:2_Flukemon","floor":31.0,"turns":4.0},{"damage":15.0,"enemies":"Hallownest:BossGrimm","floor":33.0,"turns":4.0},{"damage":14.0,"enemies":"Hallownest:3_Siblings","floor":35.0,"turns":6.0},{"damage":0.0,"enemies":"Hallownest:2_Littles","floor":37.0,"turns":4.0},{"damage":22.0,"enemies":"Hallownest:Slobbering_and_Violent","floor":38.0,"turns":6.0},{"damage":30.0,"enemies":"Hallownest:2_Wandering_and_1_Horned","floor":41.0,"turns":5.0},{"damage":13.0,"enemies":"Nightmare","floor":42.0,"turns":6.0},{"damage":1.0,"enemies":"Hallownest:2_Great","floor":46.0,"turns":4.0},{"damage":0.0,"enemies":"Hallownest:2_Wing_and_1_Kings","floor":47.0,"turns":7.0},{"damage":0.0,"enemies":"Hallownest:BossGreyPrinceZote","floor":50.0,"turns":1.0}],"seed_played":"-688318690575957317","potions_obtained":[{"floor":1.0,"key":"PowerPotion"},{"floor":10.0,"key":"FearPotion"},{"floor":18.0,"key":"CultistPotion"},{"floor":21.0,"key":"Guardian:BlockOnCardUsePotion"},{"floor":28.0,"key":"Weak Potion"},{"floor":30.0,"key":"Regen Potion"},{"floor":37.0,"key":"FearPotion"},{"floor":42.0,"key":"Energy Potion"},{"floor":47.0,"key":"Block Potion"}],"is_trial":false,"path_per_floor":["M","M","?","T","?","R","M","?","T","M","M","R","M","M","R","B",null,"M","?","?","M","?","E","R","$","T","$","E","R","M","M","R","B",null,"M","$","M","M","?","R","M","NM","T","R","?","M","M","AVR","R","B",null],"character_chosen":"WATCHER","items_purchased":["MerchantsRug","Blood Vial","Devotion","Bronze Scales","ReplayTheSpireMod:CursedCoin","StuffTheSpire:Rhapsscallions","Fire Potion"],"campfire_rested":7,"item_purchase_floors":[25,25,25,36,36,36,36],"current_hp_per_floor":[67,56,56,56,56,56,55,24,24,24,23,44,33,26,47,4,72,46,27,27,27,27,32,55,55,55,55,52,75,73,62,62,49,79,65,67,69,49,49,73,45,34,34,58,42,43,45,45,60,60,60,60],"gold":478,"neow_bonus":"RANDOM_EVENT","is_daily":false,"chose_seed":false,"campfire_upgraded":2,"win_rate":0.0,"timestamp":1614275917,"path_taken":["M","?","?","?","?","R","M","?","T","M","M","R","M","?","R","BOSS","M","?","?","M","?","E","R","?","T","$","E","R","M","M","R","BOSS","M","$","M","M","?","R","M","NM","T","R","?","?","M","AVR","R","BOSS"],"items_purchased_type":["Relic","Relic","Card","Relic","Relic","Relic","Potion"],"build_version":"2020-12-22","purchased_purges":4,"victory":false,"max_hp_per_floor":[72,72,72,72,72,72,72,72,72,72,72,72,72,72,72,72,72,72,72,72,72,72,79,79,79,79,79,79,79,79,79,79,79,79,79,81,81,81,81,81,81,81,81,81,81,81,81,60,60,60,60,60],"card_choices":[{"not_picked":["SashWhip","Crescendo"],"picked":"Perseverance","floor":1.0},{"not_picked":["SashWhip","Adaptation"],"picked":"Halt","floor":2.0},{"not_picked":["Nirvana","Replay:ManipulateFuture"],"picked":"Adaptation","floor":7.0},{"not_picked":["Halt","Worship"],"picked":"Consecrate","floor":10.0},{"not_picked":["EmptyBody","JustLucky"],"picked":"PathToVictory","floor":11.0},{"not_picked":["Brilliance","WaveOfTheHand"],"picked":"CutThroughFate","floor":13.0},{"not_picked":["CutThroughFate","ClearTheMind"],"picked":"Consecrate","floor":14.0},{"not_picked":["MasterReality","Omniscience"],"picked":"Establishment","floor":16.0},{"not_picked":["Consecrate","Evaluate+1"],"picked":"Replay:AtTheReady","floor":18.0},{"not_picked":["infinitespire:Fortify","ReplayTheSpireMod:Black Plague"],"picked":"infinitespire:DeathsTouch","floor":19.0},{"not_picked":["Evaluate+1","Indignation"],"picked":"Prostrate","floor":21.0},{"not_picked":["JustLucky","Replay:Hum","Replay:Vibes+1"],"picked":"SKIP","floor":23.0},{"not_picked":["MentalFortress+1","WreathOfFlame"],"picked":"Replay:AllIn","floor":28.0},{"not_picked":["CrushJoints","MentalFortress"],"picked":"FlyingSleeves+1","floor":30.0},{"not_picked":["CrushJoints","Swivel"],"picked":"Prostrate","floor":31.0},{"not_picked":["Scrawl","Replay:AllIn"],"picked":"Replay:LoomingThreat","floor":33.0},{"not_picked":["Crescendo","EmptyFist+1"],"picked":"ThirdEye+1","floor":35.0},{"not_picked":["Brilliance","Tantrum+1"],"picked":"ForeignInfluence+1","floor":37.0},{"not_picked":["Sanctity","FollowUp+1"],"picked":"Swivel+1","floor":38.0},{"not_picked":["Replay:Vibes","FlurryOfBlows+1"],"picked":"BowlingBash+1","floor":41.0},{"not_picked":["infinitespire:Execution","infinitespire:DeathsTouch"],"picked":"infinitespire:SealOfDarkness+","floor":42.0},{"not_picked":["SashWhip+1","Omniscience"],"picked":"Replay:BluntJabs+1","floor":42.0},{"not_picked":["EmptyFist+1","FollowUp+1","Protect"],"picked":"SKIP","floor":46.0},{"not_picked":["JustLucky","Evaluate+1","Replay:Cycle+1"],"picked":"SKIP","floor":47.0},{"not_picked":["Brilliance","Alpha"],"picked":"Blasphemy","floor":50.0}],"player_experience":132218,"relics_obtained":[{"floor":4.0,"key":"Replay:WaspNest"},{"floor":9.0,"key":"infinitespire:Golems Mask"},{"floor":22.0,"key":"Ring of Peace"},{"floor":23.0,"key":"Strawberry"},{"floor":26.0,"key":"Oddly Smooth Stone"},{"floor":28.0,"key":"Replay:Bottled Eggs"},{"floor":42.0,"key":"Torii"},{"floor":43.0,"key":"Gremlin Food"}],"event_choices":[{"damage_healed":0.0,"max_hp_gain":0.0,"max_hp_loss":0.0,"gold_gain":0.0,"event_name":"betterSkull:BetterSkull","player_choice":"RE RE ","floor":8.0,"gold_loss":0.0,"damage_taken":35.0,"cards_upgraded":[],"relics_obtained":["infinitespire:Satchel","StuffTheSpire:TintedRock"]},{"damage_healed":0.0,"max_hp_gain":0.0,"max_hp_loss":0.0,"gold_gain":0.0,"event_name":"betterSkull:BetterSkull","player_choice":"RE ","floor":45.0,"gold_loss":0.0,"damage_taken":18.0,"cards_upgraded":[],"relics_obtained":["Pet Ghost"]}],"is_beta":false,"boss_relics":[{"not_picked":["Velvet Choker","Kintsugi"],"picked":"Cursed Key"},{"not_picked":["Runic Pyramid","Pandora\u0027s Box"],"picked":"Fusion Hammer"}],"items_purged_floors":[25,27,36,48],"is_endless":true,"potions_floor_spawned":[1,10,18,21,28,30,37,38,42,47],"ascension_level":1}}