{"host":"hbrjinenk1akq1dy","time":1614245187,"event":{"mods":["AchievementEnabler","BaseMod","Bestiary","Colored Map","Colored Powertips","Curses Come First","Highlight Path","Minty Spire (QoL Compilation)","Permanent Neow","Quick Restart","StSLib","SuperFastMode"],"gold_per_floor":[113,93,108,120,120,162,183,208,254,254,254,254,254,294,294,403,484,501,529,538,488,351,386,440,440,440,484,509,543,543,575,575,683,683,712,771,771,361,387,419,419,459,459,2,20,81,112,128,128,128],"floor_reached":51,"language":"ENG","playtime":2407,"items_purged":["Reckless Charge","True Grit","Blood for Blood"],"score":1332,"play_id":"a1dc3b86-6339-4c4e-a937-b0fcecace5f2","local_time":"20210225172627","is_ascension_mode":true,"campfire_choices":[{"floor":11.0,"key":"REST"},{"data":"Carnage","floor":13.0,"key":"SMITH"},{"data":"True Grit","floor":15.0,"key":"SMITH"},{"data":"Corruption","floor":25.0,"key":"SMITH"},{"data":"Spot Weakness","floor":30.0,"key":"SMITH"},{"data":"Dark Embrace","floor":32,"key":"SMITH"},{"floor":41,"key":"REST"},{"floor":49,"key":"RECALL"}],"circlet_count":0,"master_deck":["AscendersBane","Bash","Battle Trance","Shockwave+1","Shrug It Off","Carnage+1","True Grit+1","Reaper","Corruption+1","Double Tap","Pummel","Shockwave","Carnage","Headbutt","Clash","Flame Barrier","Spot Weakness+1","Burning Pact","Pommel Strike+1","Impervious+1","Shrug It Off+1","Limit Break+1","Uppercut+1","Disarm+1","Flash of Steel+1","Shrug It Off+1","Inflame","Limit Break+1","Secret Technique+1","Apotheosis+1","Spot Weakness+1","Shrug It Off+1","Dual Wield+1"],"relics":["Burning Blood","Tiny Chest","CeramicFish","Pantograph","Vajra","Letter Opener","Pen Nib","Pandora\u0027s Box","Prayer Wheel","Potion Belt","Toxic Egg 2","Blood Vial","Molten Egg 2","Happy Flower","Fusion Hammer","WingedGreaves","Sling","Boot","InkBottle","Art of War","Regal Pillow","Ancient Tea Set","Magic Flower"],"acts_visited":["Exordium","TheCity","TheBeyond"],"potions_floor_usage":[31,33,50],"damage_taken":[{"damage":8.0,"enemies":"Small Slimes","floor":1.0,"turns":5.0},{"damage":6.0,"enemies":"Cultist","floor":3.0,"turns":4.0},{"damage":4.0,"enemies":"Jaw Worm","floor":4.0,"turns":5.0},{"damage":34.0,"enemies":"3 Sentries","floor":6.0,"turns":11.0},{"damage":6.0,"enemies":"Exordium Wildlife","floor":7.0,"turns":4.0},{"damage":19.0,"enemies":"Gremlin Nob","floor":8.0,"turns":5.0},{"damage":5.0,"enemies":"Lagavulin","floor":14.0,"turns":6.0},{"damage":24.0,"enemies":"Slime Boss","floor":16.0,"turns":9.0},{"damage":12.0,"enemies":"Chosen","floor":18.0,"turns":4.0},{"damage":0.0,"enemies":"3 Byrds","floor":19.0,"turns":5.0},{"damage":44.0,"enemies":"Gremlin Leader","floor":23.0,"turns":5.0},{"damage":25.0,"enemies":"Book of Stabbing","floor":27.0,"turns":3.0},{"damage":0.0,"enemies":"Snake Plant","floor":28.0,"turns":3.0},{"damage":0.0,"enemies":"Gremlin Leader","floor":29.0,"turns":3.0},{"damage":18,"enemies":"Slavers","floor":31,"turns":6},{"damage":3,"enemies":"Automaton","floor":33,"turns":6},{"damage":5,"enemies":"Orb Walker","floor":35,"turns":3},{"damage":0,"enemies":"Mind Bloom Boss Battle","floor":36,"turns":4},{"damage":42,"enemies":"Reptomancer","floor":40,"turns":5},{"damage":0,"enemies":"Nemesis","floor":42,"turns":3},{"damage":20,"enemies":"2 Orb Walkers","floor":46,"turns":3},{"damage":16,"enemies":"3 Shapes","floor":47,"turns":3},{"damage":34,"enemies":"Jaw Worm Horde","floor":48,"turns":4},{"damage":24,"enemies":"Time Eater","floor":50,"turns":3}],"seed_played":"960232333282447252","potions_obtained":[{"floor":1.0,"key":"BlessingOfTheForge"},{"floor":2.0,"key":"LiquidMemories"},{"floor":6.0,"key":"Swift Potion"},{"floor":14.0,"key":"Weak Potion"},{"floor":16.0,"key":"Fire Potion"},{"floor":19.0,"key":"PowerPotion"},{"floor":28.0,"key":"Explosive Potion"},{"floor":31,"key":"PowerPotion"},{"floor":35,"key":"DuplicationPotion"},{"floor":36,"key":"FearPotion"},{"floor":46,"key":"Strength Potion"},{"floor":48,"key":"LiquidMemories"}],"is_trial":false,"path_per_floor":["M","?","M","M","?","E","M","E","T","T","R","?","R","E","R","B",null,"M","M","?","?","$","E","T","R","T","E","M","E","R","E","R","B",null,"M","?","?","$","T","E","R","E","T","$","?","?","M","M","R","B",null],"character_chosen":"IRONCLAD","items_purchased":["Spot Weakness","Flash of Steel+1","Sling","DuplicationPotion","Inflame","Ancient Tea Set","Limit Break+1"],"campfire_rested":2,"item_purchase_floors":[22,38,38,38,44,44,44],"current_hp_per_floor":[70,70,70,72,56,28,28,15,15,15,39,44,44,45,45,60,79,83,85,85,85,85,66,66,66,66,47,55,85,85,73,73,85,85,85,85,85,85,85,68,85,85,85,85,75,63,85,85,85,70],"gold":128,"neow_bonus":"RANDOM_COMMON_RELIC","is_daily":false,"chose_seed":false,"campfire_upgraded":5,"win_rate":0.0,"timestamp":1614245187,"path_taken":["M","?","M","?","?","E","M","E","T","?","R","?","R","E","R","BOSS","M","M","?","?","$","E","?","R","T","E","?","E","R","E","R","BOSS","M","?","?","$","?","E","R","E","T","$","?","?","M","M","R","BOSS"],"items_purchased_type":["Card","Card","Relic","Potion","Card","Relic","Card"],"build_version":"2020-12-22","purchased_purges":3,"victory":true,"max_hp_per_floor":[80,80,80,80,80,80,80,80,80,80,80,85,85,85,85,85,85,85,85,85,85,85,85,85,85,85,85,85,85,85,85,85,85,85,85,85,85,85,85,85,85,85,85,85,85,85,85,85,85,85],"card_choices":[{"not_picked":["Sever Soul","Metallicize"],"picked":"Battle Trance","floor":1.0},{"not_picked":["Sword Boomerang","Evolve"],"picked":"Shockwave","floor":3.0},{"not_picked":["Flex","Havoc"],"picked":"Shrug It Off","floor":4.0},{"not_picked":["Warcry","Pommel Strike"],"picked":"Carnage","floor":6.0},{"not_picked":["Heavy Blade","Dark Embrace"],"picked":"True Grit","floor":7.0},{"not_picked":["Anger","Cleave","Clash"],"picked":"SKIP","floor":8.0},{"not_picked":["Flame Barrier","Blood for Blood"],"picked":"Reaper","floor":14.0},{"not_picked":["Impervious","Brutality"],"picked":"Corruption","floor":16.0},{"not_picked":["Reckless Charge","Body Slam","Headbutt+1"],"picked":"SKIP","floor":18.0},{"not_picked":["Heavy Blade","Clothesline+1"],"picked":"Flame Barrier","floor":19.0},{"not_picked":["Combust","Body Slam+1"],"picked":"Burning Pact","floor":23.0},{"not_picked":["Armaments+1","Twin Strike"],"picked":"Pommel Strike+1","floor":27.0},{"not_picked":["Iron Wave","Twin Strike"],"picked":"Impervious+1","floor":28.0},{"not_picked":["Ghostly Armor+1","Body Slam","Pommel Strike"],"picked":"SKIP","floor":28.0},{"not_picked":["Rage+1","Havoc+1"],"picked":"Shrug It Off+1","floor":29.0},{"not_picked":["Armaments+1","Body Slam+1","Fire Breathing+1"],"picked":"SKIP","floor":31},{"not_picked":["Impervious+1","Reaper+1"],"picked":"Limit Break+1","floor":33},{"not_picked":["Thunderclap+1","Anger+1"],"picked":"Uppercut+1","floor":35},{"not_picked":["Armaments+1","Iron Wave+1","Infernal Blade+1"],"picked":"SKIP","floor":35},{"not_picked":["Feel No Pain+1","Shrug It Off+1"],"picked":"Disarm+1","floor":36},{"not_picked":["Entrench+1","Rage+1","Twin Strike+1"],"picked":"SKIP","floor":40},{"not_picked":["Wild Strike+1","Battle Trance+1"],"picked":"Shrug It Off+1","floor":42},{"not_picked":["Thinking Ahead+1","Transmutation+1"],"picked":"Secret Technique+1","floor":45},{"not_picked":["Swift Strike+1","Magnetism"],"picked":"Apotheosis+1","floor":45},{"not_picked":["Shrug It Off+1","Carnage+1"],"picked":"Spot Weakness+1","floor":46},{"not_picked":["Heavy Blade+1","Thunderclap+1"],"picked":"Shrug It Off+1","floor":47},{"not_picked":["Havoc+1","True Grit+1"],"picked":"Dual Wield+1","floor":47},{"not_picked":["Wild Strike+1","Intimidate+1","Blood for Blood+1"],"picked":"SKIP","floor":48},{"not_picked":["Thunderclap+1","Iron Wave+1","Rupture+1"],"picked":"SKIP","floor":48}],"player_experience":279364,"relics_obtained":[{"floor":6.0,"key":"CeramicFish"},{"floor":8.0,"key":"Pantograph"},{"floor":9.0,"key":"Vajra"},{"floor":10.0,"key":"Letter Opener"},{"floor":14.0,"key":"Pen Nib"},{"floor":23.0,"key":"Prayer Wheel"},{"floor":24.0,"key":"Potion Belt"},{"floor":26.0,"key":"Toxic Egg 2"},{"floor":27.0,"key":"Blood Vial"},{"floor":29.0,"key":"Molten Egg 2"},{"floor":31,"key":"Happy Flower"},{"floor":36,"key":"WingedGreaves"},{"floor":39,"key":"Boot"},{"floor":40,"key":"InkBottle"},{"floor":42,"key":"Art of War"},{"floor":43,"key":"Regal Pillow"},{"floor":46,"key":"Magic Flower"}],"event_choices":[{"damage_healed":0.0,"max_hp_gain":0.0,"max_hp_loss":0.0,"gold_gain":0.0,"event_name":"The Woman in Blue","player_choice":"Bought 1 Potion","floor":2.0,"gold_loss":0.0,"damage_taken":0.0},{"damage_healed":0.0,"max_hp_gain":0.0,"max_hp_loss":0.0,"gold_gain":0.0,"event_name":"Shining Light","player_choice":"Entered Light","floor":5.0,"gold_loss":0.0,"damage_taken":16.0,"cards_upgraded":["Shockwave","Defend_R"]},{"damage_healed":0.0,"max_hp_gain":5.0,"max_hp_loss":0.0,"gold_gain":0.0,"event_name":"Big Fish","player_choice":"Donut","floor":12.0,"gold_loss":0.0,"damage_taken":0.0},{"damage_healed":0.0,"max_hp_gain":0.0,"max_hp_loss":0.0,"gold_gain":0.0,"event_name":"The Library","player_choice":"Read","floor":20.0,"gold_loss":0.0,"damage_taken":0.0,"cards_obtained":["Dark Embrace"]},{"damage_healed":0.0,"max_hp_gain":0.0,"max_hp_loss":0.0,"gold_gain":0.0,"event_name":"The Joust","player_choice":"Bet on Murderer","floor":21.0,"gold_loss":50.0,"damage_taken":0.0},{"damage_healed":0,"gold_gain":0,"player_choice":"Fight","damage_taken":0,"max_hp_gain":0,"max_hp_loss":0,"event_name":"MindBloom","floor":36,"gold_loss":0},{"cards_removed":["Dark Embrace"],"damage_healed":0,"gold_gain":0,"player_choice":"Removed Power","damage_taken":0,"max_hp_gain":0,"max_hp_loss":0,"event_name":"Falling","floor":37,"gold_loss":0},{"damage_healed":0,"gold_gain":0,"player_choice":"Memory 3","damage_taken":10,"max_hp_gain":0,"max_hp_loss":0,"event_name":"SensoryStone","floor":45,"gold_loss":0},{"damage_healed":0,"gold_gain":0,"player_choice":"Fight","damage_taken":0,"max_hp_gain":0,"max_hp_loss":0,"event_name":"Mysterious Sphere","floor":46,"gold_loss":0}],"is_beta":false,"boss_relics":[{"not_picked":["Empty Cage","Runic Pyramid"],"picked":"Pandora\u0027s Box"},{"not_picked":["Philosopher\u0027s Stone","Snecko Eye"],"picked":"Fusion Hammer"}],"items_purged_floors":[22,38,44],"is_endless":false,"potions_floor_spawned":[1,6,14,16,19,28,31,35,36,46,48],"ascension_level":11}}