{"host":"Ovy","time":1614233349,"event":{"mods":["AchievementEnabler","BaseMod","Minty Spire (QoL Compilation)","Relic Stats"],"gold_per_floor":[217,235,63,74,74,74,102,117,117,146,166,182,182,192,192,192,192],"floor_reached":16,"language":"ENG","playtime":820,"items_purged":[],"score":228,"play_id":"fc0f16bc-154b-4a80-8831-e01e7672f019","local_time":"20210225010909","is_ascension_mode":true,"campfire_choices":[{"data":"All Out Attack","floor":6,"key":"SMITH"},{"data":"Noxious Fumes","floor":15,"key":"SMITH"}],"circlet_count":0,"master_deck":["AscendersBane","Strike_G","Strike_G","Strike_G","Strike_G","Strike_G","Defend_G","Defend_G","Defend_G+1","Defend_G","Defend_G+1","Survivor","Neutralize","All Out Attack+1","Dash","Backstab","Wraith Form v2","Blade Dance","Eviscerate","Dagger Throw","Tactician","Noxious Fumes+1","Adrenaline","Night Terror","Well Laid Plans","Tactician"],"relics":["Ring of the Snake","Orrery","Ginger","Calipers"],"acts_visited":["Exordium"],"potions_floor_usage":[7,16,16],"damage_taken":[{"damage":1,"enemies":"Cultist","floor":1,"turns":4},{"damage":1,"enemies":"Small Slimes","floor":2,"turns":4},{"damage":0,"enemies":"Jaw Worm","floor":4,"turns":2},{"damage":2,"enemies":"Gremlin Nob","floor":7,"turns":3},{"damage":6,"enemies":"Lots of Slimes","floor":8,"turns":2},{"damage":12,"enemies":"3 Sentries","floor":10,"turns":7},{"damage":0,"enemies":"2 Fungi Beasts","floor":11,"turns":3},{"damage":3,"enemies":"Large Slime","floor":12,"turns":5},{"damage":4,"enemies":"Lots of Slimes","floor":14,"turns":3},{"damage":10,"enemies":"Hexaghost","floor":16,"turns":11}],"seed_played":"7717552933034854604","potions_obtained":[{"floor":4,"key":"FearPotion"},{"floor":8,"key":"PowerPotion"},{"floor":14,"key":"SneckoOil"}],"is_trial":false,"path_per_floor":["M","M","$","M","?","R","E","M","T","E","M","M","?","M","R","B"],"character_chosen":"THE_SILENT","items_purchased":["Orrery"],"campfire_rested":0,"item_purchase_floors":[3],"current_hp_per_floor":[58,57,57,57,37,37,35,29,29,17,17,14,14,10,10,0,0],"gold":192,"neow_bonus":"HUNDRED_GOLD","is_daily":false,"chose_seed":false,"campfire_upgraded":2,"win_rate":0.0,"timestamp":1614233349,"path_taken":["M","?","$","M","?","R","E","M","T","E","M","M","?","M","R","BOSS"],"items_purchased_type":["Relic"],"build_version":"2020-12-18","purchased_purges":0,"victory":false,"max_hp_per_floor":[66,66,66,66,66,66,66,66,66,66,66,66,66,66,66,66,66],"relic_stats":{"counters":[10,44],"Ginger":[1],"obtain_stats":[{"Calipers":10,"Orrery":3,"Ginger":9,"Ring of the Snake":0},{"Calipers":6,"Orrery":2,"Ginger":5,"Ring of the Snake":0},{"Calipers":22,"Orrery":8,"Ginger":15,"Ring of the Snake":0}],"Ring of the Snake":[20]},"card_choices":[{"not_picked":["Poisoned Stab","Finisher"],"picked":"All Out Attack","floor":1},{"not_picked":["All Out Attack","Dagger Throw"],"picked":"Dash","floor":2},{"not_picked":["PiercingWail","Finisher"],"picked":"Backstab","floor":3},{"not_picked":["Bane","Endless Agony"],"picked":"Wraith Form v2","floor":3},{"not_picked":["Crippling Poison","Flying Knee"],"picked":"Blade Dance","floor":3},{"not_picked":["PiercingWail","All Out Attack"],"picked":"Eviscerate","floor":3},{"not_picked":["Poisoned Stab","Caltrops"],"picked":"Dagger Throw","floor":4},{"not_picked":["Bouncing Flask","Dodge and Roll"],"picked":"Tactician","floor":7},{"not_picked":["Blade Dance","Caltrops"],"picked":"Noxious Fumes","floor":8},{"not_picked":["Expertise","Sucker Punch","Outmaneuver"],"picked":"SKIP","floor":10},{"not_picked":["Prepared","Dagger Spray","Endless Agony"],"picked":"SKIP","floor":11},{"not_picked":["Accuracy","Dagger Spray"],"picked":"Adrenaline","floor":12},{"not_picked":["Sucker Punch","Quick Slash"],"picked":"Tactician","floor":14}],"player_experience":1362323,"relics_obtained":[{"floor":9,"key":"Ginger"},{"floor":10,"key":"Calipers"}],"event_choices":[{"damage_healed":0,"gold_gain":0,"player_choice":"Entered Light","damage_taken":20,"max_hp_gain":0,"max_hp_loss":0,"event_name":"Shining Light","floor":5,"gold_loss":0,"cards_upgraded":["Defend_G","Defend_G"]},{"damage_healed":0,"gold_gain":0,"player_choice":"2 cards matched","damage_taken":0,"max_hp_gain":0,"max_hp_loss":0,"event_name":"Match and Keep!","floor":13,"gold_loss":0,"cards_obtained":["Night Terror","Well Laid Plans"]}],"is_beta":true,"boss_relics":[],"items_purged_floors":[],"is_endless":false,"potions_floor_spawned":[4,8,14],"killed_by":"Hexaghost","ascension_level":20}}