{"host":"z37g2hkgkh2zjyzk","time":1614261270,"event":{"mods":["2.2 Compatiblity","AchievementEnabler","BaseMod","Bestiary","Colored Map","Colored Powertips","Curses Come First","Highlight Path","Keyboard Shortcuts","Minty Spire (QoL Compilation)","Relic Stats","StSLib","SuperFastMode"],"gold_per_floor":[213,228,241,255,10,10,40,56,56,56,82,92,111,183,183,279,279,297,18,18,34,54,54,82,7,53,71,71,71],"floor_reached":28,"language":"ENG","playtime":1491,"items_purged":[],"score":423,"play_id":"ae04e0b5-b26b-49df-bf72-d74f6f492848","local_time":"20210225145430","is_ascension_mode":true,"campfire_choices":[{"floor":6,"key":"REST"},{"floor":10,"key":"REST"},{"floor":15,"key":"REST"},{"floor":23,"key":"REST"}],"circlet_count":0,"master_deck":["Strike_B","Strike_B","Strike_B","Strike_B","Defend_B","Defend_B","Defend_B","Defend_B","Zap","Dualcast","Barrage","Fusion","Compile Driver","Streamline","Core Surge","Double Energy","Ball Lightning","Core Surge","Barrage","Glacier","Turbo","Barrage","Storm+1","Chill"],"relics":["Cracked Core","Frozen Egg 2","DataDisk","Ginger","Emotion Chip","Inserter","Mummified Hand","Du-Vu Doll","Art of War"],"acts_visited":["Exordium","TheCity"],"potions_floor_usage":[4,8,16,18,24,24,28],"damage_taken":[{"damage":1,"enemies":"Cultist","floor":1,"turns":4},{"damage":2,"enemies":"Jaw Worm","floor":2,"turns":3},{"damage":10,"enemies":"2 Louse","floor":3,"turns":3},{"damage":19,"enemies":"Exordium Wildlife","floor":4,"turns":6},{"damage":25,"enemies":"Lagavulin","floor":7,"turns":6},{"damage":4,"enemies":"Exordium Thugs","floor":8,"turns":5},{"damage":35,"enemies":"Gremlin Nob","floor":11,"turns":4},{"damage":8,"enemies":"3 Louse","floor":12,"turns":3},{"damage":1,"enemies":"Exordium Wildlife","floor":13,"turns":3},{"damage":0,"enemies":"Slime Boss","floor":16,"turns":8},{"damage":31,"enemies":"2 Thieves","floor":18,"turns":4},{"damage":16,"enemies":"3 Byrds","floor":21,"turns":4},{"damage":4,"enemies":"Centurion and Healer","floor":22,"turns":7},{"damage":43,"enemies":"Slavers","floor":24,"turns":5},{"damage":13,"enemies":"Snake Plant","floor":27,"turns":3},{"damage":15,"enemies":"Snecko","floor":28,"turns":2}],"seed_played":"6265508485270393885","potions_obtained":[{"floor":1,"key":"DistilledChaos"},{"floor":4,"key":"FairyPotion"},{"floor":7,"key":"SkillPotion"},{"floor":11,"key":"Strength Potion"},{"floor":12,"key":"Regen Potion"},{"floor":16,"key":"ColorlessPotion"},{"floor":18,"key":"Dexterity Potion"},{"floor":22,"key":"FocusPotion"},{"floor":27,"key":"AttackPotion"}],"is_trial":false,"path_per_floor":["M","M","M","M","$","R","E","M","T","R","E","M","M","?","R","B",null,"M","$","?","M","M","R","E","$","T","M","M"],"character_chosen":"DEFECT","items_purchased":["Frozen Egg 2","Glacier","Mummified Hand","Chill"],"campfire_rested":4,"item_purchase_floors":[5,19,19,25],"current_hp_per_floor":[67,65,55,36,36,58,33,29,29,51,16,8,7,7,29,44,67,36,36,36,20,16,38,22,22,22,9,0,0],"gold":71,"neow_bonus":"HUNDRED_GOLD","is_daily":false,"chose_seed":false,"campfire_upgraded":0,"win_rate":0.0,"timestamp":1614261270,"path_taken":["M","M","M","M","$","R","E","?","T","R","E","M","M","?","R","BOSS","M","$","?","M","M","R","E","$","T","M","?"],"items_purchased_type":["Relic","Card","Relic","Card"],"build_version":"2020-12-22","purchased_purges":0,"victory":false,"max_hp_per_floor":[75,75,75,75,75,75,75,75,75,75,75,75,75,75,75,75,75,75,75,75,75,75,75,75,75,75,75,75,75],"relic_stats":{"Emotion Chip":[26,17,6,0,3],"Inserter":[12],"counters":[16,70],"Mummified Hand":[0],"Art of War":[1],"Ginger":[3],"obtain_stats":[{"Du-Vu Doll":24,"DataDisk":7,"Emotion Chip":11,"Inserter":17,"Mummified Hand":19,"Art of War":26,"Ginger":9,"Frozen Egg 2":5,"Cracked Core":0},{"Du-Vu Doll":14,"DataDisk":5,"Emotion Chip":7,"Inserter":10,"Mummified Hand":11,"Art of War":14,"Ginger":6,"Frozen Egg 2":4,"Cracked Core":0},{"Du-Vu Doll":65,"DataDisk":22,"Emotion Chip":31,"Inserter":45,"Mummified Hand":49,"Art of War":65,"Ginger":27,"Frozen Egg 2":16,"Cracked Core":0}]},"card_choices":[{"not_picked":["Darkness","Hologram","Coolheaded"],"picked":"SKIP","floor":1},{"not_picked":["Leap","Storm"],"picked":"Barrage","floor":2},{"not_picked":["Hello World","Redo"],"picked":"Fusion","floor":3},{"not_picked":["Coolheaded","Capacitor"],"picked":"Compile Driver","floor":4},{"not_picked":["Darkness","Steam","Stack"],"picked":"SKIP","floor":7},{"not_picked":["White Noise","Redo"],"picked":"Streamline","floor":8},{"not_picked":["Redo","Force Field"],"picked":"Core Surge","floor":11},{"not_picked":["Tempest","Cold Snap"],"picked":"Double Energy","floor":12},{"not_picked":["Go for the Eyes","Rebound"],"picked":"Ball Lightning","floor":13},{"not_picked":["Meteor Strike","Buffer+1"],"picked":"Core Surge","floor":16},{"not_picked":["Darkness","Beam Cell"],"picked":"Barrage","floor":18},{"not_picked":["Doom and Gloom","White Noise"],"picked":"Turbo","floor":21},{"not_picked":["Steam","Rebound"],"picked":"Barrage","floor":22},{"not_picked":["Chaos","FTL"],"picked":"Storm+1","floor":24},{"not_picked":["Leap","Compile Driver","Stack"],"picked":"SKIP","floor":27}],"player_experience":272684,"relics_obtained":[{"floor":7,"key":"DataDisk"},{"floor":9,"key":"Ginger"},{"floor":11,"key":"Emotion Chip"},{"floor":24,"key":"Du-Vu Doll"},{"floor":26,"key":"Art of War"}],"event_choices":[{"damage_healed":0,"gold_gain":72,"player_choice":"Gained Gold","damage_taken":0,"max_hp_gain":0,"max_hp_loss":0,"event_name":"Golden Wing","floor":14,"gold_loss":0},{"damage_healed":0,"gold_gain":0,"player_choice":"Got Potions","damage_taken":0,"max_hp_gain":0,"max_hp_loss":0,"event_name":"Lab","floor":20,"gold_loss":0}],"is_beta":false,"boss_relics":[{"not_picked":["SacredBark","Black Star"],"picked":"Inserter"}],"items_purged_floors":[],"is_endless":false,"potions_floor_spawned":[1,4,7,11,12,16,18,22,27],"killed_by":"Snecko","ascension_level":8}}