{"host":"70zhvo5nwrhp1mbg","time":1614274555,"event":{"mods":["AchievementEnabler","BaseMod","Bestiary","Colored Map","Colored Powertips","Minty Spire (QoL Compilation)","Rare Cards Sparkle","Relic Stats","StSLib","ojb\u0027s Better Paths Mod","ojb\u0027s Info Mod: The sequel"],"gold_per_floor":[119,89,107,120,134,168,168,185,212,229,229,244,244,244,244,244,244],"floor_reached":16,"language":"ENG","playtime":1070,"items_purged":[],"score":203,"play_id":"73070a93-60c6-4947-835a-304b3617ee02","local_time":"20210225123555","is_ascension_mode":true,"campfire_choices":[{"data":"Armaments","floor":7,"key":"SMITH"},{"data":"Entrench","floor":11,"key":"SMITH"},{"data":"Whirlwind","floor":13,"key":"SMITH"},{"data":"Searing Blow","floor":15,"key":"SMITH"}],"circlet_count":0,"master_deck":["AscendersBane","Strike_R","Strike_R","Strike_R","Strike_R","Strike_R","Defend_R","Defend_R","Defend_R","Defend_R","Bash","Ghostly Armor","Armaments+1","Whirlwind+1","Anger","Clothesline","Searing Blow+1","Entrench+1","Inflame"],"relics":["Burning Blood","Strawberry","Tiny Chest","Centennial Puzzle"],"acts_visited":["Exordium"],"potions_floor_usage":[6,8,8,12],"damage_taken":[{"damage":2,"enemies":"2 Louse","floor":1,"turns":3},{"damage":0,"enemies":"Cultist","floor":3,"turns":3},{"damage":4,"enemies":"Jaw Worm","floor":4,"turns":5},{"damage":2,"enemies":"2 Fungi Beasts","floor":5,"turns":4},{"damage":30,"enemies":"3 Sentries","floor":6,"turns":8},{"damage":30,"enemies":"Gremlin Gang","floor":8,"turns":6},{"damage":28,"enemies":"Large Slime","floor":10,"turns":7},{"damage":4,"enemies":"2 Fungi Beasts","floor":12,"turns":3},{"damage":27,"enemies":"The Guardian","floor":16,"turns":2}],"seed_played":"4900196436684418026","potions_obtained":[{"floor":2,"key":"Regen Potion"},{"floor":2,"key":"PowerPotion"},{"floor":5,"key":"LiquidBronze"},{"floor":6,"key":"FearPotion"},{"floor":8,"key":"Strength Potion"}],"is_trial":false,"path_per_floor":["M","?","M","M","M","E","R","M","T","M","R","M","R","?","R","B"],"character_chosen":"IRONCLAD","items_purchased":[],"campfire_rested":0,"item_purchase_floors":[],"current_hp_per_floor":[79,79,82,82,82,65,65,41,41,19,19,21,21,3,3,0,0],"gold":244,"neow_bonus":"TEN_PERCENT_HP_BONUS","is_daily":false,"chose_seed":false,"campfire_upgraded":4,"win_rate":0.0,"timestamp":1614274555,"path_taken":["M","?","?","M","M","E","R","M","T","M","R","M","R","?","R","BOSS"],"items_purchased_type":[],"build_version":"2020-12-22","purchased_purges":0,"victory":false,"max_hp_per_floor":[82,82,82,82,82,89,89,89,89,89,89,89,89,89,89,89,89],"relic_stats":{"Centennial Puzzle":[0],"counters":[9,41],"Tiny Chest":0,"obtain_stats":[{"Centennial Puzzle":14,"Strawberry":6,"Tiny Chest":9,"Burning Blood":0},{"Centennial Puzzle":8,"Strawberry":5,"Tiny Chest":6,"Burning Blood":0},{"Centennial Puzzle":39,"Strawberry":23,"Tiny Chest":29,"Burning Blood":0}],"Burning Blood":39},"card_choices":[{"not_picked":["Clothesline","Shockwave"],"picked":"Ghostly Armor","floor":1},{"not_picked":["Havoc","Dropkick"],"picked":"Armaments","floor":3},{"not_picked":["Havoc","Second Wind"],"picked":"Whirlwind","floor":4},{"not_picked":["Clash","Wild Strike"],"picked":"Anger","floor":5},{"not_picked":["Thunderclap","True Grit"],"picked":"Clothesline","floor":6},{"not_picked":["Thunderclap","Heavy Blade"],"picked":"Searing Blow","floor":8},{"not_picked":["Pommel Strike","Clash"],"picked":"Entrench","floor":10},{"not_picked":["Headbutt","Twin Strike"],"picked":"Inflame","floor":12}],"player_experience":725389,"relics_obtained":[{"floor":6,"key":"Strawberry"},{"floor":9,"key":"Tiny Chest"}],"event_choices":[{"damage_healed":0,"gold_gain":0,"player_choice":"Bought 2 Potions","damage_taken":0,"max_hp_gain":0,"max_hp_loss":0,"event_name":"The Woman in Blue","floor":2,"gold_loss":0},{"damage_healed":0,"gold_gain":0,"player_choice":"Success","damage_taken":18,"relics_obtained":["Centennial Puzzle"],"max_hp_gain":0,"max_hp_loss":0,"event_name":"Scrap Ooze","floor":14,"gold_loss":0}],"is_beta":false,"boss_relics":[],"items_purged_floors":[],"is_endless":false,"potions_floor_spawned":[4,5,6,8],"killed_by":"The Guardian","ascension_level":19}}