{"host":"30tpnd8k54vb8fl5","time":1614266789,"event":{"mods":["BaseMod","Colored Powertips","Downfall","Minty Spire (QoL Compilation)","Quick Restart","Replay The Spire","StSLib","The Bladedancer","The Senshi"],"gold_per_floor":[99,99,99,99,99,126,126,150,325,348,348,348,372,372,372,372],"floor_reached":14,"language":"ZHS","playtime":479,"items_purged":[],"score":161,"play_id":"411412ca-c6b7-41c6-b369-85379de170f2","local_time":"20210225232629","is_ascension_mode":false,"campfire_choices":[{"data":"hexamod:Float","floor":1,"key":"SMITH"}],"circlet_count":0,"master_deck":["hexamod:Strike","hexamod:Strike","hexamod:Strike","hexamod:Strike","hexamod:Defend","hexamod:Defend","hexamod:Defend","hexamod:Defend","hexamod:Sear","hexamod:Float+1","hexamod:InspiringFlames","hexamod:SecondSeal","downfall:Haunted","downfall:Haunted","hexamod:ForkedFlame","hexamod:WildfireWeapon","hexamod:FastForward","Doubt","hexamod:SpectersWail","CommonCold","hexamod:FastForward"],"relics":["hexamod:SpiritBrand","downfall:HeartsMalice","Darkstone Periapt","Replay:Kaleidoscope","HornCleat","Mercury Hourglass","Mummified Hand","Ring of Fangs","Ring of Fury"],"acts_visited":["Exordium"],"potions_floor_usage":[],"damage_taken":[{"damage":0,"enemies":"Small Slimes","floor":2,"turns":1},{"damage":0,"enemies":"Jaw Worm","floor":3,"turns":1},{"damage":0,"enemies":"3 Sentries","floor":6,"turns":1},{"damage":0,"enemies":"Cultist","floor":8,"turns":3},{"damage":5,"enemies":"Exordium Wildlife","floor":10,"turns":3},{"damage":7,"enemies":"Blue Slaver","floor":13,"turns":3},{"damage":212,"enemies":"Lagavulin","floor":14,"turns":5}],"seed_played":"1067146159604768409","potions_obtained":[{"floor":6,"key":"Fruit Juice"},{"floor":8,"key":"Elixir"}],"is_trial":false,"path_per_floor":["R","M","M","?","T","E","T","M","?","M","T","?","M","E"],"character_chosen":"THE_SPIRIT","items_purchased":[],"campfire_rested":0,"item_purchase_floors":[],"current_hp_per_floor":[70,70,70,88,88,88,88,88,94,89,89,95,88,0,0,0],"gold":372,"neow_bonus":"THREE_ENEMY_KILL","is_daily":false,"chose_seed":false,"campfire_upgraded":1,"win_rate":0.0,"timestamp":1614266789,"path_taken":["R","M","M","?","?","E","T","?","?","M","?","?","M","E"],"items_purchased_type":[],"build_version":"2020-12-22","purchased_purges":0,"victory":false,"max_hp_per_floor":[70,70,70,88,88,88,88,88,94,94,94,100,100,100,100,100],"card_choices":[{"not_picked":["hexamod:SoulSteal","hexamod:HeatMetal"],"picked":"hexamod:InspiringFlames","floor":2},{"not_picked":["hexamod:SkipABeat","hexamod:SpectersWail"],"picked":"hexamod:SecondSeal","floor":3},{"not_picked":["hexamod:GhostOfSpireFuture","hexamod:HeatCrush"],"picked":"hexamod:WildfireWeapon","floor":6},{"not_picked":["hexamod:HeatMetal","hexamod:NightmareStrike"],"picked":"hexamod:FastForward","floor":8},{"not_picked":["hexamod:NightmareStrike","hexamod:InspiringFlames"],"picked":"hexamod:SpectersWail","floor":10},{"not_picked":["hexamod:GhostLash","hexamod:EtherealExpedition"],"picked":"hexamod:FastForward","floor":13}],"player_experience":528310,"relics_obtained":[{"floor":5,"key":"Replay:Kaleidoscope"},{"floor":6,"key":"HornCleat"},{"floor":7,"key":"Mercury Hourglass"},{"floor":11,"key":"Mummified Hand"},{"floor":12,"key":"Ring of Fangs"},{"floor":12,"key":"Ring of Fury"}],"event_choices":[],"is_beta":false,"boss_relics":[],"items_purged_floors":[],"is_endless":false,"potions_floor_spawned":[6,8],"killed_by":"Lagavulin","ascension_level":0}}