{"host":"uceopoba4zvqsgiy","time":1614220750,"event":{"mods":["2.2 Compatiblity","Act Like it!","BaseMod","Better Skull","Better Third Choice","Elementarium","Evolution","GifTheSpireLib","Hermit","Humility","Infinite Spire","Jorbs\u0027s Wanderer Trilogy","Marked Mod","Minty Spire (QoL Compilation)","Potionbrewer","Reliquary","Replay The Spire","Robot Space Explorer","Shade Mod","Spicy Shops","StS++","StSLib","Stuff the Spire","The Blue Laboratory","The Caster","The Cursed","The Dragon Tamer","The Dragonkin","The Hierophant","The Judge","The Jungle","TheSurvivalist","Wandering Minibosses"],"gold_per_floor":[113,131,131,131,131,210,210,245,269,85,104,104,104,104],"floor_reached":13,"language":"ENG","playtime":441,"items_purged":[],"score":170,"play_id":"e7b424e3-9d27-48fd-a4a6-9c669e71fec5","local_time":"20210225130910","is_ascension_mode":true,"campfire_choices":[{"data":"Meteor Strike","floor":7,"key":"SMITH"}],"circlet_count":0,"master_deck":["WordoMod:Unchained","WordoMod:Unchained","WordoMod:Unchained","WordoMod:Unchained+1","WordoMod:Repent","WordoMod:DefendCard","WordoMod:DefendCard","WordoMod:DefendCard","WordoMod:Accursed","WordoMod:IllWill","Meteor Strike+1","Delirium","TheCursedMod:Dregs","WordoMod:Infected"],"relics":["WordoMod:Obsidian","WordoMod:Effigy","EVO:Axolotl","NeowsBlessing","StuffTheSpire:Barrel","ReplayTheSpireMod:Ring of Challenge","Ring of Hypnosis","infinitespire:BottledMercury","potionbrewer:DrinkingBird","Pen Nib","ReplayTheSpireMod:CursedCoin","Lantern","Mercury Hourglass"],"acts_visited":["Exordium"],"potions_floor_usage":[8],"damage_taken":[{"damage":0,"enemies":"Small Slimes","floor":1,"turns":1},{"damage":0,"enemies":"2 Louse","floor":2,"turns":1},{"damage":0,"enemies":"3 Sentries","floor":6,"turns":1},{"damage":42,"enemies":"Gremlin Nob","floor":8,"turns":4},{"damage":18,"enemies":"Jaw Worm","floor":11,"turns":3},{"damage":14,"enemies":"3 Sentries","floor":13,"turns":1}],"seed_played":"8553838488284117942","potions_obtained":[{"floor":2,"key":"GamblersBrew"},{"floor":8,"key":"blueLaboratory:PhilterOfMotion"}],"is_trial":false,"path_per_floor":["M","M","?","$","?","E","R","E","T","$","M","?","E"],"character_chosen":"JUDGE_CLASS","items_purchased":["ReplayTheSpireMod:CursedCoin","Lantern","Mercury Hourglass"],"campfire_rested":0,"item_purchase_floors":[10,10,10],"current_hp_per_floor":[75,75,67,67,67,67,67,25,25,25,7,7,0,0],"gold":104,"neow_bonus":"THREE_ENEMY_KILL","is_daily":false,"chose_seed":false,"campfire_upgraded":1,"win_rate":0.0,"timestamp":1614220750,"path_taken":["M","M","?","$","?","E","R","E","T","$","?","?","E"],"items_purchased_type":["Relic","Relic","Relic"],"build_version":"2020-12-22","purchased_purges":0,"victory":false,"max_hp_per_floor":[75,75,75,75,75,75,75,75,75,75,75,75,75,75],"card_choices":[{"not_picked":["WordoMod:Malice","WordoMod:Behead","WordoMod:SacRite"],"picked":"SKIP","floor":1},{"not_picked":["WordoMod:MementoMori","WordoMod:Exorcism","WordoMod:BurdenOfSin"],"picked":"SKIP","floor":2},{"not_picked":["StuffTheSpire:GnomedCurse","Amnesia"],"picked":"TheCursedMod:Dregs","floor":6},{"not_picked":["WordoMod:BurdenOfSin","WordoMod:Spite","WordoMod:SacRite"],"picked":"SKIP","floor":6},{"not_picked":["WordoMod:Parry","WordoMod:Repent","WordoMod:BreakChains"],"picked":"SKIP","floor":8},{"not_picked":["WordoMod:BadMemories","WordoMod:TheCure","WordoMod:LanternFlame"],"picked":"SKIP","floor":11}],"player_experience":1888845,"relics_obtained":[{"floor":5,"key":"ReplayTheSpireMod:Ring of Challenge"},{"floor":5,"key":"Ring of Hypnosis"},{"floor":6,"key":"infinitespire:BottledMercury"},{"floor":8,"key":"potionbrewer:DrinkingBird"},{"floor":9,"key":"Pen Nib"}],"event_choices":[{"damage_healed":0,"gold_gain":0,"player_choice":"Grow","damage_taken":0,"max_hp_gain":0,"max_hp_loss":0,"event_name":"Living Wall","floor":12,"gold_loss":0,"cards_upgraded":["WordoMod:Unchained"]}],"is_beta":false,"boss_relics":[],"items_purged_floors":[],"is_endless":false,"potions_floor_spawned":[2,8],"killed_by":"3 Sentries","ascension_level":5,"is_humility":true}}