{"host":"5m2js577gj4e7pak","time":1614212286,"event":{"mods":["AchievementEnabler","Act Like it!","BaseMod","Better Match","Better Note","Better Third Choice","BetterRewards","Colored Map","Colored Powertips","Highlight Path","Library of Ruina","Library of Ruina Extra","Minty Spire (QoL Compilation)","Quick Restart","Remove Card Discount Mod","Ruina","Shop Mod","Spicy Shops","StSLib"],"gold_per_floor":[112,62,76,76,90,90,107,107,107,123,123,91,112,151,151,276,276,291,216,216,242,258,258,273,273,273,1,1,25,64,79,79,207,207,232,257,282,305,320,359,359,394,441,441,464,464,63,84,84,84,84],"floor_reached":52,"language":"ENG","playtime":1604,"items_purged":["Dodge","LightDefense","LightAttack","LightAttack","LightAttack","Doubt","LightDefense","LightDefense","FormingStorm+1","FlowOfTheSword","Collision","InkOver","FocusedStrikes","ChargeAndCover"],"score":870,"play_id":"05e31ab0-11f0-4d16-b463-2ebf4cf4d987","local_time":"20210225011806","is_ascension_mode":true,"campfire_choices":[{"data":"FrontalAssault","floor":6.0,"key":"SMITH"},{"floor":15.0,"key":"REST"},{"data":"Commandeering","floor":23.0,"key":"SMITH"},{"data":"EnergyConversion","floor":25.0,"key":"SMITH"},{"data":"Leap_lor","floor":32.0,"key":"SMITH"},{"data":"FormingStorm","floor":41,"key":"SMITH"},{"floor":44,"key":"REST"},{"data":"EnergyBeam","floor":46,"key":"SMITH"},{"data":"BoundaryOfDeath","floor":49,"key":"SMITH"}],"circlet_count":0,"master_deck":["EnergyCycle","FrontalAssault+1","Leap_lor+1","Commandeering+1","GrazeTheGrass","Bandage Up","EnergyConversion+1","Disposal","AbsorbImpact+1","Faith+1","GrazeTheGrass","AGoldenOpportunity+1","SavageMode","CurseOfTheBell","SavageMode","EnergyBeam+1","AGoldenOpportunity+1","Faith+1","Faith+1","Tttonst+1","BoundaryOfDeath+1"],"relics":["PageOfLibrarian","Strawberry","PageOfBigBadWolf","Golden Idol","PageOfQueenBee","PageOfBlackSwan","PageOfPinocchio","PageOfPorccubus","Toxic Egg 2","PageOfWayBackHome","ruina:PrescriptsGrace","Happy Flower","Bag of Preparation","Calling Bell","PageOfSnowWhitesApple","PageOfScarecrow","Unceasing Top","Regal Pillow","PageOfJudgementBird","MealTicket","Lantern","Calipers"],"acts_visited":["Exordium","Exordium","TheBeyond"],"potions_floor_usage":[33,33,40,48],"damage_taken":[{"damage":22.0,"enemies":"Small Slimes","floor":1.0,"turns":4.0},{"damage":0.0,"enemies":"Jaw Worm","floor":3.0,"turns":2.0},{"damage":0.0,"enemies":"2 Louse","floor":5.0,"turns":2.0},{"damage":4.0,"enemies":"Lots of Slimes","floor":7.0,"turns":5.0},{"damage":14.0,"enemies":"2 Fungi Beasts","floor":10.0,"turns":3.0},{"damage":5.0,"enemies":"Blue Slaver","floor":13.0,"turns":3.0},{"damage":8.0,"enemies":"Lagavulin","floor":14.0,"turns":3.0},{"damage":25.0,"enemies":"The Guardian","floor":16.0,"turns":7.0},{"damage":0.0,"enemies":"ruina:BadWolf","floor":18.0,"turns":2.0},{"damage":3.0,"enemies":"ruina:2_Scarecrows","floor":22.0,"turns":3.0},{"damage":5.0,"enemies":"ruina:KnightOfDespair","floor":24.0,"turns":4.0},{"damage":0.0,"enemies":"ruina:RoadHome","floor":30.0,"turns":4.0},{"damage":0.0,"enemies":"ruina:QueenOfHate","floor":31.0,"turns":1.0},{"damage":19,"enemies":"ruina:JesterOfNihil","floor":33,"turns":6},{"damage":9,"enemies":"3 Shapes","floor":35,"turns":2},{"damage":0,"enemies":"3 Darklings","floor":36,"turns":1},{"damage":15,"enemies":"Sphere and 2 Shapes","floor":37,"turns":3},{"damage":0,"enemies":"Jaw Worm Horde","floor":38,"turns":1},{"damage":0,"enemies":"4 Shapes","floor":39,"turns":2},{"damage":83,"enemies":"Reptomancer","floor":40,"turns":3},{"damage":20,"enemies":"Giant Head","floor":42,"turns":6},{"damage":0,"enemies":"Maw","floor":45,"turns":5},{"damage":0,"enemies":"3 Darklings","floor":48,"turns":2},{"damage":2,"enemies":"Awakened One","floor":50,"turns":9},{"damage":42,"enemies":"Awakened One","floor":51,"turns":9}],"seed_played":"-8646786640795964698","potions_obtained":[{"floor":3.0,"key":"LiquidBronze"},{"floor":7.0,"key":"SkillPotion"},{"floor":10.0,"key":"Explosive Potion"},{"floor":14.0,"key":"Swift Potion"},{"floor":18.0,"key":"FearPotion"},{"floor":22.0,"key":"EntropicBrew"},{"floor":30.0,"key":"FearPotion"},{"floor":31.0,"key":"SkillPotion"},{"floor":35,"key":"DuplicationPotion"},{"floor":37,"key":"Energy Potion"},{"floor":38,"key":"DistilledChaos"},{"floor":42,"key":"Explosive Potion"}],"is_trial":false,"path_per_floor":["M","?","M","?","M","R","M","?","T","M","?","?","M","E","R","B",null,"M","?","?","T","M","R","M","R","T","$","?","T","E","M","R","B",null,"M","M","M","M","M","E","R","E","T","R","M","R","$","M","R","B",null,null],"character_chosen":"Librarian","items_purchased":["PageOfWayBackHome","Lantern","Calipers"],"campfire_rested":2,"item_purchase_floors":[27,47,47],"current_hp_per_floor":[44,44,44,37,37,37,33,22,22,16,16,16,15,11,38,17,91,91,91,91,91,82,82,91,91,91,91,91,91,91,91,91,78,91,91,91,75,75,75,18,18,8,8,50,58,58,73,91,91,91,82],"gold":84,"neow_bonus":"TEN_PERCENT_HP_BONUS","is_daily":false,"chose_seed":false,"campfire_upgraded":7,"win_rate":0.0,"timestamp":1614212286,"path_taken":["M","?","M","?","?","R","M","?","T","M","?","?","M","E","R","BOSS","M","?","?","?","?","R","?","R","T","$","?","?","E","M","R","BOSS","M","M","?","M","M","E","R","E","T","R","M","R","$","M","R","BOSS"],"items_purchased_type":["Relic","Relic","Relic"],"build_version":"2020-12-22","purchased_purges":14,"victory":true,"max_hp_per_floor":[81,81,90,90,73,90,76,83,83,84,78,78,91,91,91,91,91,91,91,91,91,82,91,91,91,91,91,91,91,91,91,91,91,91,91,91,75,75,75,77,91,91,91,91,93,91,91,91,91,91,91],"card_choices":[{"not_picked":["HiddenBlade","UnavoidableGaze","AsThePrescriptOrders","SnakesPrey","EmotionalTurbulence","NonstopAssault","GreatSerpentsImpact","Parry2"],"picked":"EnergyCycle","floor":1.0},{"not_picked":["IngredientHunt","OpportunitySpotted","DarkCloud","UndertakePrescript","GuidanceOfTheGears","StrikeDown","SerpentineBarrier","WillOfThePrescript"],"picked":"Rewind","floor":3.0},{"not_picked":["SpearedSweep","WillOfThePrescript","QuickAttack","MultiHit","Parry2","GoinFirst","SkyClearingCut","Slice_lor"],"picked":"FrontalAssault","floor":5.0},{"not_picked":["DesperateStruggle","SteelKnuckles","TasteMyFlamingBat","Fence","BoundaryOfDeath","HandleRequest","ShrineToMusic","MultiHit"],"picked":"InkOver","floor":7.0},{"not_picked":["FierceCharge","SpearedSweep","FleetFootsteps","Multislash","HighKick","KeepItFresh","DarkCloud","Juggling"],"picked":"Collision","floor":10.0},{"not_picked":["Parry","AsThePrescriptOrders","TendonChords","Quickness","Thrust","CircusKnives","Diversion","VenomousFangs"],"picked":"FlowOfTheSword","floor":13.0},{"not_picked":["BlowItUp","TraceOfFumes","FeelinGood","StrikeDown","DesperateStruggle","FleetEdge","Thrust","Quickness"],"picked":"Leap_lor","floor":14.0},{"not_picked":["Cruelty","SavageMode"],"picked":"Commandeering","floor":16.0},{"not_picked":["BindingChains","HardRehearsal","OpportunitySpotted+1","SmokingPipe","CoordinatedAssault","Zzzzzap","GoinFirst","BiXi"],"picked":"GrazeTheGrass","floor":18.0},{"not_picked":["Trip","Purity","Panacea","Mind Blast","PanicButton","Deep Breath","Impatience","Discovery"],"picked":"Bandage Up","floor":19.0},{"not_picked":["TimeForALittleTest","CutIn","BayonetCombat","DriedUp","StartinOutLightly","Gamble","LoosenUp","RatsGuideToSurvival"],"picked":"EnergyConversion","floor":19.0},{"not_picked":["Observe","MindCrush","RagingStormLove","FleshFillet","GoinFirst","GutHarvesting","Eradication","GroundSmash"],"picked":"Disposal","floor":19.0},{"not_picked":["DriedUp","HiddenBlade+1","RapidGashes","DestructiveImpact","CookingPrep","UpbeatPerformance","FlashOfSunup","EndlessBattle"],"picked":"AbsorbImpact+1","floor":22.0},{"not_picked":["UpbeatPerformance","QuickAttack+1","Disposal","DesperateStruggle","Gamble+1","Multislash","StrikeDown","EnergyCycle"],"picked":"Faith+1","floor":24.0},{"not_picked":["MultiHit","BiAn+1","OpportunitySpotted+1","DesperateStruggle","GuidanceOfTheGears+1","FierceCharge+1","RagingStormLove","UnavoidableGaze+1"],"picked":"GrazeTheGrass","floor":30.0},{"not_picked":["GreatSerpentsImpact","WillOfThePrescript+1","CrackOfDawn","PinpointShot+1","GuidanceOfTheGears+1","FaintMemories+1","Quickness+1","ClassAndRespect"],"picked":"AGoldenOpportunity+1","floor":31.0},{"not_picked":["WillProduceFineSilk+1","ChargeUp"],"picked":"SavageMode","floor":33},{"not_picked":["PuppetBlockade+1","GuardingStance+1","MultiHit","Outburst+1","ToOvercomeCrisis+1","SharpSwipe","NightInTheBackstreets+1","Endure+1"],"picked":"SavageMode","floor":35},{"not_picked":["Diversion","Reload+1","AsThePrescriptOrders+1","PreemptiveStrike","FeatherShield+1","Preparation+1","EnergyShield+1","HandleRequest"],"picked":"EnergyBeam","floor":36},{"not_picked":["HandleRequest","StrikeDown","Pound","DestructiveImpact","VenomousFangs+1","DirtyBlow+1","Parry+1","Decapitation"],"picked":"AGoldenOpportunity+1","floor":37},{"not_picked":["QuickAttack","PinpointShot+1","StrongStrike+1","Rewind+1","GuardingStance+1","Commandeering+1","ButterflySlash","Standoff+1"],"picked":"Faith+1","floor":38},{"not_picked":["AlloutWar+1","Eject+1","StrikeDown+1","FendThisOffIfYouCan+1","Multislash","FieryDragonSlash","MultiBlock+1","SinglePointStab"],"picked":"Faith+1","floor":39},{"not_picked":["WrathOfTorment+1","NightInTheBackstreets","StrikeDown","ShockRound+1","Creak+1","Disposal","Feast+1","DarkCloud"],"picked":"FormingStorm","floor":40},{"not_picked":["GrazeTheGrass","SpearedSweep+1","Tailoring","SerpentSwordTechnique+1","StrikeDown+1","SkyClearingCut+1","Faith+1","EnergyShield+1"],"picked":"Tttonst+1","floor":42},{"not_picked":["YourShield+1","Reload+1","TendonChords+1","FierceCharge+1","GuidanceOfTheGears+1","SparkingSpear+1","Juggling+1","SharpNails+1","DarkCloud"],"picked":"SKIP","floor":45},{"not_picked":["Rampage_lor+1","Brawl+1","Reload+1","TrimTheIngredients+1","EnergyShield+1","SturdyDefense+1","DesperateStruggle+1","Unlock1+1"],"picked":"BoundaryOfDeath","floor":48}],"player_experience":26113,"relics_obtained":[{"floor":9.0,"key":"PageOfBigBadWolf"},{"floor":14.0,"key":"PageOfQueenBee"},{"floor":21.0,"key":"PageOfPorccubus"},{"floor":26.0,"key":"Toxic Egg 2"},{"floor":29.0,"key":"Happy Flower"},{"floor":30.0,"key":"Bag of Preparation"},{"floor":34,"key":"PageOfSnowWhitesApple"},{"floor":34,"key":"PageOfScarecrow"},{"floor":34,"key":"Unceasing Top"},{"floor":40,"key":"Regal Pillow"},{"floor":42,"key":"PageOfJudgementBird"},{"floor":43,"key":"MealTicket"}],"event_choices":[{"cards_removed":["LightDefense"],"damage_healed":0.0,"max_hp_gain":0.0,"max_hp_loss":0.0,"gold_gain":0.0,"event_name":"The Cleric","player_choice":"Card Removal","floor":2.0,"gold_loss":50.0,"damage_taken":0.0},{"cards_removed":["Rewind"],"damage_healed":0.0,"max_hp_gain":0.0,"max_hp_loss":0.0,"gold_gain":0.0,"event_name":"Golden Wing","player_choice":"Card Removal","floor":4.0,"gold_loss":0.0,"damage_taken":7.0},{"damage_healed":0.0,"max_hp_gain":0.0,"max_hp_loss":0.0,"gold_gain":0.0,"event_name":"betterThird:BetterScrap","player_choice":"Relic ","floor":8.0,"gold_loss":0.0,"damage_taken":18.0,"cards_obtained":["Machine Learning"]},{"damage_healed":0.0,"max_hp_gain":0.0,"max_hp_loss":6.0,"gold_gain":0.0,"event_name":"Golden Idol","player_choice":"Lose Max HP","floor":11.0,"gold_loss":0.0,"damage_taken":0.0,"relics_obtained":["Golden Idol"]},{"damage_healed":0.0,"max_hp_gain":0.0,"max_hp_loss":0.0,"gold_gain":0.0,"event_name":"betterThird:BetterGoop","player_choice":"Left","floor":12.0,"gold_loss":32.0,"damage_taken":0.0},{"damage_healed":0.0,"max_hp_gain":0.0,"max_hp_loss":0.0,"gold_gain":0.0,"event_name":"betterMatch:BetterMatch","player_choice":"1","floor":19.0,"gold_loss":0.0,"damage_taken":0.0,"cards_obtained":["betterMatch:ColorlessUncommonCard","betterMatch:UncommonCard","betterMatch:RareCard"]}],"is_beta":false,"boss_relics":[{"not_picked":["Runic Dome","Tiny House"],"picked":"PageOfBlackSwan"},{"not_picked":["Velvet Choker","Astrolabe"],"picked":"Calling Bell"}],"items_purged_floors":[27,27,27,27,27,27,47,47,47,47,47,47,47,47],"is_endless":false,"potions_floor_spawned":[3,7,10,14,18,22,30,31,35,37,38,42],"ascension_level":1}}