{"host":"f97mkdti7dx29mjq","time":1614232225,"event":{"mods":["BaseMod","Colored Powertips","Minty Spire (QoL Compilation)","Quick Restart","Rare Cards Sparkle","StSLib"],"gold_per_floor":[118,118,136,436,51,51,151,151,221,241,276,38,51,70,70,169,169,179,191,191,202,213,213,233,233,258,287,287,301,301,301,301,408,458,483,383,406,431,242,279,279,323,323,323,342,342,342,402,402,402],"floor_reached":51,"language":"ENG","playtime":3068,"items_purged":["Regret","Strike_B","Strike_B"],"score":775,"play_id":"716afaef-7d62-4222-8520-e6705d313945","local_time":"20210225005025","is_ascension_mode":false,"campfire_choices":[{"floor":6,"key":"DIG"},{"floor":8,"key":"DIG"},{"floor":15,"key":"DIG"},{"floor":23,"key":"DIG"},{"floor":28,"key":"DIG"},{"floor":30,"key":"DIG"},{"floor":32,"key":"DIG"},{"floor":41,"key":"DIG"},{"floor":44,"key":"DIG"},{"floor":46,"key":"DIG"},{"floor":49,"key":"DIG"}],"circlet_count":0,"master_deck":["Strike_B","Strike_B","Defend_B","Defend_B","Defend_B","Defend_B","Zap","Hologram+1","Darkness+1","Cold Snap","Storm+1","Hello World+1","Defragment+1","Melter","Buffer+1","Coolheaded","Leap+1","Sweeping Beam","Storm+1","Rainbow","Force Field+1","Leap+1","Capacitor+1","Defragment+1","Conserve Battery+1","Conserve Battery+1","Self Repair+1"],"relics":["Cracked Core","Old Coin","Shovel","Bird Faced Urn","Frozen Egg 2","Blue Candle","Pantograph","Cables","DataDisk","Nuclear Battery","Blood Vial","Happy Flower","War Paint","MealTicket","Dead Branch","Letter Opener","CeramicFish","Tiny House","Potion Belt","Bag of Marbles","Oddly Smooth Stone","HornCleat","Juzu Bracelet","Lantern","StoneCalendar","Thread and Needle"],"acts_visited":["Exordium","TheCity","TheBeyond"],"potions_floor_usage":[33,33,33,40,50,50],"damage_taken":[{"damage":3,"enemies":"Cultist","floor":1,"turns":3},{"damage":4,"enemies":"Jaw Worm","floor":3,"turns":4},{"damage":0,"enemies":"Small Slimes","floor":10,"turns":3},{"damage":22,"enemies":"Lagavulin","floor":11,"turns":7},{"damage":11,"enemies":"2 Fungi Beasts","floor":13,"turns":4},{"damage":6,"enemies":"3 Louse","floor":14,"turns":2},{"damage":14,"enemies":"The Guardian","floor":16,"turns":7},{"damage":0,"enemies":"Spheric Guardian","floor":18,"turns":2},{"damage":0,"enemies":"Chosen","floor":19,"turns":3},{"damage":11,"enemies":"Shelled Parasite and Fungi","floor":21,"turns":4},{"damage":0,"enemies":"Centurion and Healer","floor":22,"turns":7},{"damage":10,"enemies":"Cultist and Chosen","floor":24,"turns":6},{"damage":17,"enemies":"Gremlin Leader","floor":27,"turns":6},{"damage":25,"enemies":"Snake Plant","floor":29,"turns":4},{"damage":57,"enemies":"Automaton","floor":33,"turns":11},{"damage":0,"enemies":"Orb Walker","floor":35,"turns":3},{"damage":21,"enemies":"3 Darklings","floor":37,"turns":5},{"damage":0,"enemies":"Sphere and 2 Shapes","floor":38,"turns":3},{"damage":51,"enemies":"Nemesis","floor":40,"turns":5},{"damage":13,"enemies":"Reptomancer","floor":42,"turns":5},{"damage":7,"enemies":"Writhing Mass","floor":45,"turns":4},{"damage":0,"enemies":"2 Orb Walkers","floor":48,"turns":4},{"damage":75,"enemies":"Awakened One","floor":50,"turns":18}],"seed_played":"-5702877902019045738","potions_obtained":[{"floor":11,"key":"SneckoOil"},{"floor":14,"key":"Energy Potion"},{"floor":16,"key":"Weak Potion"},{"floor":22,"key":"Fire Potion"},{"floor":29,"key":"Regen Potion"},{"floor":33,"key":"Weak Potion"},{"floor":34,"key":"Fruit Juice"},{"floor":40,"key":"GamblersBrew"},{"floor":48,"key":"Ancient Potion"}],"is_trial":false,"path_per_floor":["M","$","M","?","$","R","?","R","T","M","E","$","M","M","R","B",null,"M","M","$","M","M","R","M","?","T","E","R","M","R","T","R","B",null,"M","$","M","M","$","E","R","E","T","R","M","R","?","?","R","B",null],"character_chosen":"DEFECT","items_purchased":["Shovel","Cables","Defragment+1"],"campfire_rested":0,"item_purchase_floors":[5,12,39],"current_hp_per_floor":[72,72,68,68,68,68,68,68,68,68,48,48,41,41,41,58,75,75,75,75,64,72,72,69,69,69,60,60,45,45,45,45,34,80,80,80,61,73,80,40,40,43,43,43,50,50,50,64,64,28],"gold":402,"neow_bonus":"THREE_CARDS","is_daily":false,"chose_seed":false,"campfire_upgraded":0,"win_rate":0.0,"timestamp":1614232225,"path_taken":["M","?","?","?","$","R","?","R","T","M","E","$","?","M","R","BOSS","M","M","$","M","M","R","M","?","T","E","R","M","R","?","R","BOSS","M","$","M","M","$","E","R","E","T","R","M","R","?","?","R","BOSS"],"items_purchased_type":["Relic","Relic","Card"],"build_version":"2020-12-22","purchased_purges":3,"victory":true,"max_hp_per_floor":[75,75,75,75,75,75,75,75,75,75,75,75,75,75,75,75,75,75,75,75,75,75,75,75,75,75,75,75,75,75,75,75,75,80,80,80,80,80,80,85,85,85,85,85,85,85,85,85,85,85],"card_choices":[{"not_picked":["Skim","Consume"],"picked":"Hologram","floor":0},{"not_picked":["Leap","Hologram"],"picked":"Darkness","floor":1},{"not_picked":["Static Discharge","Go for the Eyes"],"picked":"Cold Snap","floor":3},{"not_picked":["Beam Cell","Fusion"],"picked":"Storm+1","floor":10},{"not_picked":["Coolheaded","Beam Cell"],"picked":"Hello World+1","floor":11},{"not_picked":["Beam Cell","FTL"],"picked":"Defragment+1","floor":13},{"not_picked":["Fusion","Reprogram"],"picked":"Melter","floor":14},{"not_picked":["Core Surge","Reboot"],"picked":"Buffer+1","floor":16},{"not_picked":["Go for the Eyes","Leap"],"picked":"Coolheaded","floor":18},{"not_picked":["Stack+1","Steam Power+1"],"picked":"Leap+1","floor":19},{"not_picked":["Beam Cell","Leap+1","Redo"],"picked":"SKIP","floor":21},{"not_picked":["Hologram+1","Hyperbeam"],"picked":"Sweeping Beam","floor":22},{"not_picked":["Rebound","Beam Cell","Barrage"],"picked":"SKIP","floor":24},{"not_picked":["Coolheaded","Gash","Leap"],"picked":"SKIP","floor":27},{"not_picked":["Tempest","Stack"],"picked":"Storm+1","floor":29},{"not_picked":["Thunder Strike","Hyperbeam"],"picked":"Rainbow","floor":33},{"not_picked":["Gash+1","Doom and Gloom+1"],"picked":"Force Field+1","floor":35},{"not_picked":["Beam Cell","Ball Lightning+1"],"picked":"Leap+1","floor":37},{"not_picked":["Barrage","Stack+1"],"picked":"Capacitor+1","floor":38},{"not_picked":["Aggregate+1","Turbo"],"picked":"Conserve Battery+1","floor":40},{"not_picked":["Ball Lightning","Steam"],"picked":"Conserve Battery+1","floor":42},{"not_picked":["Tempest+1","Melter","Undo"],"picked":"SKIP","floor":45},{"not_picked":["Force Field","Meteor Strike"],"picked":"Self Repair+1","floor":48}],"player_experience":217682,"relics_obtained":[{"floor":6,"key":"Bird Faced Urn"},{"floor":8,"key":"Frozen Egg 2"},{"floor":9,"key":"Blue Candle"},{"floor":11,"key":"Pantograph"},{"floor":15,"key":"DataDisk"},{"floor":23,"key":"Blood Vial"},{"floor":26,"key":"Happy Flower"},{"floor":27,"key":"War Paint"},{"floor":28,"key":"MealTicket"},{"floor":30,"key":"Dead Branch"},{"floor":31,"key":"Letter Opener"},{"floor":32,"key":"CeramicFish"},{"floor":40,"key":"Potion Belt"},{"floor":41,"key":"Bag of Marbles"},{"floor":42,"key":"Oddly Smooth Stone"},{"floor":43,"key":"HornCleat"},{"floor":44,"key":"Juzu Bracelet"},{"floor":46,"key":"Lantern"},{"floor":48,"key":"StoneCalendar"},{"floor":49,"key":"Thread and Needle"}],"event_choices":[{"damage_healed":0,"gold_gain":0,"player_choice":"Box","damage_taken":0,"relics_obtained":["Old Coin"],"max_hp_gain":0,"max_hp_loss":0,"event_name":"Big Fish","floor":4,"gold_loss":0,"cards_obtained":["Regret"]},{"damage_healed":0,"gold_gain":100,"player_choice":"Pray","damage_taken":0,"max_hp_gain":0,"max_hp_loss":0,"event_name":"Golden Shrine","floor":7,"gold_loss":0},{"damage_healed":0,"gold_gain":0,"player_choice":"Ignored","damage_taken":0,"max_hp_gain":0,"max_hp_loss":0,"event_name":"Ghosts","floor":25,"gold_loss":0},{"cards_removed":["Dualcast"],"damage_healed":0,"gold_gain":0,"player_choice":"Removed Skill","damage_taken":0,"max_hp_gain":0,"max_hp_loss":0,"event_name":"Falling","floor":47,"gold_loss":0},{"damage_healed":0,"gold_gain":0,"player_choice":"Fight","damage_taken":0,"max_hp_gain":0,"max_hp_loss":0,"event_name":"Mysterious Sphere","floor":48,"gold_loss":0}],"is_beta":false,"boss_relics":[{"not_picked":["Pandora\u0027s Box","FrozenCore"],"picked":"Nuclear Battery"},{"not_picked":["Busted Crown","Runic Dome"],"picked":"Tiny House"}],"items_purged_floors":[5,36,39],"is_endless":false,"potions_floor_spawned":[11,14,16,22,27,29,33,40,48],"ascension_level":0}}