{"host":"b8coxh3nmoxcbj3m","time":1614224730,"event":{"mods":["AchievementEnabler","BaseMod","Colored Map","Minty Spire (QoL Compilation)","StSLib","SuperFastMode"],"gold_per_floor":[115,133,133,35,55,55,66,77,103,103,119,119,119,131,131,131,131],"floor_reached":16,"language":"ZHS","playtime":364,"items_purged":["Strike_B"],"score":94,"play_id":"2cebddff-a5b9-4f7d-8518-122182d04886","local_time":"20210225114530","is_ascension_mode":false,"campfire_choices":[{"data":"Coolheaded","floor":6,"key":"SMITH"},{"floor":10,"key":"REST"},{"data":"Coolheaded","floor":13,"key":"SMITH"},{"floor":15,"key":"REST"}],"circlet_count":0,"master_deck":["Strike_B","Strike_B","Defend_B","Defend_B","Defend_B","Defend_B","Zap","Dualcast","Dramatic Entrance","Cold Snap","Coolheaded+1","Coolheaded+1"],"relics":["Cracked Core","Bag of Preparation"],"acts_visited":["Exordium"],"potions_floor_usage":[],"damage_taken":[{"damage":6,"enemies":"Jaw Worm","floor":1,"turns":2},{"damage":10,"enemies":"Cultist","floor":2,"turns":4},{"damage":6,"enemies":"Small Slimes","floor":5,"turns":3},{"damage":16,"enemies":"Exordium Thugs","floor":7,"turns":4},{"damage":9,"enemies":"Looter","floor":8,"turns":3},{"damage":6,"enemies":"3 Louse","floor":11,"turns":3},{"damage":6,"enemies":"Red Slaver","floor":14,"turns":4},{"damage":70,"enemies":"Slime Boss","floor":16,"turns":6}],"seed_played":"-5855810050617101647","potions_obtained":[{"floor":1,"key":"EssenceOfSteel"},{"floor":2,"key":"SkillPotion"},{"floor":11,"key":"DuplicationPotion"}],"is_trial":false,"path_per_floor":["M","M","?","$","M","R","M","M","T","R","M","?","R","M","R","B"],"character_chosen":"DEFECT","items_purchased":["Coolheaded"],"campfire_rested":2,"item_purchase_floors":[4],"current_hp_per_floor":[69,59,59,59,53,53,37,28,28,50,44,44,44,38,60,0,0],"gold":131,"neow_bonus":"RANDOM_COLORLESS","is_daily":false,"chose_seed":false,"campfire_upgraded":2,"win_rate":0.0,"timestamp":1614224730,"path_taken":["M","M","?","$","?","R","M","M","T","R","M","?","R","M","R","BOSS"],"items_purchased_type":["Card"],"build_version":"2020-12-22","purchased_purges":1,"victory":false,"max_hp_per_floor":[75,75,75,75,75,75,75,75,75,75,75,75,75,75,75,75,75],"card_choices":[{"not_picked":["Purity","Blind"],"picked":"Dramatic Entrance","floor":0},{"not_picked":["Auto Shields","Reprogram","Hologram"],"picked":"SKIP","floor":1},{"not_picked":["Chill","Genetic Algorithm"],"picked":"Cold Snap","floor":2},{"not_picked":["Cold Snap","Sweeping Beam"],"picked":"Coolheaded","floor":5},{"not_picked":["Compile Driver","Lockon","Hello World"],"picked":"SKIP","floor":7},{"not_picked":["Redo","Fusion","Scrape"],"picked":"SKIP","floor":8},{"not_picked":["Stack","Steam","Recycle"],"picked":"SKIP","floor":11},{"not_picked":["Creative AI","Self Repair","Leap"],"picked":"SKIP","floor":14}],"player_experience":37268,"relics_obtained":[{"floor":9,"key":"Bag of Preparation"}],"event_choices":[{"cards_removed":["Strike_B"],"damage_healed":0,"gold_gain":0,"player_choice":"Purged","damage_taken":0,"max_hp_gain":0,"max_hp_loss":0,"event_name":"Purifier","floor":3,"gold_loss":0},{"damage_healed":0,"gold_gain":0,"player_choice":"Got Potions","damage_taken":0,"max_hp_gain":0,"max_hp_loss":0,"event_name":"Lab","floor":12,"gold_loss":0}],"is_beta":false,"boss_relics":[],"items_purged_floors":[4],"is_endless":false,"potions_floor_spawned":[1,2,11],"killed_by":"Slime Boss","ascension_level":0}}