{"host":"bikm2o78umlg9iwk","time":1614244808,"event":{"mods":["AchievementEnabler","BaseMod","Colored Map","Colored Powertips","Googly Eyes","Highlight Path","Minty Spire (QoL Compilation)","Quick Restart","Relic Stats"],"gold_per_floor":[116,133,22,33,43,73,73,102,151,151,167,182,67,32,32,109,109,127,144,44,44,44,44,62,96,96,106,106,106,121,121,121,200,200,211,229,61,76,76,76,109,109,109,121,19,19,19,39,39,39],"floor_reached":51,"language":"ENG","playtime":3810,"items_purged":["Strike_B","Strike_B"],"score":1281,"play_id":"5ac77cb4-de52-4dbf-9b7e-4a7a22e8dd91","local_time":"20210225102008","is_ascension_mode":true,"campfire_choices":[{"floor":7.0,"key":"REST"},{"floor":10.0,"key":"REST"},{"data":"Capacitor","floor":15.0,"key":"SMITH"},{"data":"Zap","floor":23.0,"key":"SMITH"},{"data":"Chaos","floor":29.0,"key":"SMITH"},{"floor":32.0,"key":"REST"},{"data":"Reboot","floor":40.0,"key":"SMITH"},{"floor":42.0,"key":"REST"},{"data":"Hologram","floor":49.0,"key":"SMITH"}],"circlet_count":0,"master_deck":["AscendersBane","Defend_B","Defend_B","Defend_B","Zap+1","Dualcast","Cold Snap","Genetic Algorithm","Barrage+1","Tempest","Cold Snap","Beam Cell","Capacitor+1","BootSequence","Reboot+1","Hologram+1","Capacitor+1","Coolheaded+1","Chaos+1","Force Field+1","Ball Lightning+1","Melter+1","Conserve Battery","Compile Driver","Go for the Eyes","Stack"],"relics":["Busted Crown","Oddly Smooth Stone","Symbiotic Virus","Bag of Preparation","Runic Pyramid","Toy Ornithopter","PreservedInsect","Astrolabe","DataDisk","Bird Faced Urn","HornCleat"],"acts_visited":["Exordium","TheCity","TheBeyond"],"potions_floor_usage":[50,50],"damage_taken":[{"damage":2.0,"enemies":"Jaw Worm","floor":1.0,"turns":4.0},{"damage":7.0,"enemies":"Small Slimes","floor":2.0,"turns":3.0},{"damage":6.0,"enemies":"Cultist","floor":4.0,"turns":4.0},{"damage":9.0,"enemies":"2 Fungi Beasts","floor":5.0,"turns":4.0},{"damage":18.0,"enemies":"Lagavulin","floor":6.0,"turns":6.0},{"damage":36.0,"enemies":"3 Sentries","floor":8.0,"turns":11.0},{"damage":2.0,"enemies":"3 Louse","floor":11.0,"turns":3.0},{"damage":0.0,"enemies":"Gremlin Gang","floor":12.0,"turns":6.0},{"damage":4.0,"enemies":"The Guardian","floor":16.0,"turns":10.0},{"damage":0.0,"enemies":"3 Byrds","floor":18.0,"turns":5.0},{"damage":0.0,"enemies":"Chosen","floor":19.0,"turns":5.0},{"damage":5.0,"enemies":"Sentry and Sphere","floor":24.0,"turns":6.0},{"damage":25.0,"enemies":"Slavers","floor":25.0,"turns":6.0},{"damage":0.0,"enemies":"Centurion and Healer","floor":27.0,"turns":6.0},{"damage":4.0,"enemies":"Cultist and Chosen","floor":30.0,"turns":5.0},{"damage":14.0,"enemies":"Champ","floor":33.0,"turns":13.0},{"damage":11.0,"enemies":"3 Darklings","floor":35.0,"turns":5.0},{"damage":3.0,"enemies":"Orb Walker","floor":36.0,"turns":3.0},{"damage":3.0,"enemies":"3 Darklings","floor":38.0,"turns":5.0},{"damage":10.0,"enemies":"Nemesis","floor":41.0,"turns":5.0},{"damage":0.0,"enemies":"Sphere and 2 Shapes","floor":44.0,"turns":3.0},{"damage":2.0,"enemies":"Jaw Worm Horde","floor":48.0,"turns":5.0},{"damage":28,"enemies":"Donu and Deca","floor":50,"turns":11}],"seed_played":"3710605691750273430","potions_obtained":[{"floor":5.0,"key":"Energy Potion"},{"floor":6.0,"key":"Energy Potion"},{"floor":12.0,"key":"BlessingOfTheForge"},{"floor":16.0,"key":"Fire Potion"},{"floor":25.0,"key":"SkillPotion"},{"floor":33.0,"key":"AttackPotion"},{"floor":41.0,"key":"PowerPotion"}],"is_trial":false,"path_per_floor":["M","M","$","M","M","E","R","E","T","R","M","M","$","?","R","B",null,"M","M","$","?","?","R","M","E","T","M","?","R","M","$","R","B",null,"M","M","$","M","?","R","E","R","T","M","$","?","?","M","R","B",null],"character_chosen":"DEFECT","items_purchased":["Cold Snap","Explosive Potion","BootSequence","DataDisk","Go for the Eyes","Stack"],"campfire_rested":4,"item_purchase_floors":[3,3,13,37,45,45],"current_hp_per_floor":[62,55,55,49,40,22,43,7,7,28,26,26,26,43,43,39,63,63,63,63,63,63,63,58,33,33,33,33,33,29,29,50,41,64,53,50,50,47,47,47,37,58,58,60,60,60,60,62,62,46],"gold":39,"neow_bonus":"BOSS_RELIC","is_daily":false,"chose_seed":false,"campfire_upgraded":5,"win_rate":0.0,"timestamp":1614244808,"path_taken":["M","M","$","M","M","E","R","E","T","R","M","M","$","?","R","BOSS","M","M","$","?","?","R","M","E","T","?","?","R","M","$","R","BOSS","M","M","$","M","?","R","E","R","T","?","$","?","?","M","R","BOSS"],"items_purchased_type":["Card","Potion","Card","Relic","Card","Card"],"build_version":"2020-12-22","purchased_purges":2,"victory":true,"max_hp_per_floor":[71,71,71,71,71,71,71,71,71,71,71,71,71,71,71,71,71,71,71,71,71,71,71,71,71,71,71,71,71,71,71,71,71,71,71,71,71,71,71,71,71,71,71,71,71,71,67,67,67,67],"relic_stats":{"Busted Crown":46,"counters":[23,134],"Astrolabe":["Force Field","Ball Lightning","Melter"],"Bird Faced Urn":[8],"PreservedInsect":50,"Bag of Preparation":[34],"obtain_stats":[{"DataDisk":37,"Busted Crown":0,"HornCleat":43,"Astrolabe":34,"Bird Faced Urn":41,"Oddly Smooth Stone":6,"PreservedInsect":26,"Bag of Preparation":9,"Cracked Core":0,"Symbiotic Virus":8,"Toy Ornithopter":25,"Runic Pyramid":17},{"DataDisk":18,"Busted Crown":0,"HornCleat":20,"Astrolabe":16,"Bird Faced Urn":20,"Oddly Smooth Stone":5,"PreservedInsect":13,"Bag of Preparation":6,"Cracked Core":0,"Symbiotic Virus":6,"Toy Ornithopter":13,"Runic Pyramid":9},{"DataDisk":105,"Busted Crown":0,"HornCleat":115,"Astrolabe":97,"Bird Faced Urn":115,"Oddly Smooth Stone":21,"PreservedInsect":73,"Bag of Preparation":32,"Cracked Core":0,"Symbiotic Virus":32,"Toy Ornithopter":73,"Runic Pyramid":51}],"Toy Ornithopter":15},"card_choices":[{"not_picked":["Turbo"],"picked":"SKIP","floor":1.0},{"not_picked":["Fusion"],"picked":"SKIP","floor":2.0},{"not_picked":[],"picked":"Genetic Algorithm","floor":4.0},{"not_picked":[],"picked":"Barrage","floor":5.0},{"not_picked":[],"picked":"Tempest","floor":6.0},{"not_picked":[],"picked":"Cold Snap","floor":8.0},{"not_picked":[],"picked":"Beam Cell","floor":11.0},{"not_picked":[],"picked":"Capacitor","floor":12.0},{"not_picked":[],"picked":"Reboot","floor":16.0},{"not_picked":[],"picked":"Hologram","floor":18.0},{"not_picked":[],"picked":"Capacitor+1","floor":19.0},{"not_picked":[],"picked":"Coolheaded+1","floor":24.0},{"not_picked":["Turbo"],"picked":"SKIP","floor":25.0},{"not_picked":[],"picked":"Chaos","floor":27.0},{"not_picked":["Coolheaded"],"picked":"SKIP","floor":30.0},{"not_picked":["Heatsinks"],"picked":"SKIP","floor":35.0},{"not_picked":[],"picked":"Conserve Battery","floor":36.0},{"not_picked":["Streamline+1"],"picked":"SKIP","floor":38.0},{"not_picked":["Ball Lightning"],"picked":"SKIP","floor":41.0},{"not_picked":[],"picked":"Compile Driver","floor":44.0},{"not_picked":["Scrape"],"picked":"SKIP","floor":48.0}],"player_experience":1694236,"relics_obtained":[{"floor":6.0,"key":"Oddly Smooth Stone"},{"floor":8.0,"key":"Symbiotic Virus"},{"floor":9.0,"key":"Bag of Preparation"},{"floor":25.0,"key":"Toy Ornithopter"},{"floor":26.0,"key":"PreservedInsect"},{"floor":41.0,"key":"Bird Faced Urn"},{"floor":43.0,"key":"HornCleat"}],"event_choices":[{"damage_healed":17.0,"max_hp_gain":0.0,"max_hp_loss":0.0,"gold_gain":0.0,"event_name":"The Cleric","player_choice":"Healed","floor":14.0,"gold_loss":35.0,"damage_taken":0.0},{"damage_healed":0.0,"max_hp_gain":0.0,"max_hp_loss":0.0,"gold_gain":0.0,"event_name":"Upgrade Shrine","player_choice":"Upgraded","floor":22.0,"gold_loss":0.0,"damage_taken":0.0,"cards_upgraded":["Barrage"]},{"damage_healed":0.0,"max_hp_gain":0.0,"max_hp_loss":0.0,"gold_gain":0.0,"event_name":"The Mausoleum","player_choice":"Ignored","floor":28.0,"gold_loss":0.0,"damage_taken":0.0},{"damage_healed":0.0,"max_hp_gain":0.0,"max_hp_loss":0.0,"gold_gain":0.0,"event_name":"SecretPortal","player_choice":"Ignored","floor":39.0,"gold_loss":0.0,"damage_taken":0.0},{"damage_healed":0.0,"max_hp_gain":0.0,"max_hp_loss":0.0,"gold_gain":0.0,"event_name":"SensoryStone","player_choice":"Memory 1","floor":46.0,"gold_loss":0.0,"damage_taken":0.0},{"damage_healed":0.0,"max_hp_gain":0.0,"max_hp_loss":4.0,"gold_gain":0.0,"event_name":"Winding Halls","player_choice":"Max HP","floor":47.0,"gold_loss":0.0,"damage_taken":0.0}],"is_beta":false,"boss_relics":[{"not_picked":["Inserter","Philosopher\u0027s Stone"],"picked":"Runic Pyramid"},{"not_picked":["Cursed Key","Empty Cage"],"picked":"Astrolabe"}],"items_purged_floors":[13,20],"is_endless":false,"potions_floor_spawned":[5,6,12,16,19,24,25,30,33,38,41,44],"ascension_level":19}}