{"host":"x05n69rv5q9mps34","time":1614297525,"event":{"mods":["AchievementEnabler","BaseMod","Colored Map","Minty Spire (QoL Compilation)","SuperFastMode"],"gold_per_floor":[119,119,139,414,3,3,19,19,19,37,63,63,63,83,83,185,185,202,202,192,40,60,60,89,89,89,122,142,177,177,177,177,276,276,286,304,304,10,20,20,20,20,95,95,129,179,27,45,45,45,45,45,45,76,76,76],"floor_reached":55,"language":"ENG","playtime":3360,"items_purged":["Regret"],"score":731,"play_id":"fe50d465-f7c5-4e0a-b580-d108370ee230","local_time":"20210225205845","is_ascension_mode":false,"campfire_choices":[{"data":"Sucker Punch","floor":6,"key":"SMITH"},{"data":"Neutralize","floor":8,"key":"SMITH"},{"data":"Dagger Throw","floor":12,"key":"SMITH"},{"data":"Dodge and Roll","floor":15,"key":"SMITH"},{"data":"Dodge and Roll","floor":23,"key":"SMITH"},{"floor":25,"key":"REST"},{"floor":32,"key":"REST"},{"floor":40,"key":"REST"},{"floor":42,"key":"RECALL"},{"floor":44,"key":"DIG"},{"floor":49,"key":"DIG"},{"data":"J.A.X.","floor":52,"key":"SMITH"}],"circlet_count":0,"master_deck":["Strike_G","Strike_G","Strike_G","Strike_G","Defend_G","Defend_G","Defend_G+1","Defend_G","Defend_G+1","Survivor","Neutralize+1","Dagger Throw+1","Cloak And Dagger","Sucker Punch+1","Cloak And Dagger","Underhanded Strike+1","Dodge and Roll+1","Dodge and Roll+1","Acrobatics","Backflip","Dagger Spray+1","Dagger Throw+1","Dodge and Roll","Outmaneuver","Dagger Spray","J.A.X.+1","CurseOfTheBell","Blade Dance","Flying Knee","Prepared","Backflip+1"],"relics":["Ring of the Serpent","PreservedInsect","Ice Cream","StoneCalendar","Bag of Marbles","Red Mask","Pear","Toy Ornithopter","Shovel","Calling Bell","Oddly Smooth Stone","Matryoshka","Girya","Gremlin Horn","Paper Crane","Art of War","Whetstone","TungstenRod","Centennial Puzzle","Mango","Bottled Lightning"],"acts_visited":["Exordium","TheCity","TheBeyond","TheEnding"],"potions_floor_usage":[33,33,33,39,54,54,55,55],"damage_taken":[{"damage":0,"enemies":"2 Louse","floor":1,"turns":3},{"damage":0,"enemies":"Cultist","floor":3,"turns":3},{"damage":0,"enemies":"Jaw Worm","floor":7,"turns":3},{"damage":0,"enemies":"Large Slime","floor":10,"turns":6},{"damage":2,"enemies":"Lagavulin","floor":11,"turns":4},{"damage":0,"enemies":"3 Louse","floor":14,"turns":2},{"damage":12,"enemies":"The Guardian","floor":16,"turns":14},{"damage":6,"enemies":"Shell Parasite","floor":18,"turns":6},{"damage":2,"enemies":"2 Thieves","floor":20,"turns":4},{"damage":8,"enemies":"Snake Plant","floor":22,"turns":7},{"damage":12,"enemies":"Masked Bandits","floor":24,"turns":5},{"damage":25,"enemies":"Gremlin Leader","floor":27,"turns":7},{"damage":6,"enemies":"Centurion and Healer","floor":28,"turns":7},{"damage":16,"enemies":"Slavers","floor":29,"turns":5},{"damage":43,"enemies":"Collector","floor":33,"turns":10},{"damage":44,"enemies":"3 Darklings","floor":35,"turns":7},{"damage":3,"enemies":"3 Shapes","floor":36,"turns":7},{"damage":30,"enemies":"Jaw Worm Horde","floor":39,"turns":7},{"damage":7,"enemies":"Reptomancer","floor":45,"turns":7},{"damage":6,"enemies":"Mind Bloom Boss Battle","floor":46,"turns":8},{"damage":2,"enemies":"Sphere and 2 Shapes","floor":48,"turns":5},{"damage":32,"enemies":"Awakened One","floor":50,"turns":23},{"damage":84,"enemies":"Shield and Spear","floor":54,"turns":9},{"damage":52,"enemies":"The Heart","floor":55,"turns":2}],"seed_played":"-2791451672515951232","potions_obtained":[{"floor":7,"key":"SmokeBomb"},{"floor":22,"key":"Fruit Juice"},{"floor":27,"key":"Dexterity Potion"},{"floor":36,"key":"Ancient Potion"},{"floor":45,"key":"Fire Potion"},{"floor":48,"key":"CunningPotion"},{"floor":54,"key":"DistilledChaos"}],"is_trial":false,"path_per_floor":["M","?","M","?","$","R","M","R","T","M","E","R","?","M","R","B",null,"M","?","M","$","M","R","?","R","T","E","M","E","?","?","R","B",null,"M","M","?","$","M","R","?","R","T","R","E","?","$","M","R","B",null,"R","$","E","B"],"character_chosen":"THE_SILENT","items_purchased":["Ice Cream","Sucker Punch","Backflip","Dagger Spray","FearPotion","Gremlin Horn","Block Potion","Centennial Puzzle"],"campfire_rested":3,"item_purchase_floors":[5,5,21,21,21,38,38,47],"current_hp_per_floor":[70,56,56,56,56,56,56,56,56,56,54,54,54,54,54,42,70,64,64,62,62,54,54,42,63,73,48,42,26,26,26,50,27,85,41,38,38,38,13,38,74,74,74,74,67,61,61,59,73,41,88,88,88,14,0,0],"gold":76,"neow_bonus":"RANDOM_COMMON_RELIC","is_daily":false,"chose_seed":false,"campfire_upgraded":6,"win_rate":0.0,"timestamp":1614297525,"path_taken":["M","?","M","?","$","R","M","R","T","?","E","R","?","M","R","BOSS","M","?","M","$","M","R","?","R","T","E","M","E","?","?","R","BOSS","M","M","?","$","?","R","?","R","T","R","E","?","$","M","R","BOSS","R","$","E","BOSS"],"items_purchased_type":["Relic","Card","Card","Card","Potion","Relic","Potion","Relic"],"build_version":"2020-12-22","purchased_purges":1,"victory":false,"max_hp_per_floor":[70,70,70,70,70,70,70,70,70,70,70,70,70,70,70,70,70,70,70,70,70,70,70,70,70,80,80,80,80,80,80,80,85,85,85,85,85,85,85,85,74,74,74,74,74,74,74,74,88,88,88,88,88,88,88,88],"card_choices":[{"not_picked":["Quick Slash","PiercingWail"],"picked":"Dagger Throw","floor":1},{"not_picked":["Slice","Bane"],"picked":"Cloak And Dagger","floor":3},{"not_picked":["Outmaneuver","Finisher"],"picked":"Cloak And Dagger","floor":7},{"not_picked":["Bouncing Flask","Deadly Poison"],"picked":"Underhanded Strike","floor":10},{"not_picked":["Corpse Explosion","Masterful Stab","Well Laid Plans"],"picked":"SKIP","floor":11},{"not_picked":["Riddle With Holes","Blur"],"picked":"Dodge and Roll","floor":14},{"not_picked":["PiercingWail+1","Endless Agony"],"picked":"Dodge and Roll","floor":18},{"not_picked":["PiercingWail","Escape Plan+1","Noxious Fumes"],"picked":"SKIP","floor":20},{"not_picked":["Flying Knee+1","Bane+1"],"picked":"Dagger Throw+1","floor":22},{"not_picked":["Quick Slash","Leg Sweep"],"picked":"Dodge and Roll","floor":24},{"not_picked":["Quick Slash+1","Corpse Explosion","Setup"],"picked":"SKIP","floor":27},{"not_picked":["Underhanded Strike","Accuracy"],"picked":"Outmaneuver","floor":28},{"not_picked":["Caltrops","Slice"],"picked":"Dagger Spray","floor":29},{"not_picked":["Bane+1","Escape Plan","Dodge and Roll"],"picked":"SKIP","floor":35},{"not_picked":["Distraction+1","Dash+1"],"picked":"Blade Dance","floor":36},{"not_picked":["Quick Slash","Slice","PiercingWail"],"picked":"SKIP","floor":39},{"not_picked":["Eviscerate+1","Infinite Blades","Deflect+1"],"picked":"SKIP","floor":45},{"not_picked":["Eviscerate+1","Infinite Blades","Deflect+1"],"picked":"SKIP","floor":45},{"not_picked":["Well Laid Plans+1","Riddle With Holes"],"picked":"Prepared","floor":46},{"not_picked":["Poisoned Stab+1","Flechettes+1"],"picked":"Backflip+1","floor":48},{"not_picked":["A Thousand Cuts","Concentrate","Calculated Gamble"],"picked":"SKIP","floor":54}],"player_experience":1029175,"relics_obtained":[{"floor":9,"key":"StoneCalendar"},{"floor":11,"key":"Bag of Marbles"},{"floor":24,"key":"Red Mask"},{"floor":26,"key":"Pear"},{"floor":27,"key":"Toy Ornithopter"},{"floor":29,"key":"Shovel"},{"floor":34,"key":"Oddly Smooth Stone"},{"floor":34,"key":"Matryoshka"},{"floor":34,"key":"Girya"},{"floor":43,"key":"Paper Crane"},{"floor":44,"key":"Art of War"},{"floor":45,"key":"Whetstone"},{"floor":46,"key":"TungstenRod"},{"floor":49,"key":"Mango"},{"floor":54,"key":"Bottled Lightning"}],"event_choices":[{"damage_healed":0,"gold_gain":0,"player_choice":"Entered Light","damage_taken":14,"max_hp_gain":0,"max_hp_loss":0,"event_name":"Shining Light","floor":2,"gold_loss":0,"cards_upgraded":["Defend_G","Defend_G"]},{"damage_healed":0,"gold_gain":275,"player_choice":"Desecrate","damage_taken":0,"max_hp_gain":0,"max_hp_loss":0,"event_name":"Golden Shrine","floor":4,"gold_loss":0,"cards_obtained":["Regret"]},{"cards_removed":["Strike_G"],"damage_healed":0,"gold_gain":0,"player_choice":"Forget","damage_taken":0,"max_hp_gain":0,"max_hp_loss":0,"event_name":"Living Wall","floor":13,"gold_loss":0},{"damage_healed":0,"gold_gain":0,"player_choice":"Read","damage_taken":0,"max_hp_gain":0,"max_hp_loss":0,"event_name":"The Library","floor":19,"gold_loss":0,"cards_obtained":["Acrobatics"]},{"damage_healed":0,"gold_gain":0,"player_choice":"Fought Bandits","damage_taken":0,"max_hp_gain":0,"max_hp_loss":0,"event_name":"Masked Bandits","floor":24,"gold_loss":0},{"damage_healed":0,"gold_gain":0,"player_choice":"Ignored","damage_taken":0,"max_hp_gain":0,"max_hp_loss":0,"event_name":"Ghosts","floor":30,"gold_loss":0},{"damage_healed":0,"gold_gain":0,"player_choice":"Obtain J.A.X.","damage_taken":0,"max_hp_gain":0,"max_hp_loss":0,"event_name":"Drug Dealer","floor":31,"gold_loss":0,"cards_obtained":["J.A.X."]},{"damage_healed":0,"gold_gain":0,"player_choice":"1 cards matched","damage_taken":0,"max_hp_gain":0,"max_hp_loss":0,"event_name":"Match and Keep!","floor":37,"gold_loss":0,"cards_obtained":["Flying Knee"]},{"damage_healed":74,"gold_gain":0,"player_choice":"Heal","damage_taken":0,"max_hp_gain":0,"max_hp_loss":11,"event_name":"The Moai Head","floor":41,"gold_loss":0},{"damage_healed":0,"gold_gain":0,"player_choice":"Fight","damage_taken":0,"max_hp_gain":0,"max_hp_loss":0,"event_name":"MindBloom","floor":46,"gold_loss":0}],"is_beta":false,"boss_relics":[{"not_picked":["Philosopher\u0027s Stone","Ectoplasm"],"picked":"Ring of the Serpent"},{"not_picked":["Busted Crown","SacredBark"],"picked":"Calling Bell"}],"items_purged_floors":[5],"is_endless":false,"potions_floor_spawned":[7,22,27,36,45,48,54],"killed_by":"The Heart","ascension_level":0}}