{"host":"mwb0clku6crgv6yl","time":1614219815,"event":{"mods":["AchievementEnabler","BaseMod","Highlight Path","Minty Spire (QoL Compilation)","StSLib","The Cursed"],"gold_per_floor":[119,134,66,86,161,161,188,200,200,234,234,244,244,271,271,271,271],"floor_reached":16,"language":"ZHS","playtime":667,"items_purged":[],"score":186,"play_id":"b88b549f-3cd3-4c54-af31-1c4a2c2fc062","local_time":"20210225102335","is_ascension_mode":true,"campfire_choices":[{"data":"TheCursedMod:Stretching","floor":6.0,"key":"SMITH"},{"data":"TheCursedMod:CircleOfFlame","floor":13.0,"key":"SMITH"},{"floor":15,"key":"REST"}],"circlet_count":0,"master_deck":["AscendersBane","TheCursedMod:Strike_TheCursed","TheCursedMod:Strike_TheCursed","TheCursedMod:Strike_TheCursed","TheCursedMod:Strike_TheCursed","TheCursedMod:Defend_TheCursed","TheCursedMod:Defend_TheCursed","TheCursedMod:Defend_TheCursed","TheCursedMod:Defend_TheCursed","TheCursedMod:CursedWand","TheCursedMod:CleanUpWorkshop+1","TheCursedMod:Dregs","TheCursedMod:WearCloak","TheCursedMod:WearCloak","TheCursedMod:CursedStaff","TheCursedMod:Stretching+1","TheCursedMod:CircleOfFlame+1","TheCursedMod:Neurasthenia","TheCursedMod:RapidMovement"],"relics":["TheCursedMod:BlackMagic101","NeowsBlessing","Pear","Singing Bowl","Frozen Egg 2","TungstenRod"],"acts_visited":["Exordium"],"potions_floor_usage":[14],"damage_taken":[{"damage":0.0,"enemies":"Cultist","floor":1.0,"turns":1.0},{"damage":0.0,"enemies":"Jaw Worm","floor":2.0,"turns":1.0},{"damage":0.0,"enemies":"2 Louse","floor":4.0,"turns":1.0},{"damage":19.0,"enemies":"3 Sentries","floor":7.0,"turns":10.0},{"damage":12.0,"enemies":"Exordium Thugs","floor":8.0,"turns":7.0},{"damage":18.0,"enemies":"Gremlin Nob","floor":10.0,"turns":4.0},{"damage":1.0,"enemies":"2 Fungi Beasts","floor":12.0,"turns":3.0},{"damage":20,"enemies":"Lagavulin","floor":14,"turns":7},{"damage":30,"enemies":"Slime Boss","floor":16,"turns":9}],"seed_played":"6485078987282675806","potions_obtained":[{"floor":1.0,"key":"LiquidBronze"},{"floor":4.0,"key":"BlessingOfTheForge"}],"is_trial":false,"path_per_floor":["M","M","$","M","?","R","E","M","T","E","?","M","R","E","R","B"],"character_chosen":"THE_CURSED","items_purchased":["TheCursedMod:CursedStaff"],"campfire_rested":1,"item_purchase_floors":[3],"current_hp_per_floor":[68,68,68,68,61,61,52,40,40,22,22,21,21,3,29,0,0],"gold":271,"neow_bonus":"THREE_ENEMY_KILL","is_daily":false,"chose_seed":false,"campfire_upgraded":2,"win_rate":0.0,"timestamp":1614219815,"path_taken":["M","?","$","M","?","R","E","?","T","E","?","M","R","E","R","BOSS"],"items_purchased_type":["Card"],"build_version":"2020-12-22","purchased_purges":0,"victory":false,"max_hp_per_floor":[75,75,75,75,75,75,85,85,85,85,85,85,85,87,87,87,87],"card_choices":[{"not_picked":["TheCursedMod:DoubleShield","TheCursedMod:FleshFromBone"],"picked":"TheCursedMod:WearCloak","floor":1.0},{"not_picked":["TheCursedMod:SoulCrush","TheCursedMod:Mangle"],"picked":"TheCursedMod:WearCloak","floor":2.0},{"not_picked":["TheCursedMod:CircleOfCorruption","TheCursedMod:CursedBlade"],"picked":"TheCursedMod:Stretching","floor":4.0},{"not_picked":["TheCursedMod:UltimatePain","TheCursedMod:RavingStaff","TheCursedMod:Torture"],"picked":"SKIP","floor":7.0},{"not_picked":["TheCursedMod:CircleOfWindfury","TheCursedMod:HellsGateOpen"],"picked":"TheCursedMod:CircleOfFlame","floor":8.0},{"not_picked":["TheCursedMod:CursedStaff","TheCursedMod:Wield"],"picked":"TheCursedMod:Neurasthenia","floor":10.0},{"not_picked":["TheCursedMod:Stretching","TheCursedMod:SpreadPlague"],"picked":"TheCursedMod:RapidMovement","floor":12.0},{"not_picked":["TheCursedMod:VitalStrike","TheCursedMod:Stretching","TheCursedMod:CircleOfCorruption"],"picked":"Singing Bowl","floor":14}],"player_experience":386728,"relics_obtained":[{"floor":7.0,"key":"Pear"},{"floor":9.0,"key":"Singing Bowl"},{"floor":10.0,"key":"Frozen Egg 2"},{"floor":14,"key":"TungstenRod"}],"event_choices":[{"damage_healed":0.0,"max_hp_gain":0.0,"max_hp_loss":0.0,"gold_gain":75.0,"event_name":"FaceTrader","player_choice":"Touch","floor":5.0,"gold_loss":0.0,"damage_taken":7.0},{"damage_healed":0.0,"max_hp_gain":0.0,"max_hp_loss":0.0,"gold_gain":0.0,"event_name":"Upgrade Shrine","player_choice":"Upgraded","floor":11.0,"gold_loss":0.0,"damage_taken":0.0,"cards_upgraded":["TheCursedMod:CleanUpWorkshop"]}],"is_beta":false,"boss_relics":[],"items_purged_floors":[],"is_endless":false,"potions_floor_spawned":[1,4,7],"killed_by":"Slime Boss","ascension_level":11}}