{"host":"d7qmn60fs48wu5y6","time":1614293029,"event":{"mods":["BaseMod","Downfall","Marisa????????","Minty Spire (QoL Compilation)","Shade Mod","StSLib","The Bug Knight","The Cursed","The Necromancer","The Servant 0.9.4"],"gold_per_floor":[109,128,128,128,148,148,186,202,202,202,10,10,33,33,33,33,33],"floor_reached":16,"language":"ENG","playtime":890,"items_purged":["Defend_W"],"score":105,"play_id":"9e44b33b-fe4d-4384-8541-5602bc8a0f37","local_time":"20210225144349","is_ascension_mode":true,"campfire_choices":[{"data":"Negative_Energy_Arrows","floor":6,"key":"SMITH"},{"floor":10,"key":"REST"},{"data":"Bones_to_Steel","floor":12,"key":"SMITH"},{"data":"Bone_Armor","floor":15,"key":"SMITH"}],"circlet_count":0,"master_deck":["Strike_W","Strike_W","Strike_W","Defend_W","Defend_W","Defend_W","Negative_Energy_Arrows+1","Bone_Wall","Bone_Armor+1","Negative_Energy_Mist","Detonate_Bones","Bones_to_Steel+1","Spectral_Walk"],"relics":["Vampire_Amulet","Golden Idol","Regal Pillow","Bag of Marbles"],"acts_visited":["Exordium"],"potions_floor_usage":[7,16,16],"damage_taken":[{"damage":0,"enemies":"2 Louse","floor":1,"turns":3},{"damage":6,"enemies":"Small Slimes","floor":2,"turns":5},{"damage":1,"enemies":"Cultist","floor":5,"turns":4},{"damage":44,"enemies":"HollowMod:MossKnight","floor":7,"turns":31},{"damage":2,"enemies":"Exordium Wildlife","floor":8,"turns":6},{"damage":3,"enemies":"2 Fungi Beasts","floor":13,"turns":5},{"damage":60,"enemies":"Slime Boss","floor":16,"turns":13}],"seed_played":"3639798923787289903","potions_obtained":[{"floor":2,"key":"EssenceOfSteel"},{"floor":7,"key":"Fruit Juice"},{"floor":13,"key":"Explosive Potion"}],"is_trial":false,"path_per_floor":["M","M","?","?","M","R","E","M","T","R","$","R","M","?","R","B"],"character_chosen":"NECROMANCER","items_purchased":["Bones_to_Steel","Spectral_Walk"],"campfire_rested":1,"item_purchase_floors":[11,11],"current_hp_per_floor":[75,71,53,53,54,54,23,25,25,64,64,64,65,58,58,0,0],"gold":33,"neow_bonus":"THREE_CARDS","is_daily":false,"chose_seed":false,"campfire_upgraded":3,"win_rate":0.0,"timestamp":1614293029,"path_taken":["M","M","?","?","M","R","E","M","T","R","$","R","?","?","R","BOSS"],"items_purchased_type":["Card","Card"],"build_version":"2020-12-22","purchased_purges":1,"victory":false,"max_hp_per_floor":[75,75,75,75,75,75,80,80,80,80,80,80,80,80,80,80,80],"card_choices":[{"not_picked":["Shade_Step","Shackles_Of_Pain"],"picked":"Bone_Armor","floor":0},{"not_picked":["Bone_Spikes","Flesh_Made_Foul"],"picked":"Negative_Energy_Mist","floor":1},{"not_picked":["Death_Coil","Negative_Energy_Mist","Chill_Blood"],"picked":"SKIP","floor":2},{"not_picked":["Bone_Armor","Negative_Energy_Mist","Consume_Illness"],"picked":"SKIP","floor":5},{"not_picked":["Chill_Blood","Epidemic","Consume_Illness"],"picked":"SKIP","floor":7},{"not_picked":["Shackles_Of_Pain","Negative_Energy_Javelin"],"picked":"Detonate_Bones","floor":8},{"not_picked":["Epidemic","Shade_Step","Finger_Of_Death"],"picked":"SKIP","floor":13}],"player_experience":964474,"relics_obtained":[{"floor":7,"key":"Regal Pillow"},{"floor":9,"key":"Bag of Marbles"}],"event_choices":[{"damage_healed":0,"gold_gain":0,"player_choice":"Take Damage","damage_taken":18,"relics_obtained":["Golden Idol"],"max_hp_gain":0,"max_hp_loss":0,"event_name":"Golden Idol","floor":3,"gold_loss":0},{"damage_healed":0,"gold_gain":0,"player_choice":"Ignored","damage_taken":0,"max_hp_gain":0,"max_hp_loss":0,"event_name":"NoteForYourself","floor":4,"gold_loss":0},{"cards_removed":["Strike_W"],"damage_healed":0,"gold_gain":0,"player_choice":"Card Removal","damage_taken":7,"max_hp_gain":0,"max_hp_loss":0,"event_name":"Golden Wing","floor":14,"gold_loss":0}],"is_beta":false,"boss_relics":[],"items_purged_floors":[11],"is_endless":false,"potions_floor_spawned":[2,7,13],"killed_by":"Slime Boss","ascension_level":1}}