{"host":"ve9aztkoyqeblvav","time":1614272148,"event":{"mods":["Act Like it!","Aspiration","BaseMod","Colored Map","Colored Powertips","Highlight Path","Marked Mod","Minty Spire (QoL Compilation)","Pale of the Ancients","Quick Restart","Reorder Act Four","StSLib","The Hierophant","Waifu the Spire","[IsaacMod]ÒÔÈö¼âËþ"],"gold_per_floor":[116,41,41,60,79,107,107,120,120,137,137,149,169,223,223,298,298,353,92,112,127,2,2,28,43,66,66,66,81,81,98,98,175,175,186,186,186,197,47,47,21,21],"floor_reached":41,"language":"ZHS","playtime":1530,"items_purged":["Strike_G","Strike_G","Strike_G","Strike_G","Defend_G"],"score":1030,"play_id":"08203a19-b87f-4f7b-bd27-109a5d8114a1","local_time":"20210226005548","is_ascension_mode":true,"campfire_choices":[{"data":"Malaise","floor":7.0,"key":"SMITH"},{"data":"Crippling Poison","floor":11.0,"key":"SMITH"},{"data":"Deadly Poison","floor":15.0,"key":"SMITH"},{"data":"Calculated Gamble","floor":23.0,"key":"SMITH"},{"floor":30,"key":"REST"},{"data":"Footwork","floor":32,"key":"SMITH"},{"data":"Tools of the Trade","floor":40,"key":"SMITH"}],"circlet_count":0,"master_deck":["AscendersBane","Defend_G","Defend_G","Defend_G","Survivor","Neutralize","BloodyBrimstone","Acrobatics","Endless Agony","Crippling Poison+1","Malaise+1","Terror","After Image","Deadly Poison+1","A Thousand Cuts","Corpse Explosion","Prepared","Calculated Gamble+1","Footwork+1","Blur","Tools of the Trade+1","Backflip","Blade Dance"],"relics":["Ring of the Serpent","HushsDoor","Void","hierophant:PropheticMaskRelic","aspiration:SecretTechniqueScroll","GuppysHead","TheAbacus"],"acts_visited":["Exordium","TheCity","TheBeyond"],"potions_floor_usage":[31,38],"damage_taken":[{"damage":0.0,"enemies":"Cultist","floor":1.0,"turns":4.0},{"damage":8.0,"enemies":"Small Slimes","floor":4.0,"turns":4.0},{"damage":1.0,"enemies":"2 Louse","floor":5.0,"turns":4.0},{"damage":0.0,"enemies":"3 Sentries","floor":6.0,"turns":2.0},{"damage":1.0,"enemies":"Lots of Slimes","floor":8.0,"turns":4.0},{"damage":13.0,"enemies":"Exordium Thugs","floor":10.0,"turns":5.0},{"damage":13.0,"enemies":"Exordium Wildlife","floor":12.0,"turns":4.0},{"damage":0.0,"enemies":"Gremlin Gang","floor":13.0,"turns":3.0},{"damage":0.0,"enemies":"The Guardian","floor":16.0,"turns":10.0},{"damage":6.0,"enemies":"3 Byrds","floor":18.0,"turns":2.0},{"damage":9.0,"enemies":"2 Thieves","floor":20.0,"turns":2.0},{"damage":0.0,"enemies":"Cultist and Chosen","floor":21.0,"turns":2.0},{"damage":15.0,"enemies":"Slavers","floor":24.0,"turns":2.0},{"damage":0.0,"enemies":"Snake Plant","floor":25.0,"turns":4.0},{"damage":15,"enemies":"Shelled Parasite and Fungi","floor":29,"turns":3},{"damage":0,"enemies":"Snecko","floor":31,"turns":4},{"damage":19,"enemies":"Automaton","floor":33,"turns":10},{"damage":3,"enemies":"Orb Walker","floor":35,"turns":4},{"damage":16,"enemies":"3 Darklings","floor":38,"turns":3}],"seed_played":"7516416454690105778","potions_obtained":[{"floor":1.0,"key":"Block Potion"},{"floor":4.0,"key":"LiquidBronze"},{"floor":8.0,"key":"SkillPotion"},{"floor":16.0,"key":"Explosive Potion"},{"floor":21.0,"key":"Fruit Juice"},{"floor":29,"key":"Regen Potion"},{"floor":33,"key":"Regen Potion"}],"is_trial":false,"path_per_floor":["M","$","?","M","M","E","R","M","T","M","R","M","M","T","R","B",null,"M","$","M","M","$","R","E","M","T","?","?","M","R","M","R","B",null,"M","?","?","M","$","R","$"],"character_chosen":"THE_SILENT","items_purchased":["GuppysHead","Corpse Explosion","TheAbacus","Blade Dance"],"campfire_rested":1,"item_purchase_floors":[17,17,19,41],"current_hp_per_floor":[59,59,59,51,50,57,57,56,56,43,43,30,30,30,30,30,46,40,40,31,31,31,31,21,21,21,21,21,6,20,34,34,15,39,36,36,36,29,29,29,29,29],"gold":21,"neow_bonus":"NOSTALGIA","is_daily":false,"chose_seed":false,"campfire_upgraded":6,"win_rate":0.0,"timestamp":1614272148,"path_taken":["M","?","?","M","M","E","R","M","T","M","R","?","M","?","R","BOSS","M","$","M","M","$","R","E","M","T","?","?","M","R","M","R","BOSS","M","?","?","M","$","R","$"],"items_purchased_type":["Relic","Card","Relic","Card"],"build_version":"2020-12-22","purchased_purges":5,"victory":false,"max_hp_per_floor":[66,66,66,66,66,70,70,70,70,70,70,70,70,70,70,70,51,51,51,48,48,48,48,50,50,50,50,50,47,47,47,47,47,47,47,47,47,44,44,44,44,44],"card_choices":[{"not_picked":[],"picked":"BloodyBrimstone","floor":0.0},{"not_picked":["Setup","Underhanded Strike"],"picked":"Acrobatics","floor":1.0},{"not_picked":["Deflect","Bane"],"picked":"Endless Agony","floor":4.0},{"not_picked":["Dagger Spray","Quick Slash"],"picked":"Crippling Poison","floor":5.0},{"not_picked":["Underhanded Strike","Bane"],"picked":"Malaise","floor":6.0},{"not_picked":["Deadly Poison","Backflip"],"picked":"Bomb","floor":8.0},{"not_picked":["Bane","Poisoned Stab"],"picked":"Terror","floor":10.0},{"not_picked":["Finisher","Backflip"],"picked":"After Image","floor":12.0},{"not_picked":["PiercingWail","Choke"],"picked":"Deadly Poison","floor":13.0},{"not_picked":["Glass Knife","Tools of the Trade"],"picked":"A Thousand Cuts","floor":16.0},{"not_picked":["Backstab","Outmaneuver"],"picked":"Prepared","floor":18.0},{"not_picked":["Skewer","Endless Agony"],"picked":"Calculated Gamble","floor":20.0},{"not_picked":["Outmaneuver","Choke+1","Quick Slash"],"picked":"SKIP","floor":21.0},{"not_picked":["PiercingWail","Flying Knee"],"picked":"Footwork","floor":24.0},{"not_picked":["Underhanded Strike","Concentrate","Deflect+1"],"picked":"SKIP","floor":25.0},{"not_picked":["aspiration:Lunge","Crippling Poison"],"picked":"Blur","floor":29},{"not_picked":["Deflect","Dagger Throw","Eviscerate"],"picked":"SKIP","floor":31},{"not_picked":["Storm of Steel","Venomology"],"picked":"Tools of the Trade","floor":33},{"not_picked":["Eviscerate+1","Heel Hook","Outmaneuver+1"],"picked":"SKIP","floor":35},{"not_picked":["Bane","Backflip","Noxious Fumes"],"picked":"SKIP","floor":38},{"not_picked":["Bane","Noxious Fumes"],"picked":"Backflip","floor":38}],"player_experience":1688123,"relics_obtained":[{"floor":6.0,"key":"Strawberry"},{"floor":9.0,"key":"Bottled Flame"},{"floor":14.0,"key":"SalivaCoin"},{"floor":24.0,"key":"Bottled Tornado"}],"event_choices":[{"damage_healed":0.0,"max_hp_gain":0.0,"max_hp_loss":0.0,"gold_gain":0.0,"event_name":"The Cleric","player_choice":"Leave","floor":3.0,"gold_loss":0.0,"damage_taken":0.0},{"cards_removed":["Strike_G"],"damage_healed":0.0,"max_hp_gain":0.0,"max_hp_loss":0.0,"gold_gain":0.0,"event_name":"Purifier","player_choice":"Purged","floor":27.0,"gold_loss":0.0,"damage_taken":0.0},{"damage_healed":0,"gold_gain":0,"player_choice":"Ignored","damage_taken":0,"max_hp_gain":0,"max_hp_loss":0,"event_name":"Cursed Tome","floor":28,"gold_loss":0},{"damage_healed":0,"gold_gain":0,"player_choice":"Ignored","damage_taken":0,"max_hp_gain":0,"max_hp_loss":0,"event_name":"Tomb of Lord Red Mask","floor":36,"gold_loss":0},{"cards_removed":["Defend_G"],"damage_healed":0,"gold_gain":0,"player_choice":"Removed Skill","damage_taken":0,"max_hp_gain":0,"max_hp_loss":0,"event_name":"Falling","floor":37,"gold_loss":0}],"is_beta":false,"boss_relics":[{"not_picked":["aspiration:PoetsPen_weak","Ectoplasm"],"picked":"aspiration:SecretTechniqueScroll"},{"not_picked":[]},{"not_picked":["Empty Cage","aspiration:RitualDagger"],"picked":"Ring of the Serpent"},{"not_picked":[]}],"items_purged_floors":[2,17,19,22,39],"is_endless":false,"potions_floor_spawned":[1,4,8,16,21,29,33],"ascension_level":20}}