{"host":"dwqr8rfkubzfvfti","time":1614285516,"event":{"mods":["BaseMod","Colored Map","Colored Powertips","Minty Spire (QoL Compilation)","Rare Cards Sparkle","Relic Stats"],"gold_per_floor":[116,135,410,422,202,202,235,219,219,231,231,242,261,293,293,395,395,385,312,325,76,92,122,133,153,198,230,230,245,245,279,279,384,384,401,252,252,269,12,46,46,46,46,58,70,0,0,35,35,35],"floor_reached":51,"language":"ENG","playtime":3320,"items_purged":["Regret"],"score":1071,"play_id":"d5c55c92-8d4c-404d-865d-6a5dd8ac7431","local_time":"20210225133836","is_ascension_mode":true,"campfire_choices":[{"data":"Hemokinesis","floor":6,"key":"SMITH"},{"floor":11,"key":"REST"},{"data":"Disarm","floor":15,"key":"SMITH"},{"floor":28,"key":"REST"},{"data":"Armaments","floor":32,"key":"SMITH"},{"floor":41,"key":"REST"},{"data":"Rupture","floor":49,"key":"SMITH"}],"circlet_count":0,"master_deck":["Strike_R+1","Strike_R+1","Strike_R+1","Strike_R+1","Strike_R+1","Defend_R+1","Defend_R+1","Defend_R+1","Defend_R+1","Bash","Ghostly Armor","Pommel Strike","Hemokinesis+1","True Grit","Shrug It Off","Disarm+1","Inflame","Spot Weakness","Whirlwind","Reaper","Rupture+1","Pummel","Carnage+1","True Grit+1","Armaments+1","Power Through","Fiend Fire","Juggernaut","Shrug It Off+1","Bloodletting+1","Hemokinesis+1","Body Slam+1","Disarm+1","Fiend Fire+1"],"relics":["Burning Blood","Potion Belt","PreservedInsect","Letter Opener","Mercury Hourglass","Peace Pipe","SlaversCollar","Anchor","White Beast Statue","Pantograph","Toy Ornithopter","Happy Flower","Omamori","Runic Pyramid","ClockworkSouvenir","Molten Egg 2","Gambling Chip","Shuriken","Red Mask","Orichalcum"],"acts_visited":["Exordium","TheCity","TheBeyond"],"potions_floor_usage":[10,16,18,22,23,24,24,27,29,33,33,33,33,33,33,33,33,38,40,40,44,50,50,50],"damage_taken":[{"damage":14,"enemies":"2 Louse","floor":1,"turns":3},{"damage":1,"enemies":"Cultist","floor":2,"turns":4},{"damage":8,"enemies":"Jaw Worm","floor":4,"turns":4},{"damage":21,"enemies":"3 Sentries","floor":7,"turns":8},{"damage":16,"enemies":"Exordium Thugs","floor":8,"turns":4},{"damage":5,"enemies":"Large Slime","floor":10,"turns":4},{"damage":2,"enemies":"2 Fungi Beasts","floor":12,"turns":2},{"damage":11,"enemies":"Red Slaver","floor":13,"turns":3},{"damage":21,"enemies":"Lagavulin","floor":14,"turns":6},{"damage":29,"enemies":"Hexaghost","floor":16,"turns":12},{"damage":22,"enemies":"2 Thieves","floor":18,"turns":4},{"damage":20,"enemies":"Shell Parasite","floor":20,"turns":7},{"damage":4,"enemies":"Chosen and Byrds","floor":22,"turns":6},{"damage":7,"enemies":"Slavers","floor":23,"turns":4},{"damage":31,"enemies":"Centurion and Healer","floor":24,"turns":6},{"damage":48,"enemies":"3 Cultists","floor":25,"turns":6},{"damage":13,"enemies":"Book of Stabbing","floor":27,"turns":5},{"damage":18,"enemies":"Snake Plant","floor":29,"turns":3},{"damage":10,"enemies":"Slavers","floor":31,"turns":3},{"damage":41,"enemies":"Champ","floor":33,"turns":8},{"damage":17,"enemies":"3 Darklings","floor":35,"turns":7},{"damage":6,"enemies":"Orb Walker","floor":38,"turns":3},{"damage":60,"enemies":"Giant Head","floor":40,"turns":7},{"damage":4,"enemies":"Jaw Worm Horde","floor":44,"turns":2},{"damage":40,"enemies":"Writhing Mass","floor":45,"turns":6},{"damage":13,"enemies":"Reptomancer","floor":48,"turns":5},{"damage":98,"enemies":"Awakened One","floor":50,"turns":9}],"seed_played":"2663345150515227195","potions_obtained":[{"floor":2,"key":"ColorlessPotion"},{"floor":7,"key":"HeartOfIron"},{"floor":8,"key":"Fire Potion"},{"floor":14,"key":"Weak Potion"},{"floor":16,"key":"EntropicBrew"},{"floor":20,"key":"ColorlessPotion"},{"floor":22,"key":"AttackPotion"},{"floor":23,"key":"Fire Potion"},{"floor":24,"key":"ElixirPotion"},{"floor":25,"key":"GamblersBrew"},{"floor":27,"key":"Fire Potion"},{"floor":29,"key":"LiquidBronze"},{"floor":31,"key":"PowerPotion"},{"floor":33,"key":"Fire Potion"},{"floor":35,"key":"EssenceOfSteel"},{"floor":37,"key":"AttackPotion"},{"floor":37,"key":"BlessingOfTheForge"},{"floor":38,"key":"ElixirPotion"},{"floor":40,"key":"AttackPotion"},{"floor":44,"key":"CultistPotion"},{"floor":45,"key":"Explosive Potion"},{"floor":48,"key":"Energy Potion"}],"is_trial":false,"path_per_floor":["M","M","?","M","$","R","E","M","T","M","R","M","M","E","R","B",null,"M","?","M","$","M","E","M","M","T","E","R","M","?","E","R","B",null,"M","$","?","M","$","E","R","?","T","M","M","?","?","E","R","B",null],"character_chosen":"IRONCLAD","items_purchased":["PreservedInsect","White Beast Statue","ClockworkSouvenir","Molten Egg 2"],"campfire_rested":3,"item_purchase_floors":[5,21,36,39],"current_hp_per_floor":[64,69,69,67,67,67,52,42,42,43,67,71,66,51,51,28,67,60,60,52,52,54,62,57,33,33,31,55,48,48,44,44,74,79,68,68,68,73,73,29,53,80,80,80,61,61,61,54,54,16],"gold":35,"neow_bonus":"RANDOM_COMMON_RELIC","is_daily":false,"chose_seed":false,"campfire_upgraded":4,"win_rate":0.0,"timestamp":1614285516,"path_taken":["M","M","?","M","$","R","E","M","T","M","R","M","?","E","R","BOSS","M","?","M","$","?","E","M","M","T","E","R","M","?","E","R","BOSS","M","$","?","?","$","E","R","?","T","?","M","?","?","E","R","BOSS"],"items_purchased_type":["Relic","Relic","Relic","Relic"],"build_version":"2020-12-22","purchased_purges":1,"victory":true,"max_hp_per_floor":[80,80,80,80,80,80,80,80,80,80,80,80,80,80,80,80,80,80,80,80,80,80,80,80,80,80,80,80,80,80,80,80,80,80,80,80,80,80,80,80,80,80,80,80,80,80,80,80,80,80],"relic_stats":{"Happy Flower":[17],"counters":[27,139],"PreservedInsect":375,"Letter Opener":[99],"Orichalcum":[12],"Burning Blood":156,"Mercury Hourglass":[427],"Peace Pipe":0,"Shuriken":[4],"Pantograph":50,"Gambling Chip":[8],"obtain_stats":[{"Potion Belt":0,"Happy Flower":27,"PreservedInsect":5,"Omamori":31,"Letter Opener":7,"Orichalcum":48,"Burning Blood":0,"White Beast Statue":21,"Mercury Hourglass":9,"ClockworkSouvenir":36,"Peace Pipe":14,"SlaversCollar":17,"Anchor":19,"Shuriken":43,"Pantograph":23,"Gambling Chip":40,"Molten Egg 2":39,"Red Mask":46,"Toy Ornithopter":26,"Runic Pyramid":34},{"Potion Belt":0,"Happy Flower":17,"PreservedInsect":3,"Omamori":19,"Letter Opener":4,"Orichalcum":26,"Burning Blood":0,"White Beast Statue":12,"Mercury Hourglass":5,"ClockworkSouvenir":21,"Peace Pipe":9,"SlaversCollar":10,"Anchor":11,"Shuriken":23,"Pantograph":14,"Gambling Chip":23,"Molten Egg 2":22,"Red Mask":25,"Toy Ornithopter":16,"Runic Pyramid":20},{"Potion Belt":0,"Happy Flower":86,"PreservedInsect":11,"Omamori":92,"Letter Opener":19,"Orichalcum":130,"Burning Blood":0,"White Beast Statue":60,"Mercury Hourglass":23,"ClockworkSouvenir":107,"Peace Pipe":38,"SlaversCollar":49,"Anchor":53,"Shuriken":117,"Pantograph":70,"Gambling Chip":117,"Molten Egg 2":110,"Red Mask":125,"Toy Ornithopter":81,"Runic Pyramid":100}],"Toy Ornithopter":73},"card_choices":[{"not_picked":["Cleave","Clothesline"],"picked":"Ghostly Armor","floor":1},{"not_picked":["Combust","Searing Blow"],"picked":"Pommel Strike","floor":2},{"not_picked":["Clothesline","Pommel Strike"],"picked":"Hemokinesis","floor":4},{"not_picked":["Pommel Strike","Fire Breathing"],"picked":"True Grit","floor":7},{"not_picked":["Anger","Thunderclap"],"picked":"Shrug It Off","floor":8},{"not_picked":["Flex","Infernal Blade"],"picked":"Disarm","floor":10},{"not_picked":["Pommel Strike","Havoc"],"picked":"Inflame","floor":12},{"not_picked":["Dark Embrace","Combust"],"picked":"Spot Weakness","floor":13},{"not_picked":["Shrug It Off","Flex"],"picked":"Whirlwind","floor":14},{"not_picked":["Barricade","Bludgeon"],"picked":"Reaper","floor":16},{"not_picked":["True Grit","Inflame"],"picked":"Rupture","floor":18},{"not_picked":["Havoc","Cleave"],"picked":"Pummel","floor":20},{"not_picked":["Anger","Uppercut"],"picked":"Carnage+1","floor":22},{"not_picked":["Impervious","Warcry"],"picked":"True Grit+1","floor":23},{"not_picked":["True Grit","Second Wind+1","Thunderclap"],"picked":"SKIP","floor":24},{"not_picked":["Burning Pact","Sword Boomerang"],"picked":"Armaments","floor":25},{"not_picked":["Iron Wave","Spot Weakness"],"picked":"Power Through","floor":27},{"not_picked":["Metallicize","Sword Boomerang+1","True Grit"],"picked":"SKIP","floor":29},{"not_picked":["Pummel","Twin Strike"],"picked":"Fiend Fire","floor":31},{"not_picked":["Barricade","Feed"],"picked":"Juggernaut","floor":33},{"not_picked":["Thunderclap","Sword Boomerang"],"picked":"Shrug It Off+1","floor":35},{"not_picked":["True Grit","Shrug It Off+1"],"picked":"Bloodletting+1","floor":38},{"not_picked":["Warcry","Dual Wield+1"],"picked":"Hemokinesis+1","floor":40},{"not_picked":["Evolve","Perfected Strike+1"],"picked":"Body Slam+1","floor":44},{"not_picked":["Sentinel","Body Slam+1","Sever Soul+1"],"picked":"SKIP","floor":45},{"not_picked":["Whirlwind+1","Dual Wield+1"],"picked":"Fiend Fire+1","floor":48}],"player_experience":511704,"relics_obtained":[{"floor":7,"key":"Letter Opener"},{"floor":9,"key":"Mercury Hourglass"},{"floor":14,"key":"Peace Pipe"},{"floor":23,"key":"Pantograph"},{"floor":26,"key":"Toy Ornithopter"},{"floor":27,"key":"Happy Flower"},{"floor":31,"key":"Omamori"},{"floor":40,"key":"Gambling Chip"},{"floor":43,"key":"Shuriken"},{"floor":48,"key":"Orichalcum"}],"event_choices":[{"damage_healed":0,"gold_gain":275,"player_choice":"Desecrate","damage_taken":0,"max_hp_gain":0,"max_hp_loss":0,"event_name":"Golden Shrine","floor":3,"gold_loss":0,"cards_obtained":["Regret"]},{"damage_healed":0,"gold_gain":0,"player_choice":"Paid Gold","damage_taken":0,"relics_obtained":["Anchor"],"max_hp_gain":0,"max_hp_loss":0,"event_name":"WeMeetAgain","floor":19,"gold_loss":73},{"damage_healed":0,"gold_gain":0,"player_choice":"Simplicity","damage_taken":0,"max_hp_gain":0,"max_hp_loss":0,"event_name":"Back to Basics","floor":30,"gold_loss":0,"cards_upgraded":["Strike_R","Strike_R","Strike_R","Strike_R","Strike_R","Defend_R","Defend_R","Defend_R","Defend_R"]},{"damage_healed":0,"gold_gain":0,"player_choice":"Got Potions","damage_taken":0,"max_hp_gain":0,"max_hp_loss":0,"event_name":"Lab","floor":37,"gold_loss":0},{"damage_healed":27,"gold_gain":0,"player_choice":"Full Heal","damage_taken":0,"max_hp_gain":0,"max_hp_loss":0,"event_name":"Wheel of Change","floor":42,"gold_loss":0},{"damage_healed":0,"gold_gain":0,"player_choice":"Paid","damage_taken":0,"relics_obtained":["Red Mask"],"max_hp_gain":0,"max_hp_loss":0,"event_name":"Tomb of Lord Red Mask","floor":46,"gold_loss":70},{"damage_healed":0,"gold_gain":0,"player_choice":"Copied","damage_taken":0,"max_hp_gain":0,"max_hp_loss":0,"event_name":"Duplicator","floor":47,"gold_loss":0,"cards_obtained":["Disarm"]}],"is_beta":false,"boss_relics":[{"not_picked":["Runic Dome","Astrolabe"],"picked":"SlaversCollar"},{"not_picked":["Snecko Eye","Black Blood"],"picked":"Runic Pyramid"}],"items_purged_floors":[5],"is_endless":false,"potions_floor_spawned":[2,7,8,14,16,20,22,23,24,25,27,29,31,33,35,38,40,44,45,48],"ascension_level":8}}