{"host":"gm50ke85n5jz306u","time":1614229071,"event":{"mods":["AchievementEnabler","AlwaysNeverKeys","Aspiration","BaseMod","Beaked The Cultist","Bestiary","Better Altar","Better Match","Better Note","Better Sensory Stone","Better Skull","Better Third Choice","Better Vampires","Better-Laid Plans","BetterRewards","Colored Powertips","Curses Come First","DNKmod","Defuse TimeMaze Blight","Disable Question Mark Monsters","Displayed Cursed Tome","Downfall","Emptier Cage","Extra Virgin Snecko Oil","Filter the Spire","Friendly Minions","Gremlin Skip","Hermit","Hubris","Hyrulean Relics","Ironclad Rager","Koishi","Lobotomy","Marisa????????","Marked Mod","Minty Spire (QoL Compilation)","Permanent Neow","Poor People Problems","Quick Restart","Reimu??????","Relic Filter Mod","Relic Sorter","Remove Card Discount Mod","Reorder Act Four","Replay The Spire","Shop Mod","StSLib","Synergy Search","Td1madao Mod","The Administrix","The Animator","The Blue Laboratory","The Bug Knight","The Construct","The Cursed","The Disciple","The Hierophant","The Necromancer","The Runesmith","The Senshi","The Servant 0.9.4","Thieving Mod","Transform Curses","WarShipGirlsR/????R mod"],"gold_per_floor":[10011,10011,9971,8979,8979,9012,9012,9041,9041,9054,9054,9102,9102,9113,9113,9212,9212,9229,8391,8407,8407,8043,8043,8057,8057,8057,8074,8094,8109,7396,7416,7416,7519,7519,7530,7530,7541,6968,6980,7007,7026,7026,7097,7097,7097,6649,6679,6691,6691,6691],"floor_reached":51,"language":"ENG","playtime":2201,"items_purged":["Fiend Fire","Bash","Strike_R","Strike_R","Strike_R","Strike_R","Strike_R","Twin Strike","Defend_R","Defend_R"],"score":1022,"play_id":"e230f376-b8a8-4295-a2c8-0f00edb912b2","local_time":"20210225055751","is_ascension_mode":true,"campfire_choices":[{"data":"Trip","floor":7.0,"key":"SMITH"},{"data":"Shrug It Off","floor":11.0,"key":"SMITH"},{"data":"Headbutt","floor":13.0,"key":"SMITH"},{"data":"Headbutt","floor":15.0,"key":"SMITH"},{"data":"Metallicize","floor":23.0,"key":"SMITH"},{"data":"Mayhem","floor":25.0,"key":"SMITH"},{"data":"Shrug It Off","floor":32,"key":"SMITH"},{"data":"Shrug It Off","floor":42,"key":"SMITH"},{"data":"Headbutt","floor":45,"key":"SMITH"},{"floor":49,"key":"REST"}],"circlet_count":0,"master_deck":["Defend_R","Defend_R","Trip+1","Flex","Headbutt+1","Headbutt+1","Shrug It Off+1","Headbutt+1","Metallicize+1","Sword Boomerang+1","Sword Boomerang+1","Shrug It Off+1","Mayhem+1","Replay:Undeath\u0027s Touch+1","Shrug It Off+1","Inflame","Sword Boomerang+1"],"relics":["Burning Blood","Shuriken","Happy Flower","HornCleat","Mercury Hourglass","HandDrill","Brimstone","Replay:WaspNest","Torii","Runic Cube","hubris:MedicalManual","PaintedHorse:ReiMu","MerchantsRug","aspiration:DSix","Cauldron","Singing Bowl","Akabeko","Blue Candle","TentaclePot:ReiMu","Whetstone","Medical Kit","Oddly Smooth Stone","Omamori","Bottled Tornado","hubris:Towel","hubris:TenFootPole","aspiration:HummingbirdHeart","hubris:ChampionShield"],"acts_visited":["Exordium","TheCity","TheBeyond"],"potions_floor_usage":[47,47],"damage_taken":[{"damage":5.0,"enemies":"Small Slimes","floor":1.0,"turns":3.0},{"damage":35.0,"enemies":"3 Sentries","floor":6.0,"turns":8.0},{"damage":0.0,"enemies":"Gremlin Nob","floor":8.0,"turns":4.0},{"damage":0.0,"enemies":"Jaw Worm","floor":10.0,"turns":1.0},{"damage":0.0,"enemies":"Cultist","floor":14.0,"turns":2.0},{"damage":32.0,"enemies":"Hexaghost","floor":16.0,"turns":8.0},{"damage":9.0,"enemies":"3 Byrds","floor":18.0,"turns":5.0},{"damage":1.0,"enemies":"Chosen","floor":20.0,"turns":2.0},{"damage":1.0,"enemies":"Shelled Parasite and Fungi","floor":24.0,"turns":2.0},{"damage":0.0,"enemies":"Snake Plant","floor":27.0,"turns":2.0},{"damage":0.0,"enemies":"Snecko","floor":28.0,"turns":2.0},{"damage":14,"enemies":"Chosen and Byrds","floor":29,"turns":2},{"damage":0,"enemies":"Centurion and Healer","floor":31,"turns":2},{"damage":13,"enemies":"Collector","floor":33,"turns":5},{"damage":0,"enemies":"Orb Walker","floor":35,"turns":2},{"damage":2,"enemies":"3 Darklings","floor":37,"turns":3},{"damage":0,"enemies":"Jaw Worm Horde","floor":39,"turns":2},{"damage":29,"enemies":"Nemesis","floor":40,"turns":3},{"damage":21,"enemies":"Writhing Mass","floor":41,"turns":3},{"damage":1,"enemies":"Giant Head","floor":47,"turns":4},{"damage":18,"enemies":"4 Shapes","floor":48,"turns":3},{"damage":39,"enemies":"Time Eater","floor":50,"turns":5}],"seed_played":"6614141505622666725","potions_obtained":[{"floor":4.0,"key":"Flashbang"},{"floor":4.0,"key":"Regen Potion"},{"floor":4.0,"key":"Guardian:BlockOnCardUsePotion"},{"floor":16.0,"key":"Dexterity Potion"},{"floor":35,"key":"Swift Potion"}],"is_trial":false,"path_per_floor":["M","?","?","$","?","E","R","E","T","M","R","T","R","M","R","B",null,"M","$","M","?","$","R","M","R","T","M","M","M","$","M","R","B",null,"M","?","M","$","M","E","M","R","T","?","R","$","E","M","R","B",null],"character_chosen":"IRONCLAD","items_purchased":["aspiration:DSix","Mercury Hourglass","Trip","MerchantsRug","Flex","Cauldron","Torii","TentaclePot:ReiMu","Twin Strike","Sword Boomerang","Whetstone","FearPotion","blueLaboratory:CorrosionFlask","Shrug It Off","Brimstone","Mayhem","Shuriken","hubris:MedicalManual","HandDrill","Medical Kit","Oddly Smooth Stone","Omamori","Inflame","Regen Potion","hubris:TenFootPole","aspiration:HummingbirdHeart","blueLaboratory:FruitPunch","Explosive Potion"],"campfire_rested":1,"item_purchase_floors":[4,4,4,4,4,4,19,19,19,19,19,19,19,22,22,22,30,30,30,38,38,38,38,38,46,46,46,46],"current_hp_per_floor":[73,73,73,73,78,49,49,55,55,61,61,61,61,67,67,58,76,73,73,80,80,80,80,84,84,84,86,88,82,82,90,90,85,92,96,96,96,96,96,75,62,62,62,62,62,62,80,70,101,68],"gold":6691,"neow_bonus":"ONE_RANDOM_RARE_CARD","is_daily":false,"chose_seed":false,"campfire_upgraded":9,"win_rate":0.0,"timestamp":1614229071,"path_taken":["M","?","?","$","?","E","R","E","T","?","R","?","R","M","R","BOSS","M","$","M","?","?","R","M","R","T","M","M","?","$","M","R","BOSS","M","?","M","$","?","E","M","R","T","?","R","$","E","M","R","BOSS"],"items_purchased_type":["Relic","Relic","Card","Relic","Card","Relic","Relic","Relic","Card","Card","Relic","Potion","Potion","Card","Relic","Card","Relic","Relic","Relic","Relic","Relic","Relic","Card","Potion","Relic","Relic","Potion","Potion"],"build_version":"2020-12-22","purchased_purges":10,"victory":true,"max_hp_per_floor":[80,80,80,80,80,80,80,80,80,80,80,80,80,80,80,82,82,82,82,84,84,84,84,84,84,84,86,88,90,90,92,92,94,94,96,96,96,96,96,98,100,100,100,100,100,100,104,106,106,106],"card_choices":[{"not_picked":["Wild Strike","Dual Wield","ReplayTheSpireMod:Strike From Hell"],"picked":"SKIP","floor":1.0},{"not_picked":["Thunderclap","Heavy Blade"],"picked":"Headbutt","floor":6.0},{"not_picked":["Flex","ReplayTheSpireMod:Strike From Hell"],"picked":"Headbutt","floor":8.0},{"not_picked":["Hemogenesis","Havoc"],"picked":"Shrug It Off","floor":10.0},{"not_picked":["Anger","Perfected Strike"],"picked":"Headbutt","floor":14.0},{"not_picked":["Immolate","Corruption","Replay:Many Hands"],"picked":"Singing Bowl","floor":16.0},{"not_picked":["Bloodletting","Havoc"],"picked":"Metallicize","floor":18.0},{"not_picked":["Cleave","Second Wind","Sentinel+1"],"picked":"Singing Bowl","floor":20.0},{"not_picked":["Second Wind","Perfected Strike"],"picked":"Replay:Undeath\u0027s Touch+1","floor":24.0},{"not_picked":["Wild Strike+1","True Grit","ReplayTheSpireMod:Strike From Hell+1"],"picked":"Singing Bowl","floor":27.0},{"not_picked":["True Grit","ReplayTheSpireMod:Limb From Limb","Intimidate"],"picked":"Singing Bowl","floor":28.0},{"not_picked":["Life Link","Pommel Strike","ReplayTheSpireMod:Muscle Training"],"picked":"Singing Bowl","floor":29},{"not_picked":["Cleave","Havoc","Twin Strike"],"picked":"Singing Bowl","floor":31},{"not_picked":["Replay:Many Hands","Fiend Fire","Demonic Infusion"],"picked":"Singing Bowl","floor":33},{"not_picked":["Sentinel","Havoc+1","ReplayTheSpireMod:Stacked+1"],"picked":"Singing Bowl","floor":35},{"not_picked":["Sword Boomerang","Sentinel+1"],"picked":"Shrug It Off","floor":37},{"not_picked":["Reckless Charge+1","Whirlwind+1"],"picked":"Sword Boomerang+1","floor":39},{"not_picked":["hubris:StunningStrike","Cleave+1","Combust+1"],"picked":"Singing Bowl","floor":40},{"not_picked":["ReplayTheSpireMod:Corrosion Curse+1","Armaments+1","Evolve+1"],"picked":"Singing Bowl","floor":41},{"not_picked":["Iron Wave+1","Flame Barrier+1","Flex+1"],"picked":"Singing Bowl","floor":47},{"not_picked":["ReplayTheSpireMod:Muscle Training","Reckless Charge","Anger"],"picked":"Singing Bowl","floor":48}],"player_experience":454791,"relics_obtained":[{"floor":6.0,"key":"Singing Bowl"},{"floor":8.0,"key":"Akabeko"},{"floor":9.0,"key":"Blue Candle"},{"floor":12.0,"key":"Happy Flower"},{"floor":26.0,"key":"Replay:WaspNest"},{"floor":40,"key":"HornCleat"},{"floor":43,"key":"Bottled Tornado"},{"floor":47,"key":"hubris:ChampionShield"}],"event_choices":[{"damage_healed":0.0,"max_hp_gain":0.0,"max_hp_loss":0.0,"gold_gain":1.0,"event_name":"betterStone:BetterStone","player_choice":"1","floor":2.0,"gold_loss":0.0,"damage_taken":0.0},{"damage_healed":0.0,"max_hp_gain":0.0,"max_hp_loss":0.0,"gold_gain":0.0,"event_name":"yidonshenshe","player_choice":"Donate","floor":3.0,"gold_loss":40.0,"damage_taken":0.0,"relics_obtained":["PaintedHorse:ReiMu"]},{"cards_removed":["Flex"],"damage_healed":5.0,"max_hp_gain":0.0,"max_hp_loss":0.0,"gold_gain":0.0,"event_name":"Bonfire Elementals","player_choice":"Offered Common","floor":5.0,"gold_loss":0.0,"damage_taken":0.0},{"cards_removed":["Flex"],"damage_healed":5.0,"max_hp_gain":0.0,"max_hp_loss":0.0,"gold_gain":0.0,"event_name":"Bonfire Elementals","player_choice":"Offered Special","floor":5.0,"gold_loss":0.0,"damage_taken":0.0},{"damage_healed":0.0,"max_hp_gain":0.0,"max_hp_loss":0.0,"gold_gain":0.0,"event_name":"betterNote:BetterNote","player_choice":"Ignored","floor":21.0,"gold_loss":0.0,"damage_taken":0.0,"cards_obtained":["Apotheosis"]}],"is_beta":false,"boss_relics":[{"not_picked":["Runic Dome","Replay:Drink Me"],"picked":"Runic Cube"},{"not_picked":["Empty Cage","Ooze Armor","Painkiller Herb"]}],"items_purged_floors":[4,4,19,19,19,19,19,30,38,38],"is_endless":false,"potions_floor_spawned":[6,8,14,16,24,33,35,39,41],"ascension_level":6}}