{"host":"92kgk6frc09v07nq","time":1614294145,"event":{"mods":["BaseMod","Minty Spire (QoL Compilation)"],"gold_per_floor":[117,131,131,143,159,159,13,13,13,39,1,1,28,45,45,146,146,159,169,169,169],"floor_reached":20,"language":"ENG","playtime":674,"items_purged":[],"score":282,"play_id":"83be2572-610c-4461-9d19-d86202008c32","local_time":"20210225170225","is_ascension_mode":true,"campfire_choices":[{"floor":6,"key":"REST"},{"floor":12,"key":"REST"},{"data":"WaveOfTheHand","floor":15,"key":"SMITH"}],"circlet_count":0,"master_deck":["Strike_P","Strike_P+1","Defend_P","Defend_P","Defend_P+1","Eruption+1","Vigilance","The Bomb","FlurryOfBlows","ClearTheMind","WaveOfTheHand+1","CrushJoints","ForeignInfluence","MentalFortress+1","Perseverance","Establishment+1","Meditate+1","WreathOfFlame+1","Alpha+1","EmptyFist","TalkToTheHand"],"relics":["PureWater","Membership Card","Frozen Egg 2","Gremlin Horn","Pocketwatch","Astrolabe"],"acts_visited":["Exordium","TheCity"],"potions_floor_usage":[10,16,16,20],"damage_taken":[{"damage":5,"enemies":"Small Slimes","floor":1,"turns":4},{"damage":8,"enemies":"2 Louse","floor":2,"turns":3},{"damage":6,"enemies":"Cultist","floor":4,"turns":3},{"damage":0,"enemies":"Blue Slaver","floor":5,"turns":3},{"damage":12,"enemies":"3 Sentries","floor":10,"turns":4},{"damage":0,"enemies":"Lagavulin","floor":13,"turns":5},{"damage":10,"enemies":"Exordium Thugs","floor":14,"turns":4},{"damage":10,"enemies":"Hexaghost","floor":16,"turns":9},{"damage":21,"enemies":"Shell Parasite","floor":18,"turns":3},{"damage":30,"enemies":"2 Thieves","floor":19,"turns":4},{"damage":9,"enemies":"Centurion and Healer","floor":20,"turns":2}],"seed_played":"-2126861131884785567","potions_obtained":[{"floor":4,"key":"AttackPotion"},{"floor":10,"key":"GamblersBrew"},{"floor":13,"key":"Ambrosia"},{"floor":18,"key":"SteroidPotion"},{"floor":19,"key":"AttackPotion"}],"is_trial":false,"path_per_floor":["M","M","?","M","M","R","$","?","T","E","$","R","E","M","R","B",null,"M","M","M"],"character_chosen":"WATCHER","items_purchased":["Membership Card","MentalFortress+1"],"campfire_rested":2,"item_purchase_floors":[7,11],"current_hp_per_floor":[42,34,20,14,14,35,35,35,35,23,23,44,44,34,34,24,60,39,9,0,0],"gold":169,"neow_bonus":"RANDOM_COLORLESS_2","is_daily":false,"chose_seed":false,"campfire_upgraded":1,"win_rate":0.0,"timestamp":1614294145,"path_taken":["M","M","?","M","M","R","$","?","T","E","$","R","E","M","R","BOSS","M","M","M"],"items_purchased_type":["Relic","Card"],"build_version":"2020-12-22","purchased_purges":0,"victory":false,"max_hp_per_floor":[72,72,72,72,72,72,72,72,72,72,72,72,72,72,72,72,72,72,72,72,72],"card_choices":[{"not_picked":["Sadistic Nature","Secret Weapon"],"picked":"The Bomb","floor":0.0},{"not_picked":["WaveOfTheHand","BowlingBash"],"picked":"FlurryOfBlows","floor":1},{"not_picked":["Conclude","Collect"],"picked":"ClearTheMind","floor":2},{"not_picked":["PathToVictory","Adaptation"],"picked":"WaveOfTheHand","floor":4},{"not_picked":["Wish","ThirdEye"],"picked":"CrushJoints","floor":5},{"not_picked":["SignatureMove","Worship"],"picked":"ForeignInfluence","floor":10},{"not_picked":["Prostrate","Halt"],"picked":"Perseverance","floor":13},{"not_picked":["CrushJoints","Consecrate","Conclude"],"picked":"SKIP","floor":14},{"not_picked":["ConjureBlade","Wish"],"picked":"Establishment+1","floor":16},{"not_picked":["Indignation+1","ThirdEye"],"picked":"EmptyFist","floor":18},{"not_picked":["PathToVictory","ReachHeaven+1"],"picked":"TalkToTheHand","floor":19}],"player_experience":1073837,"relics_obtained":[{"floor":9,"key":"Frozen Egg 2"},{"floor":10,"key":"Gremlin Horn"},{"floor":13,"key":"Pocketwatch"}],"event_choices":[{"damage_healed":0,"gold_gain":0,"player_choice":"Entered Light","damage_taken":14,"max_hp_gain":0,"max_hp_loss":0,"event_name":"Shining Light","floor":3,"gold_loss":0,"cards_upgraded":["Strike_P","Defend_P"]},{"damage_healed":0,"gold_gain":0,"player_choice":"Forge","damage_taken":0,"max_hp_gain":0,"max_hp_loss":0,"event_name":"Accursed Blacksmith","floor":8,"gold_loss":0,"cards_upgraded":["Eruption"]}],"is_beta":false,"boss_relics":[{"not_picked":["Fusion Hammer","Runic Pyramid"],"picked":"Astrolabe"}],"items_purged_floors":[],"is_endless":false,"potions_floor_spawned":[4,10,13,18,19],"killed_by":"Centurion and Healer","ascension_level":7}}