{"host":"8o45mh5p3pp1o2mi","time":1614215073,"event":{"mods":["BaseMod","Bestiary","Better Match","Better Third Choice","BetterRewards","Dark Map","Downfall","Fox Events","Minty Spire (QoL Compilation)","Rare Cards Sparkle","Relic Stats","Replay The Spire","Shop Mod","Spire Exporter","StSLib","everything is the same but u backflip on backflip"],"gold_per_floor":[99,119,119,119,119,138,138,138,173,183,333,362,120,120,131,231,231,131,150,62,62,79,112,160,160,260,145,145,156,186,203,221,323,323,323,335,346,366,383,413,413,413,313,330,330,341,376,395,406,406],"floor_reached":51,"language":"ENG","playtime":3317,"items_purged":["hexamod:Strike","hexamod:Defend+1"],"score":996,"play_id":"7605ede1-8cfb-4b40-bff2-7a1e77a50970","local_time":"20210225010433","is_ascension_mode":true,"campfire_choices":[{"data":"hexamod:Sear","floor":1,"key":"SMITH"},{"data":"hexamod:Toasty","floor":8,"key":"SMITH"},{"floor":18,"key":"RECALL"},{"data":"Entrench","floor":28,"key":"SMITH"},{"data":"hexamod:SearingWound","floor":35,"key":"SMITH"},{"floor":43,"key":"REST"},{"data":"hexamod:PowerFromBeyond","floor":45,"key":"SMITH"}],"circlet_count":0,"master_deck":["hexamod:Defend+1","hexamod:Defend+1","hexamod:Defend+1","hexamod:Sear+1","hexamod:Float","hexamod:FlamesFromBeyond","downfall:Haunted","downfall:Haunted","Hallucinations","hexamod:Toasty+1","Entrench+1","hexamod:Sear+1","hexamod:BurningTouch","hexamod:GhostflameInferno","hexamod:PowerFromBeyond+1","hexamod:FirstSeal","hexamod:Hexaguard","ReplayTheSpireMod:Splinters","hexamod:ApocalypseNow","hexamod:SearingWound+1","hexamod:HeatCrush","hexamod:GiftsFromTheDead+1","hexamod:SoulSteal","downfall:Bewildered","hexamod:SpectralAdrenaline","hexamod:RainOfEmbers+1","Slimebound:Tackle+1","Slimebound:Tackle+1","Slimebound:Tackle+1","hexamod:UnleashSpirits+1","Flash of Steel+1","hexamod:Incineration+1","hexamod:FlamesFromBeyond+1","hexamod:ApocalypseNow","hexamod:GhostLash+1","hexamod:GhostflameBarrier","hexamod:Hexaguard+1"],"relics":["Philosopher\u0027s Stone","Du-Vu Doll","Replay:Ringing Soul","Frozen Egg 2","ReplayTheSpireMod:CursedCoin","Pear","Garlic","Sozu","downfall:HeartBlessingGreen","sneckomod:BabySnecko","Molten Egg 2","Bag of Preparation","Peace Pipe","Replay:Bottled Eggs","Matryoshka","ReplayTheSpireMod:TigerMarble","Strawberry","Dream Catcher","Singing Bowl","downfall:HeartBlessingRed","HornCleat"],"acts_visited":["Exordium","TheCity","TheBeyond"],"potions_floor_usage":[16,20,38],"damage_taken":[{"damage":2,"enemies":"Jaw Worm","floor":2,"turns":3},{"damage":10,"enemies":"2 Louse","floor":6,"turns":2},{"damage":14,"enemies":"Gremlin Nob","floor":9,"turns":3},{"damage":0,"enemies":"Cultist","floor":10,"turns":3},{"damage":10,"enemies":"Replay:BlueRogue","floor":12,"turns":3},{"damage":10,"enemies":"downfall:FleeingMerchant","floor":13,"turns":4},{"damage":7,"enemies":"Blue Slaver","floor":15,"turns":3},{"damage":8,"enemies":"WA_ARCHETYPE_RETAIN","floor":16,"turns":4},{"damage":26,"enemies":"Spheric Guardian","floor":19,"turns":5},{"damage":6,"enemies":"downfall:FleeingMerchant","floor":20,"turns":4},{"damage":12,"enemies":"downfall:LooterAlt2","floor":22,"turns":2},{"damage":5,"enemies":"Replay:Snechameleon","floor":23,"turns":4},{"damage":7,"enemies":"SI_SHIV_ARCHETYPE","floor":26,"turns":3},{"damage":0,"enemies":"downfall:FleeingMerchant","floor":27,"turns":2},{"damage":0,"enemies":"Snake Plant","floor":29,"turns":2},{"damage":15,"enemies":"Book of Stabbing","floor":30,"turns":3},{"damage":2,"enemies":"Chosen and Byrds","floor":31,"turns":3},{"damage":0,"enemies":"Snecko","floor":32,"turns":2},{"damage":45,"enemies":"DF_ARCHETYPE_CLAW","floor":33,"turns":5},{"damage":6,"enemies":"3 Shapes","floor":36,"turns":2},{"damage":22,"enemies":"3 Darklings","floor":37,"turns":3},{"damage":40,"enemies":"Maw","floor":38,"turns":5},{"damage":0,"enemies":"Spire Growth","floor":39,"turns":2},{"damage":26,"enemies":"R_Hoarder","floor":40,"turns":3},{"damage":15,"enemies":"3 Darklings","floor":44,"turns":3},{"damage":35,"enemies":"Maw","floor":46,"turns":5},{"damage":31,"enemies":"Nemesis","floor":47,"turns":5},{"damage":8,"enemies":"Jaw Worm Horde","floor":48,"turns":3},{"damage":0,"enemies":"Transient","floor":49,"turns":5},{"damage":42,"enemies":"IC_BLOCK_ARCHETYPE","floor":50,"turns":5}],"seed_played":"5991913172344755778","potions_obtained":[{"floor":2,"key":"sneckomod:MuddlingPotion"},{"floor":15,"key":"DistilledChaos"},{"floor":16,"key":"champ:CounterPotion"}],"is_trial":false,"path_per_floor":["R","M","?","?","?","M","T","R","E","M","?","E","$","T","M","B",null,"R","M","$","?","M","E","T","?","?","$","R","M","E","M","M","B",null,"R","M","M","M","M","E","T","?","R","M","R","M","E","M","M","B",null],"character_chosen":"THE_SPIRIT","items_purchased":["hexamod:Hexaguard","ReplayTheSpireMod:CursedCoin","Pear","hexamod:SoulSteal","Flash of Steel+1","Matryoshka"],"campfire_rested":1,"item_purchase_floors":[13,13,13,20,27,27],"current_hp_per_floor":[70,68,68,59,62,55,55,55,44,47,47,40,50,50,53,55,107,107,91,88,91,82,87,87,90,90,93,93,96,91,96,96,54,137,137,131,109,76,76,57,57,57,103,91,91,65,43,45,47,12],"gold":406,"neow_bonus":"BOSS_RELIC","is_daily":false,"chose_seed":false,"campfire_upgraded":5,"win_rate":0.0,"timestamp":1614215073,"path_taken":["R","M","?","?","?","?","T","R","E","M","?","E","$","?","M","BOSS","R","M","$","?","M","E","T","?","?","$","R","M","E","M","M","BOSS","R","M","M","M","M","E","T","?","R","M","R","M","E","M","M","BOSS"],"items_purchased_type":["Card","Relic","Relic","Card","Card","Relic"],"build_version":"2020-12-22","purchased_purges":2,"victory":true,"max_hp_per_floor":[70,70,70,73,76,79,79,79,82,85,85,88,101,101,104,107,107,107,110,113,116,119,122,122,125,125,128,128,131,134,134,134,137,137,137,137,137,137,137,144,144,144,147,150,150,152,154,157,159,159],"relic_stats":{"Sozu":10,"Peace Pipe":0,"Dream Catcher":1,"Singing Bowl":6,"counters":[30,101],"Bag of Preparation":[36],"obtain_stats":[{"Pear":13,"Singing Bowl":41,"downfall:HeartBlessingRed":43,"ReplayTheSpireMod:CursedCoin":13,"downfall:HeartBlessingGreen":18,"Bag of Preparation":24,"Frozen Egg 2":12,"Du-Vu Doll":3,"Sozu":17,"Peace Pipe":26,"Replay:Ringing Soul":4,"sneckomod:BabySnecko":21,"Dream Catcher":41,"Matryoshka":27,"HornCleat":47,"ReplayTheSpireMod:Shallot":9,"Strawberry":40,"Philosopher\u0027s Stone":0,"Molten Egg 2":23,"Garlic":14,"ReplayTheSpireMod:TigerMarble":30,"Replay:Bottled Eggs":26,"hexamod:SpiritBrand":0},{"Pear":6,"Singing Bowl":24,"downfall:HeartBlessingRed":24,"ReplayTheSpireMod:CursedCoin":6,"downfall:HeartBlessingGreen":8,"Bag of Preparation":12,"Frozen Egg 2":5,"Du-Vu Doll":1,"Sozu":8,"Peace Pipe":13,"Replay:Ringing Soul":1,"sneckomod:BabySnecko":10,"Dream Catcher":24,"Matryoshka":14,"HornCleat":27,"ReplayTheSpireMod:Shallot":3,"Strawberry":24,"Philosopher\u0027s Stone":0,"Molten Egg 2":12,"Garlic":6,"ReplayTheSpireMod:TigerMarble":16,"Replay:Bottled Eggs":13,"hexamod:SpiritBrand":0},{"Pear":18,"Singing Bowl":75,"downfall:HeartBlessingRed":75,"ReplayTheSpireMod:CursedCoin":18,"downfall:HeartBlessingGreen":25,"Bag of Preparation":40,"Frozen Egg 2":14,"Du-Vu Doll":3,"Sozu":25,"Peace Pipe":43,"Replay:Ringing Soul":3,"sneckomod:BabySnecko":34,"Dream Catcher":75,"Matryoshka":45,"HornCleat":88,"ReplayTheSpireMod:Shallot":8,"Strawberry":75,"Philosopher\u0027s Stone":0,"Molten Egg 2":40,"Garlic":18,"ReplayTheSpireMod:TigerMarble":50,"Replay:Bottled Eggs":43,"hexamod:SpiritBrand":0}]},"card_choices":[{"not_picked":["hexamod:ShieldOfDarkness","hexamod:HeatMetal"],"picked":"hexamod:FlamesFromBeyond","floor":2},{"not_picked":["hexamod:Hexaguard","hexamod:RadiantFlame"],"picked":"hexamod:BurningTouch","floor":6},{"not_picked":["hexamod:ShieldOfDarkness","hexamod:GhostLash"],"picked":"hexamod:GhostflameInferno","floor":9},{"not_picked":["hexamod:NecessarySacrifice","hexamod:NightmareStrike"],"picked":"hexamod:PowerFromBeyond","floor":10},{"not_picked":["hexamod:BurningTouch","hexamod:Rewind"],"picked":"hexamod:FirstSeal","floor":12},{"not_picked":["hexamod:RadiantFlame+1","hexamod:BurningTouch","hexamod:SuperheatedStrike"],"picked":"SKIP","floor":13},{"not_picked":["hexamod:FourthSeal","hexamod:InspiringFlames"],"picked":"hexamod:ApocalypseNow","floor":15},{"not_picked":["hexamod:ApocalypseNow","hexamod:UnleashSpirits"],"picked":"hexamod:SearingWound","floor":16},{"not_picked":["hexamod:BurningTouch+1","hexamod:AdvancingGuard"],"picked":"hexamod:HeatCrush","floor":19},{"not_picked":["hexamod:NightmareStrike+1","hexamod:BurningTouch+1"],"picked":"hexamod:GiftsFromTheDead+1","floor":20},{"not_picked":["hexamod:FlamesFromBeyond+1","hexamod:BurningTouch"],"picked":"hexamod:SpectralAdrenaline","floor":22},{"not_picked":["hexamod:RadiantFlame+1","hexamod:FastForward"],"picked":"hexamod:RainOfEmbers+1","floor":23},{"not_picked":["hexamod:HauntingEcho+1","hexamod:SpectersWail+1"],"picked":"hexamod:UnleashSpirits+1","floor":27},{"not_picked":["hexamod:SpectersWail+1","hexamod:SpectralAdrenaline"],"picked":"hexamod:Incineration+1","floor":29},{"not_picked":["hexamod:CatchUp","hexamod:AdvancingGuard"],"picked":"hexamod:FlamesFromBeyond+1","floor":30},{"not_picked":["hexamod:BurningTouch","hexamod:ChargedBarrage","hexamod:PhantomFireball+1"],"picked":"SKIP","floor":31},{"not_picked":["hexamod:NightmareStrike+1","hexamod:SuperheatedStrike+1","hexamod:FlamesFromBeyond+1"],"picked":"SKIP","floor":32},{"not_picked":["hexamod:FlameSwitch","hexamod:FifthSeal"],"picked":"hexamod:ApocalypseNow","floor":33},{"not_picked":["hexamod:HauntingEcho+1","hexamod:SwordOfDarkness+1","hexamod:InspiringFlames+1"],"picked":"SKIP","floor":36},{"not_picked":["hexamod:PowerFromBeyond","hexamod:SuperheatedStrike+1","hexamod:EmpoweredFlame+1"],"picked":"SKIP","floor":37},{"not_picked":["hexamod:DynamicBlow+1","hexamod:GhostShield","hexamod:ChargedBarrage"],"picked":"SKIP","floor":38},{"not_picked":["hexamod:SpectersWail+1","hexamod:FastForward","hexamod:GhostShield+1"],"picked":"SKIP","floor":39},{"not_picked":["hexamod:RadiantFlame+1","hexamod:InspiringFlames+1","hexamod:RecurringNightmare"],"picked":"SKIP","floor":40},{"not_picked":["hexamod:PhantomFireball+1","hexamod:NightmareGuise+1"],"picked":"hexamod:GhostLash+1","floor":43},{"not_picked":["hexamod:GhostShield","hexamod:ForkedFlame+1"],"picked":"hexamod:GhostflameBarrier","floor":44},{"not_picked":["hexamod:StepThrough+1","hexamod:PhantomFireball+1","hexamod:FourthSeal"],"picked":"Singing Bowl","floor":46},{"not_picked":["hexamod:ShieldOfDarkness+1","hexamod:SkipABeat","hexamod:SwordOfDarkness+1"],"picked":"Singing Bowl","floor":47},{"not_picked":["hexamod:SkipABeat","hexamod:ChargedBarrage"],"picked":"hexamod:Hexaguard+1","floor":48},{"not_picked":["hexamod:SwordOfDarkness+1","hexamod:Again+1","hexamod:EmpoweredFlame+1"],"picked":"Singing Bowl","floor":49}],"player_experience":237034,"relics_obtained":[{"floor":9,"key":"ReplayTheSpireMod:Shallot"},{"floor":12,"key":"Frozen Egg 2"},{"floor":14,"key":"Garlic"},{"floor":23,"key":"Molten Egg 2"},{"floor":24,"key":"Bag of Preparation"},{"floor":26,"key":"Peace Pipe"},{"floor":26,"key":"Replay:Bottled Eggs"},{"floor":30,"key":"ReplayTheSpireMod:TigerMarble"},{"floor":40,"key":"Strawberry"},{"floor":41,"key":"Dream Catcher"},{"floor":41,"key":"Singing Bowl"},{"floor":47,"key":"HornCleat"}],"event_choices":[],"is_beta":false,"boss_relics":[{"not_picked":["Fusion Hammer","Runic Dome"],"picked":"Sozu"},{"not_picked":["Replay:Wanted Poster","ReplayTheSpireMod:DimensionalGlitch","Pandora\u0027s Box"]}],"items_purged_floors":[13,27],"is_endless":false,"potions_floor_spawned":[2,15,16,19,26,29,30,36,38,40,47,48,49],"ascension_level":1}}