{"host":"pjgcdp3h1plnbocs","time":1614260718,"event":{"mods":["AchievementEnabler","BaseMod","Colored Map","Downfall","Highlight Path","Minty Spire (QoL Compilation)","StSLib"],"gold_per_floor":[111,123,123,48,48,75,87,99,160,172,197,239,266,293,305,417,429,453,465,477,504,516,528,574,586,598,610,651,133,158,169,169,269,269,283,296,96,114,132,132,163,163,163,218,218,66,84,119,119,119],"floor_reached":51,"language":"ENG","playtime":1753,"items_purged":["Strike_B","Strike_B","Skim"],"score":1414,"play_id":"75550fb7-c86b-4331-bb9c-658aefdd496a","local_time":"20210225144518","is_ascension_mode":true,"campfire_choices":[{"data":"Zap","floor":7,"key":"SMITH"},{"floor":10,"key":"REST"},{"data":"Glacier","floor":15,"key":"SMITH"},{"data":"Beam Cell","floor":23,"key":"SMITH"},{"data":"Ball Lightning","floor":25,"key":"SMITH"},{"data":"Cold Snap","floor":27,"key":"SMITH"},{"data":"Master of Strategy","floor":32,"key":"SMITH"},{"data":"Cold Snap","floor":40,"key":"SMITH"},{"data":"Go for the Eyes","floor":42,"key":"SMITH"},{"data":"Defend_B","floor":49,"key":"SMITH"}],"circlet_count":0,"master_deck":["AscendersBane","Defend_B+1","Zap+1","Dualcast+1","Core Surge+1","Cold Snap+1","Cold Snap+1","Ball Lightning+1","Glacier+1","Gash","Gash","Beam Cell+1","Master of Strategy+1","Beam Cell+1","Gash","Go for the Eyes+1","Gash"],"relics":["Cracked Core","MawBank","Unceasing Top","Anchor","Centennial Puzzle","SlaversCollar","Art of War","Toy Ornithopter","Lantern","Bottled Flame","Meat on the Bone","Empty Cage","Happy Flower","Du-Vu Doll","HornCleat","CaptainsWheel","PreservedInsect"],"acts_visited":["Exordium","TheCity","TheBeyond"],"potions_floor_usage":[6,24,33,50],"damage_taken":[{"damage":8,"enemies":"Small Slimes","floor":1,"turns":2},{"damage":0,"enemies":"Cultist","floor":2,"turns":3},{"damage":18,"enemies":"Gremlin Nob","floor":6,"turns":4},{"damage":0,"enemies":"Jaw Worm","floor":11,"turns":2},{"damage":7,"enemies":"Lagavulin","floor":12,"turns":6},{"damage":0,"enemies":"Blue Slaver","floor":13,"turns":2},{"damage":0,"enemies":"Exordium Wildlife","floor":14,"turns":2},{"damage":12,"enemies":"Hexaghost","floor":16,"turns":10},{"damage":8,"enemies":"2 Thieves","floor":18,"turns":3},{"damage":3,"enemies":"3 Byrds","floor":21,"turns":5},{"damage":4,"enemies":"Slavers","floor":24,"turns":4},{"damage":9,"enemies":"Book of Stabbing","floor":28,"turns":5},{"damage":0,"enemies":"Gremlin Leader","floor":30,"turns":7},{"damage":0,"enemies":"Cultist and Chosen","floor":31,"turns":4},{"damage":38,"enemies":"Automaton","floor":33,"turns":9},{"damage":0,"enemies":"3 Darklings","floor":35,"turns":5},{"damage":0,"enemies":"Orb Walker","floor":36,"turns":2},{"damage":0,"enemies":"3 Darklings","floor":38,"turns":3},{"damage":0,"enemies":"Jaw Worm Horde","floor":39,"turns":3},{"damage":4,"enemies":"Nemesis","floor":41,"turns":5},{"damage":19,"enemies":"2 Orb Walkers","floor":44,"turns":4},{"damage":0,"enemies":"Sphere and 2 Shapes","floor":47,"turns":3},{"damage":0,"enemies":"Reptomancer","floor":48,"turns":3},{"damage":0,"enemies":"Awakened One","floor":50,"turns":6}],"seed_played":"-3560962678575379969","potions_obtained":[{"floor":1,"key":"Guardian:BlockOnCardUsePotion"},{"floor":2,"key":"DuplicationPotion"},{"floor":11,"key":"Slimebound:ThreeZeroPotion"},{"floor":18,"key":"AttackPotion"},{"floor":24,"key":"FearPotion"},{"floor":41,"key":"DuplicationPotion"}],"is_trial":false,"path_per_floor":["M","M","?","$","?","E","R","?","T","R","M","E","M","M","R","B",null,"M","?","?","M","$","R","E","R","T","R","E","$","E","M","R","B",null,"M","M","$","M","M","R","E","R","T","?","?","$","M","E","R","B",null],"character_chosen":"DEFECT","items_purchased":["Master of Strategy","Bottled Flame","Gash","Happy Flower","Gash"],"campfire_rested":1,"item_purchase_floors":[29,29,37,37,46],"current_hp_per_floor":[42,42,42,42,27,9,9,6,6,28,28,21,21,21,21,9,59,51,51,51,48,48,48,44,44,44,44,35,35,35,47,47,26,63,63,63,63,63,63,63,59,59,59,40,75,75,75,75,75,75],"gold":119,"neow_bonus":"TRANSFORM_TWO_CARDS","is_daily":false,"chose_seed":false,"campfire_upgraded":9,"win_rate":0.0,"timestamp":1614260718,"path_taken":["M","M","?","?","?","E","R","?","T","R","M","E","?","M","R","BOSS","M","?","?","M","$","R","E","R","T","R","E","$","E","M","R","BOSS","M","M","$","M","M","R","E","R","T","?","?","$","?","E","R","BOSS"],"items_purchased_type":["Card","Relic","Card","Relic","Card"],"build_version":"2020-12-22","purchased_purges":3,"victory":true,"max_hp_per_floor":[75,75,75,75,75,75,75,75,75,75,75,75,75,75,75,75,75,75,75,75,75,75,75,75,75,75,75,75,75,75,75,75,75,75,75,75,75,75,75,75,75,75,75,75,75,75,75,75,75,75],"card_choices":[{"not_picked":["White Noise","Consume"],"picked":"Cold Snap","floor":1},{"not_picked":["Hello World","Undo"],"picked":"Cold Snap","floor":2},{"not_picked":["Steam","Streamline"],"picked":"Ball Lightning","floor":6},{"not_picked":["Steam Power","Steam"],"picked":"Glacier","floor":11},{"not_picked":["Fusion","Stack","Rebound"],"picked":"SKIP","floor":12},{"not_picked":["Skim","Beam Cell"],"picked":"Gash","floor":13},{"not_picked":["Chill","Force Field","Hologram"],"picked":"SKIP","floor":14},{"not_picked":["Barrage","Turbo"],"picked":"Gash","floor":18},{"not_picked":["Turbo+1","Heatsinks"],"picked":"Beam Cell","floor":21},{"not_picked":["Hologram","Leap+1","White Noise"],"picked":"SKIP","floor":24},{"not_picked":["Ball Lightning","Hologram","Double Energy"],"picked":"SKIP","floor":28},{"not_picked":["Turbo","Force Field","Chaos"],"picked":"SKIP","floor":30},{"not_picked":["Steam","Ball Lightning","Turbo"],"picked":"SKIP","floor":31},{"not_picked":["Hologram","Sweeping Beam"],"picked":"Beam Cell+1","floor":35},{"not_picked":["Turbo","Fusion","Doom and Gloom"],"picked":"SKIP","floor":36},{"not_picked":["Conserve Battery","Beam Cell","Coolheaded"],"picked":"SKIP","floor":38},{"not_picked":["Cold Snap","Hologram","Multi-Cast"],"picked":"SKIP","floor":39},{"not_picked":["Hello World","Static Discharge"],"picked":"Go for the Eyes","floor":41},{"not_picked":["Streamline","Ball Lightning","Redo"],"picked":"SKIP","floor":47},{"not_picked":["Reprogram","Double Energy+1","Self Repair+1"],"picked":"SKIP","floor":48}],"player_experience":280231,"relics_obtained":[{"floor":6,"key":"MawBank"},{"floor":9,"key":"Anchor"},{"floor":12,"key":"Centennial Puzzle"},{"floor":24,"key":"Art of War"},{"floor":26,"key":"Toy Ornithopter"},{"floor":28,"key":"Lantern"},{"floor":30,"key":"Meat on the Bone"},{"floor":41,"key":"Du-Vu Doll"},{"floor":43,"key":"HornCleat"},{"floor":44,"key":"CaptainsWheel"},{"floor":48,"key":"PreservedInsect"}],"event_choices":[{"cards_removed":["Defend_B"],"damage_healed":0,"gold_gain":0,"player_choice":"Offered Basic","damage_taken":0,"max_hp_gain":0,"max_hp_loss":0,"event_name":"Bonfire Elementals","floor":3,"gold_loss":0},{"damage_healed":0,"gold_gain":0,"player_choice":"Entered Light","damage_taken":15,"max_hp_gain":0,"max_hp_loss":0,"event_name":"Shining Light","floor":5,"gold_loss":0,"cards_upgraded":["Core Surge","Dualcast"]},{"damage_healed":0,"gold_gain":0,"player_choice":"Success","damage_taken":3,"relics_obtained":["Unceasing Top"],"max_hp_gain":0,"max_hp_loss":0,"event_name":"Scrap Ooze","floor":8,"gold_loss":0},{"damage_healed":0,"gold_gain":0,"player_choice":"Ignored","damage_taken":0,"max_hp_gain":0,"max_hp_loss":0,"event_name":"Vampires","floor":20,"gold_loss":0},{"damage_healed":0,"gold_gain":0,"player_choice":"Fight","damage_taken":0,"max_hp_gain":0,"max_hp_loss":0,"event_name":"Mysterious Sphere","floor":44,"gold_loss":0},{"damage_healed":35,"gold_gain":0,"player_choice":"Full Heal","damage_taken":0,"max_hp_gain":0,"max_hp_loss":0,"event_name":"Wheel of Change","floor":45,"gold_loss":0}],"is_beta":false,"boss_relics":[{"not_picked":["Busted Crown","Coffee Dripper"],"picked":"SlaversCollar"},{"not_picked":["Runic Pyramid","Runic Dome"],"picked":"Empty Cage"}],"items_purged_floors":[4,29,46],"is_endless":false,"potions_floor_spawned":[1,2,11,13,18,24,30,41,44],"ascension_level":12}}