{"host":"veh3iuu7yass7ajm","time":1614226740,"event":{"mods":["2.2 Compatiblity","BaseMod","Beaked The Cultist","BetterRewards","Clockwork Mod","Colored Map","Colored Powertips","Conspire","DeckTracker","Downfall","GungeonMod","Hermit","Jedi Mod","Minty Spire (QoL Compilation)","RatMod","Relic Relevance Reorder","StSLib","Strawberry Spire","The Animator","The Death Knight","The Gatherer","Unknown Chances","Waifu the Spire"],"gold_per_floor":[115,125,135,135,150,175,175,195,195,26,26,38,48,59,59,164,164,177,177,77,94,112,112,145,60,60,60,77,89,101,117,137,137,137,137],"floor_reached":34,"language":"ENG","playtime":1518,"items_purged":["Strike_B","Regret"],"score":497,"play_id":"a1028b4a-6e2f-4d7f-b73d-aa264da632dc","local_time":"20210225171900","is_ascension_mode":true,"campfire_choices":[{"floor":7.0,"key":"REST"},{"floor":15.0,"key":"REST"},{"data":"strawberrySpire:FocalLaser","floor":23.0,"key":"SMITH"},{"data":"strawberrySpire:BreederCore","floor":27,"key":"SMITH"},{"floor":33,"key":"REST"}],"circlet_count":0,"master_deck":["Strike_B+1","Strike_B+1","Strike_B","Defend_B","Defend_B","Defend_B","Defend_B","Zap","Dualcast","Conserve Battery+1","jedi:blockon","Beam Cell","Gash","Redo","Gash","Ball Lightning","strawberrySpire:FocalLaser+1","strawberrySpire:BreederCore+1","Electrodynamics","Defragment","Barrage+1","strawberrySpire:BiBeamBolt","Ball Lightning","Gash"],"relics":["Cracked Core","strawberrySpire:AztechBall","Anchor","Oddly Smooth Stone","Gambling Chip","Whetstone","DemoMod:ClearGuonStone","Nuclear Battery","DemoMod:Relodestone","Calipers"],"acts_visited":["Exordium","TheCity","DemoMod:Maze"],"potions_floor_usage":[30,31],"damage_taken":[{"damage":4.0,"enemies":"Small Slimes","floor":1.0,"turns":3.0},{"damage":7.0,"enemies":"Jaw Worm","floor":2.0,"turns":4.0},{"damage":2.0,"enemies":"2 Louse","floor":3.0,"turns":2.0},{"damage":12.0,"enemies":"2 Fungi Beasts","floor":5.0,"turns":4.0},{"damage":47.0,"enemies":"3 Sentries","floor":6.0,"turns":9.0},{"damage":7.0,"enemies":"Blue Slaver","floor":8.0,"turns":4.0},{"damage":0.0,"enemies":"Lots of Slimes","floor":12.0,"turns":3.0},{"damage":0.0,"enemies":"2 Fungi Beasts","floor":13.0,"turns":3.0},{"damage":0.0,"enemies":"Looter","floor":14.0,"turns":3.0},{"damage":1.0,"enemies":"Slime Boss","floor":16.0,"turns":6.0},{"damage":0.0,"enemies":"Spheric Guardian","floor":18.0,"turns":2.0},{"damage":0.0,"enemies":"Chosen","floor":21.0,"turns":4.0},{"damage":0.0,"enemies":"Snake Plant","floor":22.0,"turns":3.0},{"damage":46.0,"enemies":"Book of Stabbing","floor":24.0,"turns":5.0},{"damage":0,"enemies":"DemoMod:4_Bullet_Kins","floor":28,"turns":2},{"damage":22,"enemies":"DemoMod:2_Veteran_bullet_kins_and_red_shotgun_kin","floor":29,"turns":3},{"damage":1,"enemies":"DemoMod:2_Mousers","floor":30,"turns":4},{"damage":32,"enemies":"DemoMod:Veteran_shot_gun_kin_and_blue_shotgun_kin","floor":31,"turns":3},{"damage":0,"enemies":"DemoMod:Red_and_blue_shotgun_kin_with_gunsinger","floor":32,"turns":2},{"damage":44,"enemies":"DemoMod:ResourcefulRat","floor":34,"turns":5}],"seed_played":"3565225425792480601","potions_obtained":[{"floor":6.0,"key":"ColorlessPotion"},{"floor":12.0,"key":"Explosive Potion"},{"floor":14.0,"key":"Explosive Potion"},{"floor":18.0,"key":"Weak Potion"},{"floor":21.0,"key":"jedi:coolantleak"},{"floor":32,"key":"jedi:tentaclejuice"}],"is_trial":false,"path_per_floor":["M","M","M","?","M","E","R","M","T","$","?","M","M","M","R","B",null,"M","?","$","M","M","R","E","?","T","R","M","M","M","M","M","R","B"],"character_chosen":"DEFECT","items_purchased":["strawberrySpire:AztechBall","DemoMod:GnawedKey","Whetstone","DemoMod:ClearGuonStone","Gash"],"campfire_rested":3,"item_purchase_floors":[0,0,0,10,10],"current_hp_per_floor":[71,64,62,62,50,3,25,18,18,18,18,18,18,18,40,39,75,75,75,75,75,75,75,29,29,75,75,75,53,52,20,20,42,0,0],"gold":137,"neow_bonus":"","is_daily":false,"chose_seed":false,"campfire_upgraded":2,"win_rate":0.0,"timestamp":1614226740,"path_taken":["M","M","M","?","M","E","R","M","T","?","?","M","M","M","R","BOSS","M","?","$","M","M","R","E","?","T","R","M","M","M","M","M","R","BOSS"],"items_purchased_type":["Relic","Relic","Relic","Relic","Card"],"build_version":"2020-12-22","purchased_purges":2,"victory":false,"max_hp_per_floor":[75,75,75,75,75,75,75,75,75,75,75,75,75,75,75,75,75,75,75,75,75,75,75,75,75,75,75,75,75,75,75,75,75,75,75],"card_choices":[{"not_picked":["strawberrySpire:Disconnect","Skim"],"picked":"Conserve Battery","floor":1.0},{"not_picked":["Cold Snap","Reinforced Body"],"picked":"jedi:blockon","floor":2.0},{"not_picked":["Double Energy","Barrage","Doom and Gloom"],"picked":"SKIP","floor":3.0},{"not_picked":["strawberrySpire:Compressor","Streamline"],"picked":"Beam Cell","floor":5.0},{"not_picked":["Beam Cell","Biased Cognition"],"picked":"Gash","floor":6.0},{"not_picked":["Go for the Eyes","Streamline"],"picked":"Redo","floor":8.0},{"not_picked":["Redo","Streamline"],"picked":"Ball Lightning","floor":12.0},{"not_picked":["Doom and Gloom","Cold Snap"],"picked":"strawberrySpire:FocalLaser","floor":13.0},{"not_picked":["Ball Lightning","strawberrySpire:BiBeamBolt"],"picked":"strawberrySpire:BreederCore","floor":14.0},{"not_picked":["jedi:gatheringstorm","strawberrySpire:AnotherWinter"],"picked":"Electrodynamics","floor":16.0},{"not_picked":["Compile Driver","Hologram+1","Coolheaded"],"picked":"SKIP","floor":18.0},{"not_picked":["Leap","strawberrySpire:NeonFlight+1","strawberrySpire:Adapter+1"],"picked":"SKIP","floor":21.0},{"not_picked":["Rebound","strawberrySpire:Adapter"],"picked":"Defragment","floor":22.0},{"not_picked":["Consume","Recycle+1"],"picked":"Barrage+1","floor":24.0},{"not_picked":["Sweeping Beam+1","Hello World+1"],"picked":"strawberrySpire:BiBeamBolt","floor":28},{"not_picked":["Stack","Chaos+1"],"picked":"Ball Lightning","floor":29},{"not_picked":["Beam Cell+1","Reprogram","Hologram+1"],"picked":"SKIP","floor":30},{"not_picked":["strawberrySpire:Disconnect","Go for the Eyes"],"picked":"Gash","floor":31},{"not_picked":["strawberrySpire:NeonFlight+1","Darkness+1","Hologram+1"],"picked":"SKIP","floor":32}],"player_experience":177981,"relics_obtained":[{"floor":6.0,"key":"Oddly Smooth Stone"},{"floor":9.0,"key":"Gambling Chip"},{"floor":24.0,"key":"DemoMod:Relodestone"}],"event_choices":[{"damage_healed":0.0,"max_hp_gain":0.0,"max_hp_loss":0.0,"gold_gain":0.0,"event_name":"Big Fish","player_choice":"Box","floor":4.0,"gold_loss":0.0,"damage_taken":0.0,"relics_obtained":["Anchor"],"cards_obtained":["Regret"]},{"damage_healed":0.0,"max_hp_gain":0.0,"max_hp_loss":0.0,"gold_gain":0.0,"event_name":"Living Wall","player_choice":"Grow","floor":11.0,"gold_loss":0.0,"damage_taken":0.0,"cards_upgraded":["Conserve Battery"]},{"damage_healed":0.0,"max_hp_gain":0.0,"max_hp_loss":0.0,"gold_gain":0.0,"event_name":"Vampires","player_choice":"Ignored","floor":19.0,"gold_loss":0.0,"damage_taken":0.0},{"damage_healed":0.0,"max_hp_gain":0.0,"max_hp_loss":0.0,"gold_gain":0.0,"event_name":"Addict","player_choice":"Obtained Relic","floor":25.0,"gold_loss":85.0,"damage_taken":0.0,"relics_obtained":["Calipers"]}],"is_beta":false,"boss_relics":[{"not_picked":["conspire:SlowCooker","strawberrySpire:JuiceKeg"],"picked":"Nuclear Battery"}],"items_purged_floors":[0,20],"is_endless":false,"potions_floor_spawned":[6,12,14,18,21,32],"killed_by":"DemoMod:ResourcefulRat","ascension_level":3}}