{"host":"ujyomg7d1f18u2we","time":1614296808,"event":{"mods":["AchievementEnabler","AlwaysNeverKeys","Aspiration","BaseMod","Colored Map","DeckTracker","Gremlin Skip","Highlight Path","Hubris","Minty Spire (QoL Compilation)","Quick Restart","Random Character Button","StSLib"],"gold_per_floor":[114,114,114,133,58,92,92,92,125,125,151,78,113,113,211,261,273,121,121,156,156,183,214,59,84,112,112,146,146,172,172,276,276,290,302,317,317,119,119,151,151,151,151,113,140,140,158,158,158,158,158,8,38,38],"floor_reached":56,"language":"ENG","playtime":1287,"items_purged":["Pain","Underhanded Strike+1"],"score":1639,"play_id":"39b4739d-793b-4f04-9ffb-8557d8ec78a6","local_time":"20210225204648","daily_mods":["Draft","Colorless Cards","Heirloom","Flight","DeadlyEvents","Elite Swarm"],"is_ascension_mode":false,"campfire_choices":[{"data":"Terror","floor":8,"key":"SMITH"},{"floor":11,"key":"REST"},{"data":"Accuracy","floor":15,"key":"SMITH"},{"data":"After Image","floor":28,"key":"SMITH"},{"floor":30,"key":"REST"},{"floor":32,"key":"DIG"},{"floor":40,"key":"DIG"},{"floor":42,"key":"DIG"},{"floor":44,"key":"DIG"},{"floor":47,"key":"DIG"},{"floor":49,"key":"DIG"},{"floor":52,"key":"DIG"}],"circlet_count":0,"master_deck":["Flying Knee+1","Blade Dance+1","Blade Dance","Dagger Spray","Cloak And Dagger+1","hubris:Sniper","Backstab","Discovery","Caltrops","Deflect","Blade Dance","Terror+1","Dagger Spray","Backstab","Panache+1","Accuracy+1","After Image+1","All Out Attack","Cloak And Dagger+1","Venomology+1","Apotheosis+1","Blade Dance+1","Accuracy","Blade Dance+1"],"relics":["Ring of the Snake","hubris:Teleporter","MealTicket","WarpedTongs","hubris:SphereOfDissonance","hubris:Reverence","Whetstone","Mercury Hourglass","Toxic Egg 2","Tiny House","Vajra","Mango","Smiling Mask","Boot","Membership Card","Anchor","War Paint","Happy Flower","Shovel","Lantern","SlaversCollar","Snake Skull","Turnip","Unceasing Top","Toy Ornithopter","hubris:TenFootPole","aspiration:StickyExplosives_weak","aspiration:ChemicalBlood","Orichalcum","Bag of Preparation","hubris:SlimyHat","Pantograph","Medical Kit","Bronze Scales","White Beast Statue"],"acts_visited":["Exordium","TheCity","TheBeyond","TheEnding"],"potions_floor_usage":[16,17,31,33,36,36,37,41,50,50,50,55,55,55,55],"damage_taken":[{"damage":0,"enemies":"2 Louse","floor":1,"turns":1},{"damage":0,"enemies":"Small Slimes","floor":5,"turns":1},{"damage":23,"enemies":"Lagavulin","floor":7,"turns":4},{"damage":9,"enemies":"3 Sentries","floor":10,"turns":3},{"damage":0,"enemies":"Gremlin Nob","floor":12,"turns":2},{"damage":0,"enemies":"Lagavulin","floor":14,"turns":2},{"damage":34,"enemies":"The Guardian","floor":16,"turns":3},{"damage":0,"enemies":"2 Thieves","floor":18,"turns":2},{"damage":14,"enemies":"Gremlin Leader","floor":21,"turns":3},{"damage":2,"enemies":"Book of Stabbing","floor":23,"turns":2},{"damage":7,"enemies":"Slavers","floor":24,"turns":3},{"damage":0,"enemies":"Gremlin Leader","floor":27,"turns":2},{"damage":0,"enemies":"Slavers","floor":29,"turns":2},{"damage":0,"enemies":"Book of Stabbing","floor":31,"turns":2},{"damage":19,"enemies":"Collector","floor":33,"turns":4},{"damage":0,"enemies":"Orb Walker","floor":35,"turns":2},{"damage":1,"enemies":"3 Shapes","floor":36,"turns":3},{"damage":0,"enemies":"Transient","floor":37,"turns":5},{"damage":1,"enemies":"Reptomancer","floor":41,"turns":4},{"damage":0,"enemies":"Nemesis","floor":46,"turns":1},{"damage":0,"enemies":"Spire Growth","floor":48,"turns":2},{"damage":14,"enemies":"Awakened One","floor":50,"turns":4},{"damage":0,"enemies":"Shield and Spear","floor":54,"turns":3},{"damage":71,"enemies":"The Heart","floor":55,"turns":4}],"seed_played":"-8051104648629406167","potions_obtained":[{"floor":7,"key":"PowerPotion"},{"floor":10,"key":"Dexterity Potion"},{"floor":17,"key":"Fruit Juice"},{"floor":24,"key":"BlessingOfTheForge"},{"floor":27,"key":"Fire Potion"},{"floor":35,"key":"Poison Potion"},{"floor":36,"key":"BlessingOfTheForge"}],"is_trial":true,"path_per_floor":["M","?","?","M","$","E","R","T","E","R","E","$","E","R","B",null,"M","$","?","E","?","E","E","$","T","E","R","E","R","E","R","B",null,"M","M","M","T","$","R","E","R","T","R","$","E","R","M","R","B",null,"R","$","E","B",null],"character_chosen":"THE_SILENT","items_purchased":["Accuracy","Vajra","Membership Card","Turnip","Accuracy","Medical Kit","Bronze Scales"],"campfire_rested":2,"item_purchase_floors":[13,19,25,39,45,53,53],"current_hp_per_floor":[70,63,63,63,70,47,47,47,38,59,59,70,70,70,36,80,80,80,80,80,80,78,71,86,86,86,86,86,94,94,94,75,94,94,93,93,93,94,94,93,93,93,93,94,94,94,94,94,85,94,94,94,94,33],"gold":38,"neow_bonus":"","is_daily":false,"chose_seed":false,"campfire_upgraded":3,"win_rate":0.0,"timestamp":1614296808,"path_taken":["M","?","?","?","$","E","R","T","E","R","?","$","E","R","BOSS","M","$","?","?","?","E","?","$","T","E","R","E","R","?","R","BOSS","M","?","?","?","$","R","E","R","T","R","$","E","R","M","R","BOSS","R","$","E","BOSS"],"items_purchased_type":["Card","Relic","Relic","Relic","Card","Relic","Relic"],"build_version":"2020-12-22","purchased_purges":2,"victory":true,"max_hp_per_floor":[70,70,70,70,70,70,70,70,70,70,70,70,70,70,70,80,80,80,80,94,94,94,94,94,94,94,94,94,94,94,94,94,94,94,94,94,94,94,94,94,94,94,94,94,94,94,94,94,94,94,94,94,94,94],"card_choices":[{"not_picked":["Deadly Poison","Backflip"],"picked":"Flying Knee","floor":0},{"not_picked":["Masterful Stab","Acrobatics"],"picked":"Blade Dance","floor":0},{"not_picked":["Prepared","Dagger Throw"],"picked":"Blade Dance","floor":0},{"not_picked":["Deep Breath","Acrobatics"],"picked":"Dagger Spray","floor":0},{"not_picked":["hubris:TrickCloak","Poisoned Stab"],"picked":"Tactician","floor":0},{"not_picked":["Poisoned Stab","Flash of Steel"],"picked":"Cloak And Dagger","floor":0},{"not_picked":["Acrobatics","Underhanded Strike"],"picked":"hubris:Sniper","floor":0},{"not_picked":["Flying Knee","Caltrops"],"picked":"Backstab","floor":0},{"not_picked":["Quick Slash","Bane"],"picked":"Discovery","floor":0},{"not_picked":["Backflip","Dash"],"picked":"Caltrops","floor":0},{"not_picked":["Backflip","hubris:SlightOfHand"],"picked":"Deflect","floor":0},{"not_picked":["Quick Slash","Masterful Stab"],"picked":"Underhanded Strike","floor":0},{"not_picked":["Crippling Poison","Expertise"],"picked":"Blade Dance","floor":0},{"not_picked":["Acrobatics","Sucker Punch"],"picked":"Terror","floor":0},{"not_picked":["Catalyst","Quick Slash"],"picked":"Dagger Spray","floor":0},{"not_picked":["Deadly Poison","Poisoned Stab"],"picked":"Backstab","floor":1},{"not_picked":["Acrobatics","Bane","Noxious Fumes"],"picked":"SKIP","floor":5},{"not_picked":["hubris:EnhanceAbility","Violence","Storm of Steel"],"picked":"SKIP","floor":7},{"not_picked":["hubris:EnhanceAbility","Mayhem","Doppelganger"],"picked":"SKIP","floor":10},{"not_picked":["Tools of the Trade","Violence"],"picked":"Panache","floor":12},{"not_picked":["Adrenaline+1","Metamorphosis+1"],"picked":"After Image","floor":14},{"not_picked":["Bane","Outmaneuver+1"],"picked":"All Out Attack","floor":17},{"not_picked":["Flying Knee","Deadly Poison+1"],"picked":"Cloak And Dagger+1","floor":18},{"not_picked":["Corpse Explosion+1","Storm of Steel+1","The Bomb+1"],"picked":"SKIP","floor":21},{"not_picked":["A Thousand Cuts","Master of Strategy+1","Unload"],"picked":"SKIP","floor":23},{"not_picked":["Grand Finale","Storm of Steel+1"],"picked":"Venomology+1","floor":24},{"not_picked":["Secret Technique+1","Doppelganger+1","Bullet Time+1"],"picked":"SKIP","floor":27},{"not_picked":["A Thousand Cuts","HandOfGreed"],"picked":"Apotheosis+1","floor":29},{"not_picked":["Mayhem","Envenom","Wraith Form v2"],"picked":"SKIP","floor":31},{"not_picked":["Backflip+1","Sucker Punch"],"picked":"Blade Dance+1","floor":35},{"not_picked":["hubris:SlightOfHand+1","Underhanded Strike+1","Madness+1"],"picked":"SKIP","floor":36},{"not_picked":["Bane+1","Deflect+1","Deadly Poison+1"],"picked":"SKIP","floor":37},{"not_picked":["Chrysalis+1","Glass Knife","Magnetism"],"picked":"SKIP","floor":41},{"not_picked":["Storm of Steel+1","Envenom","Apotheosis+1"],"picked":"SKIP","floor":46},{"not_picked":["Dagger Spray+1","Leg Sweep+1"],"picked":"Blade Dance+1","floor":48},{"not_picked":["hubris:EnhanceAbility","Glass Knife","Night Terror+1"],"picked":"SKIP","floor":54}],"player_experience":1594280,"relics_obtained":[{"floor":7,"key":"hubris:SphereOfDissonance"},{"floor":9,"key":"hubris:Reverence"},{"floor":10,"key":"Whetstone"},{"floor":12,"key":"Mercury Hourglass"},{"floor":14,"key":"Toxic Egg 2"},{"floor":21,"key":"Mango"},{"floor":23,"key":"Smiling Mask"},{"floor":24,"key":"Boot"},{"floor":26,"key":"Anchor"},{"floor":27,"key":"War Paint"},{"floor":29,"key":"Happy Flower"},{"floor":31,"key":"Shovel"},{"floor":32,"key":"Lantern"},{"floor":38,"key":"Snake Skull"},{"floor":40,"key":"Unceasing Top"},{"floor":41,"key":"Toy Ornithopter"},{"floor":42,"key":"hubris:TenFootPole"},{"floor":43,"key":"aspiration:StickyExplosives_weak"},{"floor":44,"key":"aspiration:ChemicalBlood"},{"floor":46,"key":"Orichalcum"},{"floor":47,"key":"Bag of Preparation"},{"floor":49,"key":"hubris:SlimyHat"},{"floor":52,"key":"Pantograph"},{"floor":54,"key":"White Beast Statue"}],"event_choices":[{"damage_healed":0,"gold_gain":0,"player_choice":"Success","damage_taken":7,"relics_obtained":["MealTicket"],"max_hp_gain":0,"max_hp_loss":0,"event_name":"Scrap Ooze","floor":2,"gold_loss":0},{"damage_healed":0,"gold_gain":0,"player_choice":"Rummage","damage_taken":0,"relics_obtained":["WarpedTongs"],"max_hp_gain":0,"max_hp_loss":0,"event_name":"Accursed Blacksmith","floor":3,"gold_loss":0,"cards_obtained":["Pain"]},{"cards_removed":["Tactician"],"damage_healed":0,"gold_gain":0,"player_choice":"Purged","damage_taken":0,"max_hp_gain":0,"max_hp_loss":0,"event_name":"Purifier","floor":20,"gold_loss":0}],"is_beta":false,"boss_relics":[{"not_picked":["Ring of the Serpent","Sozu"],"picked":"Tiny House"},{"not_picked":["Astrolabe","Empty Cage"],"picked":"SlaversCollar"}],"items_purged_floors":[6,39],"is_endless":false,"potions_floor_spawned":[7,10,24,27,29,35,36,46],"ascension_level":0}}