{"host":"6ggzka4dag2kvku2","time":1614243285,"event":{"mods":["AchievementEnabler","BaseMod","DeckTracker","Minty Spire (QoL Compilation)","Permanent Neow","Quick Restart","SuperFastMode"],"gold_per_floor":[114,134,10,20,20,20,20,46,46,63,73,73,105,105,105,207,207,222,239,239,258,258,258,258],"floor_reached":23,"language":"KOR","playtime":831,"items_purged":["Writhe"],"score":241,"play_id":"4792c0c9-e663-46c5-8229-c1e8fef45338","local_time":"20210225175445","is_ascension_mode":true,"campfire_choices":[{"data":"Consume","floor":6,"key":"SMITH"},{"data":"Electrodynamics","floor":12,"key":"SMITH"},{"floor":15,"key":"REST"}],"circlet_count":0,"master_deck":["Zap","Dualcast+1","Electrodynamics+1","Consume+1","Steam","Cold Snap","Blizzard","Conserve Battery","Echo Form+1","Creative AI+1","Chill","Capacitor+1","Fission","Heatsinks+1","All For One","Coolheaded","Skim","Fusion","Multi-Cast","Conserve Battery","Stack+1","Recycle"],"relics":["Cracked Core","Eternal Feather","Frozen Egg 2","InkBottle","Pandora\u0027s Box"],"acts_visited":["Exordium","TheCity"],"potions_floor_usage":[8,10,19,21],"damage_taken":[{"damage":0,"enemies":"Small Slimes","floor":1,"turns":3},{"damage":2,"enemies":"Jaw Worm","floor":2,"turns":3},{"damage":1,"enemies":"Cultist","floor":4,"turns":3},{"damage":12,"enemies":"Gremlin Nob","floor":8,"turns":3},{"damage":0,"enemies":"Large Slime","floor":10,"turns":3},{"damage":18,"enemies":"Lots of Slimes","floor":11,"turns":3},{"damage":20,"enemies":"Lagavulin","floor":13,"turns":5},{"damage":18,"enemies":"The Guardian","floor":16,"turns":13},{"damage":10,"enemies":"Chosen","floor":18,"turns":7},{"damage":15,"enemies":"2 Thieves","floor":19,"turns":2},{"damage":23,"enemies":"Sentry and Sphere","floor":21,"turns":4},{"damage":30,"enemies":"Book of Stabbing","floor":23,"turns":2}],"seed_played":"3355261686995142145","potions_obtained":[{"floor":2,"key":"ColorlessPotion"},{"floor":4,"key":"Energy Potion"},{"floor":11,"key":"DistilledChaos"},{"floor":13,"key":"AttackPotion"}],"is_trial":false,"path_per_floor":["M","M","$","M","?","R","?","E","T","M","M","R","E","?","R","B",null,"M","M","?","M","?","E"],"character_chosen":"DEFECT","items_purchased":["Coolheaded"],"campfire_rested":1,"item_purchase_floors":[3],"current_hp_per_floor":[75,73,73,72,65,65,50,38,38,38,20,29,9,9,40,22,75,65,50,50,27,27,0,0],"gold":258,"neow_bonus":"THREE_RARE_CARDS","is_daily":false,"chose_seed":false,"campfire_upgraded":2,"win_rate":0.0,"timestamp":1614243285,"path_taken":["M","M","$","M","?","R","?","E","T","M","M","R","E","?","R","BOSS","M","?","?","M","?","E"],"items_purchased_type":["Card"],"build_version":"2020-12-22","purchased_purges":1,"victory":false,"max_hp_per_floor":[75,75,75,75,75,75,75,75,75,75,75,75,75,75,75,75,75,75,75,75,75,75,75,75],"card_choices":[{"not_picked":["Seek","Reboot"],"picked":"Electrodynamics","floor":0},{"not_picked":["Double Energy","Compile Driver"],"picked":"Consume","floor":1},{"not_picked":["Barrage","Go for the Eyes"],"picked":"Steam","floor":2},{"not_picked":["Self Repair","Go for the Eyes"],"picked":"Cold Snap","floor":4},{"not_picked":["Cold Snap","Biased Cognition"],"picked":"Blizzard","floor":8},{"not_picked":["Coolheaded","Redo"],"picked":"Hologram","floor":10},{"not_picked":["Cold Snap","Leap"],"picked":"Conserve Battery","floor":11},{"not_picked":["Barrage","Streamline","Conserve Battery"],"picked":"SKIP","floor":13},{"not_picked":["Buffer+1","Rainbow"],"picked":"Creative AI+1","floor":16},{"not_picked":["Rip and Tear+1","Undo"],"picked":"Skim","floor":18},{"not_picked":["Conserve Battery","Compile Driver"],"picked":"Fusion","floor":19},{"not_picked":["Steam","Hologram"],"picked":"Stack+1","floor":21}],"player_experience":157959,"relics_obtained":[{"floor":8,"key":"Eternal Feather"},{"floor":9,"key":"Frozen Egg 2"},{"floor":13,"key":"InkBottle"}],"event_choices":[{"cards_removed":["Strike_B"],"damage_healed":0,"gold_gain":0,"player_choice":"Card Removal","damage_taken":7,"max_hp_gain":0,"max_hp_loss":0,"event_name":"Golden Wing","floor":5,"gold_loss":0},{"damage_healed":0,"gold_gain":0,"player_choice":"Entered Light","damage_taken":15,"max_hp_gain":0,"max_hp_loss":0,"event_name":"Shining Light","floor":7,"gold_loss":0,"cards_upgraded":["Dualcast","Defend_B"]},{"damage_healed":0,"gold_gain":0,"player_choice":"1 cards matched","damage_taken":0,"max_hp_gain":0,"max_hp_loss":0,"event_name":"Match and Keep!","floor":14,"gold_loss":0,"cards_obtained":["Echo Form"]},{"damage_healed":0,"gold_gain":0,"cards_transformed":["Hologram","Coolheaded"],"player_choice":"Became Test Subject","damage_taken":0,"max_hp_gain":0,"max_hp_loss":0,"event_name":"Drug Dealer","floor":20,"gold_loss":0,"cards_obtained":["Multi-Cast","Conserve Battery"]},{"damage_healed":0,"gold_gain":0,"cards_transformed":["Beam Cell"],"player_choice":"Transformed","damage_taken":0,"max_hp_gain":0,"max_hp_loss":0,"event_name":"Transmorgrifier","floor":22,"gold_loss":0,"cards_obtained":["Recycle"]}],"is_beta":false,"boss_relics":[{"not_picked":["Fusion Hammer","Astrolabe"],"picked":"Pandora\u0027s Box"}],"items_purged_floors":[3],"is_endless":false,"potions_floor_spawned":[2,4,11,13],"killed_by":"Book of Stabbing","ascension_level":4}}