{"host":"Yun Zhang","time":1614253993,"event":{"mods":["BaseMod","Minty Spire (QoL Compilation)","Reimu£®≤©¿ˆ¡È√Œ£©","StSLib"],"gold_per_floor":[411,431,119,137,32,32,58,20,97,97,97,97],"floor_reached":11,"language":"ZHS","playtime":1215,"items_purged":[],"score":75,"play_id":"cfcd05b8-c3b2-4815-bc74-32fab23b21a2","local_time":"20210225195313","is_ascension_mode":true,"campfire_choices":[{"floor":6,"key":"REST"},{"floor":10,"key":"REST"}],"circlet_count":0,"master_deck":["Strike_Lin:ReiMu","Strike_Lin:ReiMu","Strike_Lin:ReiMu","Strike_Lin:ReiMu","Defend_Lin:ReiMu","Defend_Lin:ReiMu","Defend_Lin:ReiMu","Defend_Lin:ReiMu","NB:ReiMu","Stagnation:ReiMu","SubcavityInstant:ReiMu","CollectionFlower2:ReiMu","OrbThrow:ReiMu","SpringWay:ReiMu","Gathering:ReiMu","KamiSacrifice:ReiMu","LovePray:ReiMu"],"relics":["FlyPower:ReiMu","Old Coin","Lizard Tail","Juzu Bracelet","Bottled Lightning"],"acts_visited":["Exordium"],"potions_floor_usage":[11],"damage_taken":[{"damage":0,"enemies":"Small Slimes","floor":1,"turns":3},{"damage":14,"enemies":"Cultist","floor":2,"turns":6},{"damage":5,"enemies":"2 Louse","floor":4,"turns":4},{"damage":43,"enemies":"Gremlin Nob","floor":7,"turns":6},{"damage":35,"enemies":"3 Sentries","floor":11,"turns":6}],"seed_played":"1482629316562712745","potions_obtained":[{"floor":4,"key":"SkillPotion"},{"floor":7,"key":"Swift Potion"}],"is_trial":false,"path_per_floor":["M","M","$","M","$","R","E","$","T","R","E"],"character_chosen":"REIMU","items_purchased":["OrbThrow:ReiMu","Lizard Tail","Gathering:ReiMu","KamiSacrifice:ReiMu","LovePray:ReiMu"],"campfire_rested":2,"item_purchase_floors":[3,3,5,5,8],"current_hp_per_floor":[47,33,33,28,28,47,4,4,4,23,28,28],"gold":97,"neow_bonus":"ONE_RARE_RELIC","is_daily":false,"chose_seed":false,"campfire_upgraded":0,"win_rate":0.0,"timestamp":1614253993,"path_taken":["M","M","$","M","$","R","E","$","T","R","E"],"items_purchased_type":["Card","Relic","Card","Card","Card"],"build_version":"2020-12-18","purchased_purges":0,"victory":false,"max_hp_per_floor":[65,65,65,65,65,65,65,65,65,65,65,65],"card_choices":[{"not_picked":["SpringWay:ReiMu","TightArray:ReiMu"],"picked":"SubcavityInstant:ReiMu","floor":1},{"not_picked":["SpringWay:ReiMu","OrbThrow:ReiMu"],"picked":"CollectionFlower2:ReiMu","floor":2},{"not_picked":["OrbThrow:ReiMu","SafetyPray:ReiMu"],"picked":"SpringWay:ReiMu","floor":4},{"not_picked":["RainPray2:ReiMu","Revelation:ReiMu","Enchanting:ReiMu"],"picked":"SKIP","floor":7}],"player_experience":326136,"relics_obtained":[{"floor":7,"key":"Juzu Bracelet"},{"floor":9,"key":"Bottled Lightning"}],"event_choices":[],"is_beta":true,"boss_relics":[],"items_purged_floors":[],"is_endless":false,"potions_floor_spawned":[4,7],"killed_by":"3 Sentries","ascension_level":1}}