{"host":"a4if3i6bxi7381ve","time":1614294547,"event":{"mods":["BaseMod","Better Third Choice","Bossed Relics","Colored Powertips","Minty Spire (QoL Compilation)","Permanent Neow","Rare Cards Sparkle","Relic Stats","Shop Mod","StSLib"],"gold_per_floor":[109,109,120,137,137,137,52,67,140,140,154,154,165,196,196,300,300,315,315,330,330,330],"floor_reached":21,"language":"ENG","playtime":1482,"items_purged":[],"score":231,"play_id":"1076c78b-5858-481e-aadb-ee346939e99c","local_time":"20210226000907","is_ascension_mode":false,"campfire_choices":[{"data":"Blur","floor":6,"key":"SMITH"},{"floor":10,"key":"REST"},{"floor":12,"key":"REST"},{"floor":15,"key":"REST"}],"circlet_count":0,"master_deck":["Strike_G","Strike_G","Strike_G","Strike_G","Defend_G","Defend_G","Defend_G","Defend_G","Defend_G","Survivor","Neutralize","Bullet Time","Cloak And Dagger","Blur+1","Bane","Discovery","Backstab","Caltrops","Deadly Poison","Crippling Poison","Poisoned Stab","Slice","Strike_G","Quick Slash"],"relics":["Ring of the Snake","InkBottle","Dream Catcher","WristBlade"],"acts_visited":["Exordium","TheCity"],"potions_floor_usage":[16,16,16],"damage_taken":[{"damage":0,"enemies":"2 Louse","floor":1,"turns":3},{"damage":0,"enemies":"Small Slimes","floor":3,"turns":5},{"damage":0,"enemies":"Cultist","floor":4,"turns":7},{"damage":1,"enemies":"Blue Slaver","floor":8,"turns":6},{"damage":25,"enemies":"Gremlin Gang","floor":11,"turns":7},{"damage":9,"enemies":"Exordium Thugs","floor":13,"turns":6},{"damage":28,"enemies":"Gremlin Nob","floor":14,"turns":4},{"damage":0,"enemies":"Hexaghost","floor":16,"turns":9},{"damage":37,"enemies":"2 Thieves","floor":18,"turns":4},{"damage":15,"enemies":"Shell Parasite","floor":20,"turns":4},{"damage":21,"enemies":"Snake Plant","floor":21,"turns":2}],"seed_played":"3113137941967381919","potions_obtained":[{"floor":1,"key":"CunningPotion"},{"floor":3,"key":"DistilledChaos"},{"floor":4,"key":"LiquidMemories"},{"floor":11,"key":"PowerPotion"},{"floor":18,"key":"BlessingOfTheForge"}],"is_trial":false,"path_per_floor":["M","?","M","M","?","R","$","M","T","R","M","R","M","E","R","B",null,"M","?","M","M"],"character_chosen":"THE_SILENT","items_purchased":["Discovery"],"campfire_rested":3,"item_purchase_floors":[7],"current_hp_per_floor":[70,70,70,70,70,70,70,69,69,70,45,66,57,29,50,50,70,33,33,18,0,0],"gold":330,"neow_bonus":"ONE_RANDOM_RARE_CARD","is_daily":false,"chose_seed":false,"campfire_upgraded":1,"win_rate":0.0,"timestamp":1614294547,"path_taken":["M","?","M","M","?","R","$","M","T","R","M","R","?","E","R","BOSS","M","?","M","M"],"items_purchased_type":["Card"],"build_version":"2020-12-22","purchased_purges":0,"victory":false,"max_hp_per_floor":[70,70,70,70,70,70,70,70,70,70,70,70,70,70,70,70,70,70,70,70,70,70],"relic_stats":{"Dream Catcher":1,"counters":[11,57],"obtain_stats":[{"Dream Catcher":14,"WristBlade":17,"InkBottle":9,"Ring of the Snake":0},{"Dream Catcher":7,"WristBlade":8,"InkBottle":4,"Ring of the Snake":0},{"Dream Catcher":38,"WristBlade":47,"InkBottle":21,"Ring of the Snake":0}],"InkBottle":[12],"Ring of the Snake":[22]},"card_choices":[{"not_picked":["Riddle With Holes","Tactician"],"picked":"Cloak And Dagger","floor":1},{"not_picked":["Dodge and Roll","Heel Hook"],"picked":"Blur","floor":3},{"not_picked":["Reflex","Tactician"],"picked":"Bane","floor":4},{"not_picked":["Backflip","Endless Agony"],"picked":"Backstab","floor":8},{"not_picked":["Quick Slash","Acrobatics"],"picked":"Caltrops","floor":11},{"not_picked":["Bane","Acrobatics"],"picked":"Deadly Poison","floor":13},{"not_picked":["Predator","Die Die Die"],"picked":"Crippling Poison","floor":14},{"not_picked":["Accuracy","Blade Dance"],"picked":"Poisoned Stab","floor":15},{"not_picked":["Phantasmal Killer","Burst"],"picked":"Corpse Explosion","floor":16},{"not_picked":["Blade Dance","Prepared"],"picked":"Slice","floor":18},{"not_picked":["Well Laid Plans","Dagger Throw"],"picked":"Quick Slash","floor":20}],"player_experience":219433,"relics_obtained":[{"floor":9,"key":"InkBottle"},{"floor":14,"key":"Dream Catcher"}],"event_choices":[{"damage_healed":0,"gold_gain":0,"player_choice":"Ignored","damage_taken":109,"max_hp_gain":0,"max_hp_loss":0,"event_name":"betterThird:BetterSerpent","floor":2,"gold_loss":0},{"cards_removed":["Strike_G"],"damage_healed":0,"gold_gain":0,"player_choice":"Offered Basic","damage_taken":0,"max_hp_gain":0,"max_hp_loss":0,"event_name":"Bonfire Elementals","floor":5,"gold_loss":0},{"cards_removed":["Corpse Explosion"],"damage_healed":0,"gold_gain":0,"player_choice":"Took Card","damage_taken":0,"max_hp_gain":0,"max_hp_loss":0,"event_name":"NoteForYourself","floor":19,"gold_loss":0,"cards_obtained":["Strike_G"]}],"is_beta":false,"boss_relics":[{"not_picked":["HoveringKite","Runic Dome"],"picked":"WristBlade"}],"items_purged_floors":[],"is_endless":false,"potions_floor_spawned":[1,3,4,11,18],"killed_by":"Snake Plant","ascension_level":0}}