{"host":"13o02hya6v6rzuva","time":1614248056,"event":{"mods":["BaseMod","Minty Spire (QoL Compilation)","Relic Stats"],"gold_per_floor":[115,115,125,38,56,84,84,99,99,99,99],"floor_reached":10,"language":"ENG","playtime":170,"items_purged":[],"score":109,"play_id":"2be6f5f7-d71a-4bf3-9f34-a86ddc4dc1fa","local_time":"20210225111416","is_ascension_mode":true,"campfire_choices":[],"circlet_count":0,"master_deck":["AscendersBane","Strike_B","Strike_B","Strike_B","Strike_B","Defend_B","Defend_B","Defend_B","Defend_B","Zap","Dualcast","Defragment","Streamline","Dramatic Entrance","Streamline","Go for the Eyes","Storm"],"relics":["Cracked Core","NeowsBlessing","GremlinMask","Eternal Feather","Bird Faced Urn","Torii"],"acts_visited":["Exordium"],"potions_floor_usage":[6],"damage_taken":[{"damage":0,"enemies":"Small Slimes","floor":1,"turns":1},{"damage":0,"enemies":"Cultist","floor":3,"turns":1},{"damage":0,"enemies":"Jaw Worm","floor":5,"turns":1},{"damage":28,"enemies":"Lagavulin","floor":6,"turns":5},{"damage":11,"enemies":"Blue Slaver","floor":8,"turns":3},{"damage":25,"enemies":"Gremlin Nob","floor":10,"turns":3}],"seed_played":"-2553269979934467886","potions_obtained":[{"floor":3,"key":"Block Potion"}],"is_trial":false,"path_per_floor":["M","?","M","$","M","E","?","M","T","E"],"character_chosen":"DEFECT","items_purchased":["Dramatic Entrance"],"campfire_rested":0,"item_purchase_floors":[4],"current_hp_per_floor":[68,68,68,68,68,40,33,24,24,0,0],"gold":99,"neow_bonus":"THREE_ENEMY_KILL","is_daily":false,"chose_seed":false,"campfire_upgraded":0,"win_rate":0.0,"timestamp":1614248056,"path_taken":["M","?","?","$","?","E","?","M","T","E"],"items_purchased_type":["Card"],"build_version":"2020-12-22","purchased_purges":0,"victory":false,"max_hp_per_floor":[75,75,75,75,75,75,75,75,75,75,75],"relic_stats":{"Torii":0,"counters":[6,14],"Bird Faced Urn":[2],"Eternal Feather":0,"obtain_stats":[{"NeowsBlessing":0,"Torii":9,"Bird Faced Urn":7,"GremlinMask":2,"Eternal Feather":6,"Cracked Core":0},{"NeowsBlessing":0,"Torii":5,"Bird Faced Urn":4,"GremlinMask":1,"Eternal Feather":4,"Cracked Core":0},{"NeowsBlessing":0,"Torii":11,"Bird Faced Urn":8,"GremlinMask":1,"Eternal Feather":8,"Cracked Core":0}]},"card_choices":[{"not_picked":["Steam","Self Repair"],"picked":"Defragment","floor":1},{"not_picked":["Aggregate","Darkness"],"picked":"Streamline","floor":3},{"not_picked":["Buffer","Force Field"],"picked":"Streamline","floor":5},{"not_picked":["Beam Cell","Recycle"],"picked":"Go for the Eyes","floor":6},{"not_picked":["Reinforced Body","Go for the Eyes"],"picked":"Storm","floor":8}],"player_experience":1270711,"relics_obtained":[{"floor":6,"key":"Eternal Feather"},{"floor":9,"key":"Torii"}],"event_choices":[{"damage_healed":0,"gold_gain":0,"player_choice":"Trade","damage_taken":0,"relics_obtained":["GremlinMask"],"max_hp_gain":0,"max_hp_loss":0,"event_name":"FaceTrader","floor":2,"gold_loss":0},{"damage_healed":0,"gold_gain":0,"player_choice":"Success","damage_taken":7,"relics_obtained":["Bird Faced Urn"],"max_hp_gain":0,"max_hp_loss":0,"event_name":"Scrap Ooze","floor":7,"gold_loss":0}],"is_beta":false,"boss_relics":[],"items_purged_floors":[],"is_endless":false,"potions_floor_spawned":[3],"killed_by":"Gremlin Nob","ascension_level":12}}