{"host":"bakf0s4odzu8z5xt","time":1614237492,"event":{"mods":["2.2 Compatiblity","BaseMod","Downfall","Friendly Minions","Minty Spire (QoL Compilation)","StSLib"],"gold_per_floor":[99,110,20,20,39,24,24,24,38,38,48,80,95,110,122,221,221,121,139,149,6,6,34,60,72,119,151,164,164,164,164,175,274,274,174,187,204,218,236,262,274,286,318,141,141,141,41,56,69,69,69,104,31,31,31,31],"floor_reached":57,"language":"ENG","playtime":5412,"items_purged":["Guardian:Strike_Guardian","Guardian:Strike_Guardian"],"score":1685,"play_id":"3c451033-e3f3-4bfe-8ad1-baef76a37fd5","local_time":"20210224231812","is_ascension_mode":true,"campfire_choices":[{"data":"Guardian:TwinSlam","floor":1.0,"key":"SMITH"},{"data":"Guardian:CurlUp","floor":8.0,"key":"SMITH"},{"data":"Guardian:BodySlam","floor":10.0,"key":"SMITH"},{"floor":18.0,"key":"RECALL"},{"data":"Guardian:Defend_Guardian","floor":35,"key":"PURGE"},{"data":"Pain","floor":47,"key":"PURGE"},{"data":"downfall:Aged","floor":54,"key":"PURGE"}],"circlet_count":0,"master_deck":["Guardian:Defend_Guardian","Guardian:Defend_Guardian","Guardian:Defend_Guardian","Guardian:CurlUp+1","Guardian:TwinSlam+1","Guardian:BodySlam+1","Guardian:ChargeUp","Guardian:ShieldCharger","Guardian:TemporalStrike","Guardian:Recover+1","Guardian:PiercingHide+1","Guardian:Suspension+1","Guardian:SphericShield+1","Guardian:TemporalShield+1","Guardian:EvasiveProtocol","Guardian:ConstructionForm","Guardian:Orbwalk+1","Guardian:Recover+1","Guardian:FastForward+1","Guardian:PolyBeam","Guardian:ShieldSpikes+1","Guardian:WalkerClaw","Guardian:BronzeOrb+1","Guardian:FloatingOrbs","Guardian:PolyBeam+1","Guardian:Recover+1"],"relics":["Guardian:ModeShifter","Bag of Preparation","Toxic Egg 2","bronze:BronzeIdol","Cursed Key","downfall:HeartBlessingGreen","Peace Pipe","Bronze Scales","Slimebound:StickyStick","Lizard Tail","sneckomod:SneckoTalon","downfall:HeartBlessingRed","MawBank","WarpedTongs","Anchor","downfall:HeartBlessingBlue","Boot"],"acts_visited":["Exordium","TheCity","TheBeyond","TheEnding"],"potions_floor_usage":[40,40,40,40,50,55,56,56],"damage_taken":[{"damage":2.0,"enemies":"Jaw Worm","floor":2.0,"turns":3.0},{"damage":5.0,"enemies":"downfall:FleeingMerchant","floor":3.0,"turns":4.0},{"damage":0.0,"enemies":"Cultist","floor":5.0,"turns":3.0},{"damage":0.0,"enemies":"downfall:FleeingMerchant","floor":6.0,"turns":4.0},{"damage":0.0,"enemies":"2 Louse","floor":9.0,"turns":2.0},{"damage":0.0,"enemies":"downfall:LooterAlt","floor":11.0,"turns":3.0},{"damage":2.0,"enemies":"3 Sentries","floor":12.0,"turns":6.0},{"damage":0.0,"enemies":"Large Slime","floor":13.0,"turns":3.0},{"damage":0.0,"enemies":"2 Fungi Beasts","floor":14.0,"turns":3.0},{"damage":0.0,"enemies":"Exordium Thugs","floor":15.0,"turns":5.0},{"damage":0.0,"enemies":"SI_SHIV_ARCHETYPE","floor":16.0,"turns":5.0},{"damage":3.0,"enemies":"3 Byrds","floor":19.0,"turns":4.0},{"damage":0.0,"enemies":"Spheric Guardian","floor":20.0,"turns":3.0},{"damage":0.0,"enemies":"downfall:FleeingMerchant","floor":21.0,"turns":4.0},{"damage":0.0,"enemies":"Book of Stabbing","floor":23.0,"turns":4.0},{"damage":0.0,"enemies":"Shelled Parasite and Fungi","floor":25.0,"turns":6.0},{"damage":0.0,"enemies":"downfall:FleeingMerchant","floor":26.0,"turns":4.0},{"damage":0.0,"enemies":"Gremlin Leader","floor":27.0,"turns":7.0},{"damage":0.0,"enemies":"3 Cultists","floor":28.0,"turns":6.0},{"damage":0.0,"enemies":"Snake Plant","floor":32.0,"turns":2.0},{"damage":0.0,"enemies":"IC_MUSHROOM_ARCHETYPE","floor":33.0,"turns":7.0},{"damage":0,"enemies":"Orb Walker","floor":36,"turns":2},{"damage":0,"enemies":"3 Shapes","floor":37,"turns":4},{"damage":0,"enemies":"3 Darklings","floor":38,"turns":5},{"damage":0,"enemies":"Sphere and 2 Shapes","floor":39,"turns":4},{"damage":0,"enemies":"Giant Head","floor":40,"turns":4},{"damage":2,"enemies":"Spire Growth","floor":43,"turns":4},{"damage":0,"enemies":"4 Shapes","floor":48,"turns":5},{"damage":0,"enemies":"Jaw Worm Horde","floor":49,"turns":3},{"damage":11,"enemies":"DF_ARCHETYPE_ORBS","floor":50,"turns":8},{"damage":0,"enemies":"downfall:CharBossMerchant","floor":52,"turns":7},{"damage":0,"enemies":"downfall:NeowBoss","floor":55,"turns":10},{"damage":82,"enemies":"downfall:NeowBossFinal","floor":56,"turns":11}],"seed_played":"2264499098395697731","potions_obtained":[{"floor":2.0,"key":"DistilledChaos"},{"floor":4.0,"key":"ColorlessPotion"},{"floor":4.0,"key":"CultistPotion"},{"floor":5.0,"key":"DistilledChaos"},{"floor":9.0,"key":"Swift Potion"},{"floor":12.0,"key":"AttackPotion"},{"floor":14.0,"key":"EntropicBrew"},{"floor":19.0,"key":"Weak Potion"},{"floor":25.0,"key":"CultistPotion"},{"floor":27.0,"key":"Guardian:DefensiveModePotion"},{"floor":28.0,"key":"EntropicBrew"},{"floor":32.0,"key":"Guardian:AcceleratePotion"},{"floor":40,"key":"Swift Potion"}],"is_trial":false,"path_per_floor":["R","M","$","?","M","$","T","R","M","R","M","E","M","M","M","B",null,"R","M","M","$","?","E","T","M","$","E","M","?","?","?","M","B",null,"R","M","M","M","M","E","T","?","M","$","?","?","R","M","M","B",null,"E","$","R","B","B",null],"character_chosen":"GUARDIAN","items_purchased":["Guardian:EvasiveProtocol","Guardian:AcceleratePotion","Slimebound:StickyStick","Guardian:Recover+1","Anchor","Guardian:FloatingOrbs","DistilledChaos"],"campfire_rested":0,"item_purchase_floors":[21,21,26,26,44,44,53],"current_hp_per_floor":[80,78,73,73,73,73,73,73,73,73,73,71,71,71,71,71,78,78,75,75,75,75,75,75,75,75,75,75,75,75,75,75,75,79,79,79,79,79,79,79,79,79,77,77,77,77,87,87,87,76,87,87,87,87,87,5],"gold":31,"neow_bonus":"RANDOM_COMMON_RELIC","is_daily":false,"chose_seed":false,"campfire_upgraded":3,"win_rate":0.0,"timestamp":1614237492,"path_taken":["R","M","$","?","M","?","T","R","M","R","M","E","M","M","M","BOSS","R","M","M","$","?","E","T","M","$","E","M","?","?","?","M","BOSS","R","M","M","M","M","E","T","?","M","$","?","?","R","M","M","BOSS","E","$","R","BOSS","BOSS"],"items_purchased_type":["Card","Potion","Relic","Card","Relic","Card","Potion"],"build_version":"2020-12-22","purchased_purges":2,"victory":true,"max_hp_per_floor":[80,80,80,80,80,80,80,80,80,80,80,80,80,80,80,80,80,80,80,80,80,80,80,80,80,80,80,80,80,80,80,80,80,80,80,80,80,80,80,80,80,80,80,80,80,80,90,90,90,90,90,90,90,90,90,90],"card_choices":[{"not_picked":["Guardian:Planning","Guardian:ArmoredProtocol"],"picked":"Guardian:BodySlam","floor":2.0},{"not_picked":["Guardian:Incinerate","Guardian:Suspension"],"picked":"Guardian:Gem_Blue","floor":3.0},{"not_picked":["Guardian:Gem_Red","Guardian:PiercingHide"],"picked":"Guardian:ChargeUp","floor":5.0},{"not_picked":["Guardian:Reroute","Guardian:DonusPower"],"picked":"Guardian:ShieldCharger","floor":6.0},{"not_picked":["Guardian:PrimingBeam","Guardian:FuturePlans"],"picked":"Guardian:TemporalStrike","floor":9.0},{"not_picked":["Guardian:StasisEngine","Guardian:SpikerProtocol"],"picked":"Guardian:RollAttack","floor":11.0},{"not_picked":["Guardian:RollAttack","Guardian:Gem_Green"],"picked":"Guardian:Recover+1","floor":12.0},{"not_picked":["Guardian:Incinerate","Guardian:Planning+1"],"picked":"Guardian:PiercingHide+1","floor":13.0},{"not_picked":["Guardian:Repulse","Guardian:PrismaticBeam","Guardian:RollAttack"],"picked":"SKIP","floor":14.0},{"not_picked":["Guardian:Gem_Yellow","Guardian:TemporalStrike"],"picked":"Guardian:Suspension+1","floor":15.0},{"not_picked":["Guardian:Gem_Synthetic","Guardian:FierceBash"],"picked":"Guardian:SphericShield+1","floor":16.0},{"not_picked":["Guardian:TemporalStrike","Guardian:RollAttack","Guardian:Gem_Lightblue"],"picked":"SKIP","floor":19.0},{"not_picked":["Guardian:Incinerate","Guardian:ChargeCore","Guardian:Gem_Green"],"picked":"SKIP","floor":20.0},{"not_picked":["Guardian:ChargeCore+1","Guardian:AncientConstruct"],"picked":"Guardian:TemporalShield+1","floor":21.0},{"not_picked":["Guardian:Emergency+1","Guardian:TimeBomb+1"],"picked":"Guardian:ConstructionForm","floor":23.0},{"not_picked":["Guardian:CrystalBeam","Guardian:Recover+1","Guardian:PrimingBeam"],"picked":"SKIP","floor":25.0},{"not_picked":["Guardian:CrystalBeam","Guardian:Recover+1","Guardian:PrimingBeam"],"picked":"SKIP","floor":25.0},{"not_picked":["Guardian:DecasProtection+1","Guardian:Gem_Fragmented"],"picked":"Guardian:Orbwalk+1","floor":26.0},{"not_picked":["Guardian:TimeBomb+1","Guardian:VentSteam+1","Guardian:CrystalBeam+1"],"picked":"SKIP","floor":27.0},{"not_picked":["Guardian:Gem_Cyan","Guardian:Repulse","Guardian:CrystalBeam"],"picked":"SKIP","floor":28.0},{"not_picked":["Guardian:GatlingBeam","Guardian:Gem_Green"],"picked":"Guardian:PolyBeam","floor":32.0},{"not_picked":["Guardian:Incinerate","Guardian:TemporalStrike+1","Guardian:Suspension+1"],"picked":"SKIP","floor":36},{"not_picked":["Guardian:ShieldCharger+1","Guardian:EvasiveProtocol+1"],"picked":"Guardian:ShieldSpikes+1","floor":37},{"not_picked":["Guardian:Gem_White","Guardian:MultiBeam+1"],"picked":"Guardian:WalkerClaw","floor":38},{"not_picked":["Guardian:Gem_Green","Guardian:PrismaticBarrier+1","Guardian:DonusPower+1"],"picked":"SKIP","floor":39},{"not_picked":["Guardian:VentSteam+1","Guardian:PiercingHide+1"],"picked":"Guardian:BronzeOrb+1","floor":40},{"not_picked":["Guardian:ShieldCharger+1","Guardian:PrimingBeam","Guardian:WalkerClaw"],"picked":"SKIP","floor":43},{"not_picked":["Guardian:Suspension+1","Guardian:Gem_Green"],"picked":"Guardian:PolyBeam+1","floor":48},{"not_picked":["Guardian:TimeBomb+1","Guardian:CrystalBeam+1"],"picked":"Guardian:Gem_Synthetic","floor":49},{"not_picked":["Guardian:PrimingBeam","Guardian:ChargeCore"],"picked":"Guardian:Recover+1","floor":52}],"player_experience":2271883,"relics_obtained":[{"floor":7.0,"key":"Toxic Egg 2"},{"floor":12.0,"key":"bronze:BronzeIdol"},{"floor":23.0,"key":"Peace Pipe"},{"floor":24.0,"key":"Bronze Scales"},{"floor":27.0,"key":"Lizard Tail"},{"floor":40,"key":"MawBank"},{"floor":52,"key":"Boot"}],"event_choices":[{"damage_healed":0.0,"max_hp_gain":0.0,"max_hp_loss":0.0,"gold_gain":0.0,"event_name":"Lab","player_choice":"Got Potions","floor":4.0,"gold_loss":0.0,"damage_taken":0.0},{"damage_healed":0.0,"max_hp_gain":0.0,"max_hp_loss":0.0,"gold_gain":0.0,"event_name":"Vampires","player_choice":"Ignored","floor":22.0,"gold_loss":0.0,"damage_taken":0.0},{"damage_healed":0.0,"max_hp_gain":0.0,"max_hp_loss":0.0,"gold_gain":0.0,"event_name":"Ghosts","player_choice":"Ignored","floor":29.0,"gold_loss":0.0,"damage_taken":0.0},{"damage_healed":0.0,"max_hp_gain":0.0,"max_hp_loss":0.0,"gold_gain":0.0,"cards_transformed":["Guardian:Strike_Guardian","Guardian:Strike_Guardian"],"event_name":"Drug Dealer","player_choice":"Became Test Subject","floor":31.0,"gold_loss":0.0,"damage_taken":0.0,"cards_obtained":["Guardian:Gem_Cyan","Guardian:FastForward"]},{"cards_removed":["Guardian:RollAttack"],"damage_healed":0,"gold_gain":0,"player_choice":"Removed Attack","damage_taken":0,"max_hp_gain":0,"max_hp_loss":0,"event_name":"Falling","floor":46,"gold_loss":0}],"is_beta":false,"boss_relics":[{"not_picked":["Sozu","Tiny House"],"picked":"Cursed Key"},{"not_picked":["Fusion Hammer","Pandora\u0027s Box"],"picked":"sneckomod:SneckoTalon"}],"items_purged_floors":[3,26],"is_endless":false,"potions_floor_spawned":[2,5,9,12,14,16,19,25,27,28,32,36,38,40,48],"ascension_level":5}}