{"host":"flm17o2q7bfjyna6","time":1614280846,"event":{"mods":["2.2 Compatiblity","Act Like it!","BaseMod","Better Altar","Better Match","Better Note","Better Sensory Stone","Better Skull","Better Third Choice","Better Vampires","Colored Map","Colored Powertips","DeckTracker","Downfall","Fox Events","Minty Spire (QoL Compilation)","Quick Restart","Reworked Bosses","Spicy Shops","StSLib","TheSwordswoman","Wandering Minibosses"],"gold_per_floor":[99,109,109,124,574,592,592,603,35,67,67,98,98,128,142,241,241,141,160,160,160,173,199,199,27,27,44,44,72,57,57,72,72,72,72],"floor_reached":33,"language":"ENG","playtime":1545,"items_purged":["downfall:Icky"],"score":391,"play_id":"b55690e9-cca0-4370-bd90-4b8b4e74ff0f","local_time":"20210225142046","is_ascension_mode":true,"campfire_choices":[{"data":"bronze:InfiniteLoop","floor":1,"key":"SMITH"},{"data":"bronze:ItsAFeature","floor":13,"key":"SMITH"},{"floor":18,"key":"RECALL"},{"data":"bronze:Separator","floor":26,"key":"SMITH"},{"data":"bronze:DazingPulse","floor":28,"key":"SMITH"}],"circlet_count":0,"master_deck":["bronze:Strike+1","bronze:Strike","bronze:Strike+1","bronze:Strike","bronze:Defend","bronze:Defend","bronze:Defend","bronze:Defend+1","bronze:Replicate+1","bronze:Goto+1","bronze:InfiniteLoop+1","bronze:Separator+1","bronze:DazingPulse+1","bronze:Explode+1","bronze:DelayedSlice+1","bronze:MaxOutput","downfall:Icky","downfall:Icky","bronze:ChildClass","bronze:CleanCode","Finesse","bronze:ItsAFeature+1","bronze:Repair","downfall:Malfunctioning","bronze:Constructor","bronze:DarkDash","bronze:Iterate","bronze:Format","bronze:Frontload+1","bronze:Fortify+1","bronze:ChildClass","bronze:Boost+1","bronze:DelayedSlice+1","bronze:DelayedSlice+1","bronze:FineTuning","bronze:Frontload+1"],"relics":["bronze:PlatinumCore","CaptainsWheel","Lee\u0027s Waffle","champ:Barbells","Orichalcum","champ:DuelingGlove","PreservedInsect","downfall:HeartBlessingGreen","Turnip","bronze:DonusWashers","Pen Nib"],"acts_visited":["Exordium","TheCity"],"potions_floor_usage":[21,23,30,33,33],"damage_taken":[{"damage":10,"enemies":"Small Slimes","floor":2,"turns":3},{"damage":11,"enemies":"Small Slimes","floor":3,"turns":4},{"damage":4,"enemies":"2 Louse","floor":4,"turns":2},{"damage":0,"enemies":"Jaw Worm","floor":6,"turns":3},{"damage":0,"enemies":"Gremlin Gang","floor":8,"turns":4},{"damage":0,"enemies":"downfall:FleeingMerchant","floor":9,"turns":4},{"damage":16,"enemies":"3 Sentries","floor":10,"turns":4},{"damage":25,"enemies":"Gremlin Nob","floor":12,"turns":5},{"damage":5,"enemies":"Lagavulin","floor":14,"turns":6},{"damage":0,"enemies":"Exordium Wildlife","floor":15,"turns":3},{"damage":2,"enemies":"SI_SHIV_ARCHETYPE","floor":16,"turns":5},{"damage":25,"enemies":"3 Byrds","floor":19,"turns":4},{"damage":0,"enemies":"downfall:LooterAlt2","floor":21,"turns":1},{"damage":0,"enemies":"3 Cultists","floor":22,"turns":4},{"damage":7,"enemies":"Slavers","floor":23,"turns":2},{"damage":0,"enemies":"downfall:FleeingMerchant","floor":25,"turns":4},{"damage":0,"enemies":"Centurion and Healer","floor":27,"turns":5},{"damage":6,"enemies":"Gremlin Leader","floor":29,"turns":3},{"damage":11,"enemies":"downfall:FleeingMerchant","floor":30,"turns":4},{"damage":14,"enemies":"Snake Plant","floor":32,"turns":2},{"damage":59,"enemies":"DF_ARCHETYPE_CLAW","floor":33,"turns":8}],"seed_played":"-596589566068683418","potions_obtained":[{"floor":4,"key":"SmokeBomb"},{"floor":8,"key":"sneckomod:MuddlingPotion"},{"floor":10,"key":"bronze:BurnAndBuffPotion"},{"floor":22,"key":"AttackPotion"},{"floor":27,"key":"hexamod:SoulburnPotion"},{"floor":29,"key":"Energy Potion"},{"floor":32,"key":"AttackPotion"}],"is_trial":false,"path_per_floor":["R","M","?","M","?","M","T","M","$","E","?","E","R","E","M","B",null,"R","M","?","M","M","E","T","$","R","M","R","E","$","?","M","B"],"character_chosen":"THE_AUTOMATON","items_purchased":["Lee\u0027s Waffle","champ:Barbells","Finesse","bronze:ItsAFeature","bronze:DonusWashers"],"campfire_rested":0,"item_purchase_floors":[9,9,9,9,25],"current_hp_per_floor":[70,60,49,45,45,45,45,45,77,61,61,43,43,45,52,57,77,77,52,52,52,59,52,52,59,59,66,66,60,49,53,46,0,0,0],"gold":72,"neow_bonus":"ONE_RANDOM_RARE_CARD","is_daily":false,"chose_seed":false,"campfire_upgraded":4,"win_rate":0.0,"timestamp":1614280846,"path_taken":["R","M","?","M","?","M","T","M","$","E","?","E","R","E","M","BOSS","R","M","?","M","M","E","T","$","R","?","R","E","$","?","M","BOSS"],"items_purchased_type":["Relic","Relic","Card","Card","Relic"],"build_version":"2020-12-22","purchased_purges":1,"victory":false,"max_hp_per_floor":[70,70,70,70,70,70,70,70,77,77,77,77,77,77,77,77,77,77,77,77,77,77,77,77,77,77,77,77,77,77,77,77,77,77,77],"card_choices":[{"not_picked":["bronze:Deprecate","bronze:Constructor"],"picked":"bronze:Separator","floor":2},{"not_picked":[],"picked":"bronze:DazingPulse","floor":3},{"not_picked":[],"picked":"bronze:Explode","floor":3},{"not_picked":["bronze:Separator","bronze:Invalidate"],"picked":"bronze:DelayedSlice","floor":3},{"not_picked":["bronze:TinkerersToolbox","bronze:Overheat"],"picked":"bronze:MaxOutput","floor":4},{"not_picked":["bronze:Overheat","bronze:OilSpill"],"picked":"bronze:ChildClass","floor":6},{"not_picked":["bronze:Branch","bronze:Deprecate","bronze:BitShift"],"picked":"SKIP","floor":8},{"not_picked":["bronze:ClassDefault","bronze:FindAndReplace"],"picked":"bronze:CleanCode","floor":9},{"not_picked":["bronze:WhirlingStrike","bronze:ThunderWave"],"picked":"bronze:Repair","floor":10},{"not_picked":["bronze:WhirlingStrike","bronze:DelayedGuard"],"picked":"bronze:Constructor","floor":12},{"not_picked":["bronze:Shell","bronze:Refactor"],"picked":"bronze:DarkDash","floor":14},{"not_picked":["bronze:DelayedGuard","bronze:Invalidate"],"picked":"bronze:Iterate","floor":15},{"not_picked":["bronze:FindAndReplace","bronze:AlphaBuild"],"picked":"bronze:Format","floor":16},{"not_picked":["bronze:BugBarrage","bronze:DelayedSlice"],"picked":"bronze:Frontload+1","floor":19},{"not_picked":["bronze:Shield","bronze:DelayedGuard"],"picked":"bronze:Fortify+1","floor":22},{"not_picked":["bronze:GetLatest+1","bronze:Fortify+1"],"picked":"bronze:ChildClass","floor":23},{"not_picked":["bronze:GetLatest","bronze:Allocate"],"picked":"bronze:Boost+1","floor":25},{"not_picked":["bronze:Shell","bronze:Shield"],"picked":"bronze:DelayedSlice+1","floor":27},{"not_picked":["bronze:BitShift","bronze:ChildClass"],"picked":"bronze:DelayedSlice+1","floor":29},{"not_picked":["bronze:ForceShield","bronze:ItsAFeature"],"picked":"bronze:FineTuning","floor":30},{"not_picked":["bronze:Branch","bronze:GetLatest"],"picked":"bronze:Frontload+1","floor":32}],"player_experience":2013284,"relics_obtained":[{"floor":7,"key":"CaptainsWheel"},{"floor":10,"key":"Orichalcum"},{"floor":12,"key":"champ:DuelingGlove"},{"floor":14,"key":"PreservedInsect"},{"floor":23,"key":"Turnip"},{"floor":29,"key":"Pen Nib"}],"event_choices":[{"cards_removed":["bronze:Strike"],"damage_healed":0,"gold_gain":0,"player_choice":"Give","damage_taken":0,"max_hp_gain":0,"max_hp_loss":0,"event_name":"betterNote:BetterNote","floor":20,"gold_loss":0,"cards_obtained":["bronze:Strike"]},{"damage_healed":4,"gold_gain":0,"player_choice":"LEAVE ","damage_taken":0,"relics_obtained":[],"max_hp_gain":0,"max_hp_loss":0,"event_name":"betterSkull:BetterSkull","floor":31,"gold_loss":0,"cards_upgraded":[]}],"is_beta":false,"boss_relics":[{"not_picked":["Astrolabe","sneckomod:SneckoTalon"],"picked":"bronze:PlatinumCore"}],"items_purged_floors":[9],"is_endless":false,"potions_floor_spawned":[4,8,10,15,22,27,29,32],"killed_by":"DF_ARCHETYPE_CLAW","ascension_level":4}}