{"host":"b1dzdo8uo7e6jx8g","time":1614254834,"event":{"mods":["AchievementEnabler","BaseMod","BetterRewards","Colored Map","Downfall","Highlight Path","Minty Spire (QoL Compilation)","StSLib"],"gold_per_floor":[112,112,77,23,23,23,23,50,50,65,84,84,114,130,130,230,230,241,141,159,159,174,204,21,51,51,101,101,112,112,142,142,142,142],"floor_reached":33,"language":"ENG","playtime":1061,"items_purged":["Defend_P","Decay"],"score":510,"play_id":"f8ab1752-8d48-4d86-a035-21dd121b0e90","local_time":"20210225130714","is_ascension_mode":true,"campfire_choices":[{"floor":6,"key":"REST"},{"data":"Secret Weapon","floor":12,"key":"SMITH"},{"data":"Tantrum","floor":15,"key":"SMITH"},{"floor":28,"key":"REST"},{"floor":32,"key":"REST"}],"circlet_count":0,"master_deck":["Strike_P","Strike_P","Strike_P","Strike_P","Defend_P+1","Defend_P","Defend_P","Eruption","Vigilance","Secret Weapon+1","FlurryOfBlows+1","CrushJoints+1","Prostrate","Prostrate","EmptyFist+1","Tantrum+1","Prostrate","Prostrate+1","LessonLearned","Prostrate","Worship","Worship","Secret Technique","Consecrate","FollowUp"],"relics":["PureWater","TeardropLocket","Nunchaku","ClockworkSouvenir","Thread and Needle","Blood Vial","White Beast Statue","Art of War","Sozu","SsserpentHead","The Courier","Meat on the Bone","Lizard Tail"],"acts_visited":["Exordium","TheCity"],"potions_floor_usage":[25,25],"damage_taken":[{"damage":0,"enemies":"Jaw Worm","floor":1,"turns":2},{"damage":0,"enemies":"Lagavulin","floor":8,"turns":3},{"damage":0,"enemies":"Small Slimes","floor":10,"turns":3},{"damage":0,"enemies":"Cultist","floor":11,"turns":2},{"damage":0,"enemies":"Gremlin Nob","floor":13,"turns":2},{"damage":0,"enemies":"Large Slime","floor":14,"turns":4},{"damage":46,"enemies":"The Guardian","floor":16,"turns":7},{"damage":4,"enemies":"3 Byrds","floor":18,"turns":5},{"damage":5,"enemies":"Spheric Guardian","floor":20,"turns":4},{"damage":22,"enemies":"Shelled Parasite and Fungi","floor":22,"turns":4},{"damage":23,"enemies":"Gremlin Leader","floor":23,"turns":5},{"damage":29,"enemies":"Slavers","floor":25,"turns":3},{"damage":39,"enemies":"Snake Plant","floor":29,"turns":5},{"damage":87,"enemies":"Collector","floor":33,"turns":6}],"seed_played":"-3563482671823161678","potions_obtained":[{"floor":8,"key":"BottledMiracle"},{"floor":10,"key":"SteroidPotion"},{"floor":11,"key":"AttackPotion"},{"floor":16,"key":"Regen Potion"}],"is_trial":false,"path_per_floor":["M","?","?","$","?","R","$","E","T","M","M","R","E","M","R","B",null,"M","$","M","?","M","E","$","E","T","$","R","M","$","?","R","B"],"character_chosen":"WATCHER","items_purchased":["TeardropLocket","Nunchaku","ClockworkSouvenir","Secret Weapon","FlurryOfBlows","Prostrate","Secret Technique","Consecrate"],"campfire_rested":3,"item_purchase_floors":[0,0,0,0,0,4,24,24],"current_hp_per_floor":[35,21,39,39,39,60,60,60,60,62,64,64,66,68,68,24,72,68,68,65,65,45,24,24,6,6,6,27,40,40,40,61,0,0],"gold":142,"neow_bonus":"","is_daily":false,"chose_seed":false,"campfire_upgraded":2,"win_rate":0.0,"timestamp":1614254834,"path_taken":["M","?","?","$","?","R","$","E","T","M","?","R","E","M","R","BOSS","M","$","M","?","M","E","$","E","T","?","R","M","$","?","R","BOSS"],"items_purchased_type":["Relic","Relic","Relic","Card","Card","Card","Card","Card"],"build_version":"2020-12-22","purchased_purges":2,"victory":false,"max_hp_per_floor":[72,72,72,72,72,72,72,72,72,72,72,72,72,72,72,72,72,72,72,72,72,72,72,72,72,72,72,72,72,72,72,72,72,72],"card_choices":[{"not_picked":["Crescendo","ClearTheMind"],"picked":"CrushJoints","floor":1},{"not_picked":["EmptyFist","TalkToTheHand"],"picked":"Prostrate","floor":8},{"not_picked":["WindmillStrike","Nirvana"],"picked":"EmptyFist","floor":10},{"not_picked":["CutThroughFate","WindmillStrike"],"picked":"Tantrum","floor":11},{"not_picked":["Perseverance","BattleHymn"],"picked":"Prostrate","floor":13},{"not_picked":["JustLucky","SandsOfTime"],"picked":"Prostrate","floor":14},{"not_picked":["Alpha","Wish"],"picked":"LessonLearned","floor":16},{"not_picked":["ClearTheMind","InnerPeace"],"picked":"Prostrate","floor":18},{"not_picked":["CutThroughFate","FlurryOfBlows+1"],"picked":"Worship","floor":20},{"not_picked":["LikeWater","FlyingSleeves","ThirdEye"],"picked":"SKIP","floor":22},{"not_picked":["Meditate","SashWhip"],"picked":"Worship","floor":23},{"not_picked":["Protect+1","CutThroughFate","CrushJoints"],"picked":"SKIP","floor":25},{"not_picked":["WheelKick","Evaluate"],"picked":"FollowUp","floor":29}],"player_experience":267972,"relics_obtained":[{"floor":8,"key":"Blood Vial"},{"floor":9,"key":"White Beast Statue"},{"floor":13,"key":"Art of War"},{"floor":23,"key":"The Courier"},{"floor":25,"key":"Meat on the Bone"},{"floor":26,"key":"Lizard Tail"}],"event_choices":[{"damage_healed":0,"gold_gain":0,"player_choice":"Entered Light","damage_taken":14,"max_hp_gain":0,"max_hp_loss":0,"event_name":"Shining Light","floor":2,"gold_loss":0,"cards_upgraded":["FlurryOfBlows","Defend_P"]},{"damage_healed":18,"gold_gain":0,"player_choice":"Healed","damage_taken":0,"max_hp_gain":0,"max_hp_loss":0,"event_name":"The Cleric","floor":3,"gold_loss":35},{"damage_healed":0,"gold_gain":0,"player_choice":"Cursed","damage_taken":0,"max_hp_gain":0,"max_hp_loss":0,"event_name":"Wheel of Change","floor":5,"gold_loss":0,"cards_obtained":["Decay"]},{"damage_healed":0,"gold_gain":0,"player_choice":"Trade","damage_taken":0,"relics_obtained":["SsserpentHead"],"max_hp_gain":0,"max_hp_loss":0,"event_name":"FaceTrader","floor":21,"gold_loss":0},{"damage_healed":0,"gold_gain":0,"player_choice":"Bought 1 Potion","damage_taken":0,"max_hp_gain":0,"max_hp_loss":0,"event_name":"The Woman in Blue","floor":31,"gold_loss":0}],"is_beta":false,"boss_relics":[{"not_picked":["Cursed Key","Snecko Eye"],"picked":"Sozu"}],"items_purged_floors":[0,19],"is_endless":false,"potions_floor_spawned":[8,10,11,13,14,16,18,20,22,23,25,29],"killed_by":"Collector","ascension_level":2}}