{"host":"g792ep1fbt4i7bvb","time":1614268074,"event":{"mods":["BaseMod","Beaked The Cultist","Colored Map","Colored Powertips","DeckTracker","Highlight Path","Minty Spire (QoL Compilation)","Relic Stats","StSLib","SuperFastMode","The Cursed"],"gold_per_floor":[109,109,128,138,150,150,164,164,164,164,198,216,228,228,228,353,353,368,138,63,63,78,96,96,132,157,157,196,216,229,262,262,387,387,400,400,416,6,30,61,61,124,198,78,99,139,139,179,179,179,179,179,31,70,70],"floor_reached":56,"language":"JPN","playtime":3281,"items_purged":["Strike_B","Strike_B"],"score":1297,"play_id":"3129e691-3d56-438d-8100-0cd1972e95bf","local_time":"20210226004754","is_ascension_mode":false,"campfire_choices":[{"data":"Zap","floor":6,"key":"SMITH"},{"data":"Sunder","floor":8,"key":"SMITH"},{"data":"Capacitor","floor":10,"key":"SMITH"},{"data":"Fusion","floor":15,"key":"SMITH"},{"data":"Defragment","floor":24,"key":"SMITH"},{"data":"Defragment","floor":27,"key":"SMITH"},{"data":"Creative AI","floor":32,"key":"SMITH"},{"data":"Apotheosis","floor":41,"key":"SMITH"},{"floor":47,"key":"RECALL"},{"data":"Rainbow","floor":49,"key":"SMITH"},{"data":"Glacier","floor":52,"key":"SMITH"}],"circlet_count":0,"master_deck":["Strike_B","Defend_B","Defend_B","Defend_B","Defend_B","Zap+1","Dualcast+1","Melter+1","Capacitor+1","Self Repair","Sunder+1","Static Discharge","Doom and Gloom","Fusion+1","Creative AI+1","Undo","Defragment+1","Sweeping Beam","Turbo","Ghostly","Ghostly","Ghostly","Ghostly","Ghostly","Coolheaded","Defragment+1","Hologram+1","Cold Snap","Doom and Gloom+1","Echo Form","Double Energy+1","Blizzard+1","Glacier+1","Cold Snap+1","Apotheosis+1","Undo+1","Rainbow+1","Compile Driver+1","Cold Snap+1","Meteor Strike+1"],"relics":["Cracked Core","NeowsBlessing","Emotion Chip","Bird Faced Urn","Golden Idol","Coffee Dripper","Mango","Centennial Puzzle","Darkstone Periapt","Molten Egg 2","Runic Pyramid","DataDisk","Ice Cream","Thread and Needle","Omamori","Gambling Chip","Turnip"],"acts_visited":["Exordium","TheCity","TheBeyond","TheEnding"],"potions_floor_usage":[11,16,33,33,48,54,55,55],"damage_taken":[{"damage":0,"enemies":"Small Slimes","floor":1,"turns":1},{"damage":0,"enemies":"Jaw Worm","floor":3,"turns":1},{"damage":0,"enemies":"2 Louse","floor":4,"turns":1},{"damage":5,"enemies":"Looter","floor":5,"turns":3},{"damage":6,"enemies":"Red Slaver","floor":7,"turns":3},{"damage":4,"enemies":"3 Sentries","floor":11,"turns":5},{"damage":4,"enemies":"Gremlin Gang","floor":12,"turns":4},{"damage":16,"enemies":"Large Slime","floor":13,"turns":3},{"damage":26,"enemies":"The Guardian","floor":16,"turns":6},{"damage":10,"enemies":"Spheric Guardian","floor":18,"turns":3},{"damage":5,"enemies":"Chosen","floor":22,"turns":4},{"damage":3,"enemies":"3 Cultists","floor":23,"turns":5},{"damage":4,"enemies":"Book of Stabbing","floor":25,"turns":7},{"damage":4,"enemies":"Gremlin Leader","floor":28,"turns":6},{"damage":6,"enemies":"Snecko","floor":29,"turns":6},{"damage":1,"enemies":"Snake Plant","floor":30,"turns":5},{"damage":2,"enemies":"Book of Stabbing","floor":31,"turns":7},{"damage":21,"enemies":"Automaton","floor":33,"turns":8},{"damage":0,"enemies":"3 Darklings","floor":35,"turns":7},{"damage":5,"enemies":"3 Shapes","floor":37,"turns":2},{"damage":0,"enemies":"Sphere and 2 Shapes","floor":39,"turns":7},{"damage":1,"enemies":"Reptomancer","floor":40,"turns":8},{"damage":0,"enemies":"Mind Bloom Boss Battle","floor":42,"turns":9},{"damage":4,"enemies":"4 Shapes","floor":45,"turns":5},{"damage":21,"enemies":"Giant Head","floor":46,"turns":9},{"damage":14,"enemies":"Reptomancer","floor":48,"turns":8},{"damage":19,"enemies":"Time Eater","floor":50,"turns":11},{"damage":21,"enemies":"Shield and Spear","floor":54,"turns":9},{"damage":18,"enemies":"The Heart","floor":55,"turns":13}],"seed_played":"4140308200104593298","potions_obtained":[{"floor":1,"key":"LiquidMemories"},{"floor":7,"key":"DuplicationPotion"},{"floor":12,"key":"PowerPotion"},{"floor":18,"key":"EssenceOfSteel"},{"floor":22,"key":"PowerPotion"},{"floor":33,"key":"Strength Potion"},{"floor":37,"key":"Weak Potion"},{"floor":40,"key":"GamblersBrew"},{"floor":42,"key":"FocusPotion"}],"is_trial":false,"path_per_floor":["M","?","M","M","M","R","M","R","T","R","E","M","M","?","R","B",null,"M","$","?","?","M","M","R","E","T","R","E","M","M","E","R","B",null,"M","?","M","$","M","E","R","?","T","$","M","E","R","E","R","B",null,"R","$","E","B",null],"character_chosen":"DEFECT","items_purchased":["Defragment","Sweeping Beam","Turbo","Glacier","Cold Snap+1","Apotheosis","DataDisk","Rainbow","Compile Driver+1","Dexterity Potion"],"campfire_rested":0,"item_purchase_floors":[19,19,19,38,38,38,38,44,44,53],"current_hp_per_floor":[75,60,60,60,55,55,49,49,49,49,59,66,63,45,45,40,75,72,72,72,37,32,35,35,51,51,51,51,51,51,51,51,39,51,51,46,43,43,51,51,51,51,51,51,51,42,42,51,51,45,51,51,51,49,51],"gold":70,"neow_bonus":"THREE_ENEMY_KILL","is_daily":false,"chose_seed":false,"campfire_upgraded":10,"win_rate":0.0,"timestamp":1614268074,"path_taken":["M","?","M","M","M","R","M","R","T","R","E","M","M","?","R","BOSS","M","$","?","?","M","M","R","E","T","R","E","M","M","E","R","BOSS","M","?","?","$","?","E","R","?","T","?","M","E","R","E","R","BOSS","R","$","E","BOSS"],"items_purchased_type":["Card","Card","Card","Card","Card","Card","Relic","Card","Card","Potion"],"build_version":"2020-12-22","purchased_purges":2,"victory":true,"max_hp_per_floor":[75,75,75,75,75,75,75,75,75,75,75,75,75,75,75,75,75,75,75,75,37,37,37,37,51,51,51,51,51,51,51,51,51,51,51,51,51,51,51,51,51,51,51,51,51,51,51,51,51,51,51,51,51,51,51],"relic_stats":{"Darkstone Periapt":0,"Emotion Chip":[96,42,27,19,8],"Centennial Puzzle":[39],"counters":[29,166],"Golden Idol":196,"Bird Faced Urn":[113],"Gambling Chip":[9],"Turnip":[2],"obtain_stats":[{"Darkstone Periapt":28,"Ice Cream":40,"NeowsBlessing":0,"Golden Idol":14,"Mango":25,"Thread and Needle":42,"Omamori":46,"Emotion Chip":9,"Centennial Puzzle":26,"DataDisk":38,"Bird Faced Urn":11,"Gambling Chip":48,"Molten Egg 2":31,"Turnip":54,"Coffee Dripper":17,"Cracked Core":0,"Runic Pyramid":34},{"Darkstone Periapt":14,"Ice Cream":22,"NeowsBlessing":0,"Golden Idol":8,"Mango":13,"Thread and Needle":23,"Omamori":25,"Emotion Chip":5,"Centennial Puzzle":13,"DataDisk":20,"Bird Faced Urn":6,"Gambling Chip":26,"Molten Egg 2":17,"Turnip":28,"Coffee Dripper":9,"Cracked Core":0,"Runic Pyramid":18},{"Darkstone Periapt":52,"Ice Cream":102,"NeowsBlessing":0,"Golden Idol":21,"Mango":46,"Thread and Needle":111,"Omamori":125,"Emotion Chip":9,"Centennial Puzzle":46,"DataDisk":87,"Bird Faced Urn":14,"Gambling Chip":133,"Molten Egg 2":70,"Turnip":153,"Coffee Dripper":27,"Cracked Core":0,"Runic Pyramid":78}]},"card_choices":[{"not_picked":["Leap","Beam Cell"],"picked":"Melter","floor":1},{"not_picked":["Rebound","Go for the Eyes","Beam Cell"],"picked":"SKIP","floor":3},{"not_picked":["Beam Cell","Streamline"],"picked":"Capacitor","floor":4},{"not_picked":["Gash","Compile Driver"],"picked":"Self Repair","floor":5},{"not_picked":["Conserve Battery","Beam Cell"],"picked":"Sunder","floor":7},{"not_picked":["Compile Driver","Leap"],"picked":"Static Discharge","floor":11},{"not_picked":["Sweeping Beam","Sunder"],"picked":"Doom and Gloom","floor":12},{"not_picked":["Streamline","Barrage"],"picked":"Fusion","floor":13},{"not_picked":["Core Surge","All For One"],"picked":"Creative AI","floor":16},{"not_picked":["Tempest+1","Hello World"],"picked":"Undo","floor":18},{"not_picked":["White Noise","Consume"],"picked":"Coolheaded","floor":22},{"not_picked":["Leap","Go for the Eyes+1","Rebound+1"],"picked":"SKIP","floor":23},{"not_picked":["Double Energy","Stack+1"],"picked":"Defragment","floor":25},{"not_picked":["Lockon+1","Aggregate"],"picked":"Hologram+1","floor":28},{"not_picked":["Leap","All For One"],"picked":"Cold Snap","floor":29},{"not_picked":["Redo","Steam","Tempest"],"picked":"SKIP","floor":30},{"not_picked":["Gash+1","Redo"],"picked":"Doom and Gloom+1","floor":31},{"not_picked":["Buffer","Amplify"],"picked":"Echo Form","floor":33},{"not_picked":["Leap","Fusion"],"picked":"Double Energy+1","floor":35},{"not_picked":["Rip and Tear+1","Redo+1"],"picked":"Blizzard+1","floor":37},{"not_picked":["Conserve Battery+1","Rip and Tear+1","Turbo+1"],"picked":"SKIP","floor":39},{"not_picked":["Streamline+1","Biased Cognition","Go for the Eyes+1"],"picked":"SKIP","floor":40},{"not_picked":["Steam+1","Turbo"],"picked":"Undo+1","floor":42},{"not_picked":["Turbo+1","Blizzard+1","Melter+1"],"picked":"SKIP","floor":45},{"not_picked":["Sweeping Beam+1","Fusion+1"],"picked":"Cold Snap+1","floor":46},{"not_picked":["Sunder+1","Streamline+1"],"picked":"Meteor Strike+1","floor":48},{"not_picked":["Sweeping Beam+1","Genetic Algorithm","Streamline+1"],"picked":"SKIP","floor":54}],"player_experience":837616,"relics_obtained":[{"floor":9,"key":"Emotion Chip"},{"floor":11,"key":"Bird Faced Urn"},{"floor":25,"key":"Mango"},{"floor":26,"key":"Centennial Puzzle"},{"floor":28,"key":"Darkstone Periapt"},{"floor":31,"key":"Molten Egg 2"},{"floor":40,"key":"Ice Cream"},{"floor":42,"key":"Thread and Needle"},{"floor":46,"key":"Omamori"},{"floor":48,"key":"Gambling Chip"},{"floor":54,"key":"Turnip"}],"event_choices":[{"damage_healed":0,"gold_gain":0,"player_choice":"Entered Light","damage_taken":15,"max_hp_gain":0,"max_hp_loss":0,"event_name":"Shining Light","floor":2,"gold_loss":0,"cards_upgraded":["Dualcast","Melter"]},{"damage_healed":0,"gold_gain":0,"player_choice":"Take Damage","damage_taken":18,"relics_obtained":["Golden Idol"],"max_hp_gain":0,"max_hp_loss":0,"event_name":"Golden Idol","floor":14,"gold_loss":0},{"cards_removed":["Strike_B"],"damage_healed":0,"gold_gain":0,"player_choice":"Gave Gold","damage_taken":0,"max_hp_gain":0,"max_hp_loss":0,"event_name":"Beggar","floor":20,"gold_loss":75},{"damage_healed":0,"gold_gain":0,"player_choice":"Became a Ghost","damage_taken":0,"max_hp_gain":0,"max_hp_loss":38,"event_name":"Ghosts","floor":21,"gold_loss":0,"cards_obtained":["Ghostly","Ghostly","Ghostly","Ghostly","Ghostly"]},{"damage_healed":0,"gold_gain":0,"player_choice":"Damaged","damage_taken":5,"max_hp_gain":0,"max_hp_loss":0,"event_name":"Wheel of Change","floor":36,"gold_loss":0},{"damage_healed":0,"gold_gain":0,"player_choice":"Fight","damage_taken":0,"max_hp_gain":0,"max_hp_loss":0,"event_name":"MindBloom","floor":42,"gold_loss":0}],"is_beta":false,"boss_relics":[{"not_picked":["Tiny House","Fusion Hammer"],"picked":"Coffee Dripper"},{"not_picked":["Velvet Choker","FrozenCore"],"picked":"Runic Pyramid"}],"items_purged_floors":[19,53],"is_endless":false,"potions_floor_spawned":[1,7,12,18,22,31,33,37,40,42],"ascension_level":0}}