{"host":"c97twqu0op5dg8i4","time":1614220091,"event":{"mods":["AchievementEnabler","BaseMod","Colored Map","Minty Spire (QoL Compilation)","Permanent Neow"],"gold_per_floor":[110,110,123,141,19,19,48,48,72,147,147,177,177,177,194,194,294,294,313,213,213,213,231,231,264,112,135,163,174,174,187,187,199,199,199,199,199],"floor_reached":36,"language":"ENG","playtime":1192,"items_purged":["Strike_R","Bash"],"score":518,"play_id":"05b12194-f3f0-4426-8bd7-d59476344719","local_time":"20210224212811","is_ascension_mode":true,"campfire_choices":[{"floor":6,"key":"REST"},{"data":"Spot Weakness","floor":11,"key":"SMITH"},{"floor":14,"key":"REST"},{"data":"Flame Barrier","floor":16,"key":"SMITH"},{"data":"Heavy Blade","floor":24,"key":"SMITH"},{"floor":30,"key":"REST"},{"data":"Sword Boomerang","floor":32,"key":"SMITH"},{"floor":34,"key":"REST"},{"data":"Combust","floor":35,"key":"SMITH"}],"circlet_count":0,"master_deck":["AscendersBane","Strike_R","Strike_R","Strike_R","Strike_R","Defend_R","Defend_R+1","Defend_R+1","Defend_R","Combust+1","Spot Weakness+1","Ghostly Armor","Heavy Blade+1","Flame Barrier+1","Pommel Strike","Shrug It Off","Reaper+1","Twin Strike+1","Flame Barrier","Sword Boomerang+1","Metallicize"],"relics":["Burning Blood","Mummified Hand","Sundial","MealTicket","Ancient Tea Set","Philosopher\u0027s Stone","War Paint","Sling","Red Skull","The Courier"],"acts_visited":["Exordium","TheCity"],"potions_floor_usage":[23,25,28,36,36],"damage_taken":[{"damage":10,"enemies":"2 Louse","floor":1,"turns":5},{"damage":16,"enemies":"Jaw Worm","floor":3,"turns":4},{"damage":2,"enemies":"Small Slimes","floor":4,"turns":3},{"damage":35,"enemies":"Lagavulin","floor":7,"turns":6},{"damage":17,"enemies":"3 Sentries","floor":12,"turns":7},{"damage":4,"enemies":"2 Fungi Beasts","floor":15,"turns":3},{"damage":24,"enemies":"The Guardian","floor":17,"turns":10},{"damage":24,"enemies":"Shell Parasite","floor":19,"turns":5},{"damage":11,"enemies":"Chosen","floor":23,"turns":5},{"damage":57,"enemies":"Slavers","floor":25,"turns":6},{"damage":37,"enemies":"Gremlin Leader","floor":28,"turns":6},{"damage":33,"enemies":"Centurion and Healer","floor":29,"turns":7},{"damage":9,"enemies":"Snecko","floor":31,"turns":5},{"damage":31,"enemies":"Sentry and Sphere","floor":33,"turns":6},{"damage":104,"enemies":"Collector","floor":36,"turns":9}],"seed_played":"-8847627203052206468","potions_obtained":[{"floor":1,"key":"BlessingOfTheForge"},{"floor":4,"key":"Swift Potion"},{"floor":17,"key":"DistilledChaos"},{"floor":23,"key":"PowerPotion"},{"floor":25,"key":"LiquidMemories"},{"floor":28,"key":"ColorlessPotion"}],"is_trial":false,"path_per_floor":["M","?","M","M","$","R","E","T","T","?","R","E","?","R","M","R","B",null,"M","$","?","$","M","R","E","$","T","E","M","R","M","R","M","R","R","B"],"character_chosen":"IRONCLAD","items_purchased":["Heavy Blade","Sling"],"campfire_rested":4,"item_purchase_floors":[5,26],"current_hp_per_floor":[63,68,58,62,62,92,63,63,63,52,52,41,41,71,73,73,55,90,72,87,87,101,101,101,59,74,74,64,61,61,83,83,58,88,88,0,0],"gold":199,"neow_bonus":"TWENTY_PERCENT_HP_BONUS","is_daily":false,"chose_seed":false,"campfire_upgraded":5,"win_rate":0.0,"timestamp":1614220091,"path_taken":["M","?","M","M","$","R","E","?","T","?","R","E","?","R","M","R","BOSS","M","$","?","?","M","R","E","$","T","E","M","R","M","R","M","R","R","BOSS"],"items_purchased_type":["Card","Relic"],"build_version":"2020-12-22","purchased_purges":2,"victory":false,"max_hp_per_floor":[96,101,101,101,101,101,101,101,101,101,101,101,101,101,101,101,101,101,101,101,101,101,101,101,101,101,101,101,101,101,101,101,101,101,101,101,101],"card_choices":[{"not_picked":["Sever Soul","Anger"],"picked":"Combust","floor":1},{"not_picked":["Perfected Strike","True Grit"],"picked":"Spot Weakness","floor":3},{"not_picked":["Clash","Cleave"],"picked":"Ghostly Armor","floor":4},{"not_picked":["Heavy Blade","Armaments"],"picked":"Flame Barrier","floor":7},{"not_picked":["Anger","Warcry"],"picked":"Pommel Strike","floor":12},{"not_picked":["Bloodletting","Sentinel"],"picked":"Shrug It Off","floor":15},{"not_picked":["Barricade","Bludgeon"],"picked":"Reaper","floor":17},{"not_picked":["Anger","Armaments","Rupture"],"picked":"SKIP","floor":19},{"not_picked":["Hemokinesis","Intimidate"],"picked":"Twin Strike+1","floor":23},{"not_picked":["Dark Embrace","Dropkick"],"picked":"Flame Barrier","floor":25},{"not_picked":["Clash","Shrug It Off"],"picked":"Sword Boomerang","floor":28},{"not_picked":["Twin Strike","Whirlwind","Havoc"],"picked":"SKIP","floor":29},{"not_picked":["Ghostly Armor+1","Wild Strike"],"picked":"Metallicize","floor":31},{"not_picked":["Feel No Pain","Pommel Strike","Whirlwind"],"picked":"SKIP","floor":33}],"player_experience":420246,"relics_obtained":[{"floor":7,"key":"Mummified Hand"},{"floor":8,"key":"Sundial"},{"floor":9,"key":"MealTicket"},{"floor":12,"key":"Ancient Tea Set"},{"floor":25,"key":"War Paint"},{"floor":27,"key":"Red Skull"},{"floor":28,"key":"The Courier"}],"event_choices":[{"damage_healed":0,"gold_gain":0,"player_choice":"Donut","damage_taken":0,"max_hp_gain":5,"max_hp_loss":0,"event_name":"Big Fish","floor":2,"gold_loss":0},{"damage_healed":0,"gold_gain":75,"player_choice":"Gather Gold","damage_taken":11,"max_hp_gain":0,"max_hp_loss":0,"event_name":"World of Goop","floor":10,"gold_loss":0},{"damage_healed":0,"gold_gain":0,"player_choice":"Searched \u00271\u0027 times","damage_taken":0,"max_hp_gain":0,"max_hp_loss":0,"event_name":"Dead Adventurer","floor":13,"gold_loss":0},{"damage_healed":0,"gold_gain":0,"player_choice":"Upgraded","damage_taken":0,"max_hp_gain":0,"max_hp_loss":0,"event_name":"Upgrade Shrine","floor":21,"gold_loss":0,"cards_upgraded":["Reaper"]}],"is_beta":false,"boss_relics":[{"not_picked":["Velvet Choker","Astrolabe"],"picked":"Philosopher\u0027s Stone"}],"items_purged_floors":[5,20],"is_endless":false,"potions_floor_spawned":[1,4,17,23,25,28],"killed_by":"Collector","ascension_level":12}}