{"host":"vrsxkkch9ccrec7k","time":1614214342,"event":{"mods":["Act Like it!","BaseMod","Bestiary","Better Altar","Better Match","Better Note","Better Sensory Stone","Better Skull","Better Third Choice","Better Vampires","Downfall","Minty Spire (QoL Compilation)","Permanent Neow","Relic Stats","Spicy Shops","StSLib"],"gold_per_floor":[349,364,375,388,388,388,388,0,11,11,11,11,11,39,53,53,53,53],"floor_reached":16,"language":"ENG","playtime":663,"items_purged":["downfall:Malfunctioning"],"score":165,"play_id":"8672dfc6-823b-4efb-aef2-ee2fb6ded2fc","local_time":"20210224195222","is_ascension_mode":true,"campfire_choices":[{"data":"Guardian:TwinSlam","floor":1.0,"key":"SMITH"},{"data":"Guardian:BodySlam","floor":6.0,"key":"SMITH"},{"data":"Guardian:BodySlam","floor":11.0,"key":"SMITH"},{"data":"Guardian:TimeCapacitor","floor":13.0,"key":"SMITH"}],"circlet_count":0,"master_deck":["AscendersBane","Guardian:Strike_Guardian+1","Guardian:Strike_Guardian+1","Guardian:Defend_Guardian","Guardian:Defend_Guardian","Guardian:Defend_Guardian","Guardian:Defend_Guardian","Guardian:CurlUp+1","Guardian:TwinSlam+1","Guardian:TemporalStrike","Guardian:BodySlam+1","Guardian:Suspension","Guardian:TimeCapacitor+1","Guardian:BodySlam+1","Guardian:Gem_Synthetic","Guardian:Incinerate"],"relics":["Guardian:ModeShifter","Membership Card","Shuriken","Juzu Bracelet"],"acts_visited":["Exordium"],"potions_floor_usage":[16],"damage_taken":[{"damage":1.0,"enemies":"Cultist","floor":2.0,"turns":4.0},{"damage":8.0,"enemies":"2 Louse","floor":3.0,"turns":3.0},{"damage":4.0,"enemies":"Small Slimes","floor":4.0,"turns":4.0},{"damage":4.0,"enemies":"downfall:FleeingMerchant","floor":8.0,"turns":4.0},{"damage":6.0,"enemies":"downfall:LooterAlt","floor":9.0,"turns":3.0},{"damage":16.0,"enemies":"Gremlin Nob","floor":14.0,"turns":4.0},{"damage":7,"enemies":"Blue Slaver","floor":15,"turns":3},{"damage":48,"enemies":"WA_ARCHETYPE_RETAIN","floor":16,"turns":7}],"seed_played":"-6602987318436347974","potions_obtained":[{"floor":9.0,"key":"DuplicationPotion"}],"is_trial":false,"path_per_floor":["R","M","M","M","?","R","T","$","M","?","R","?","R","E","M","B"],"character_chosen":"GUARDIAN","items_purchased":["Membership Card","Guardian:TimeCapacitor","Shuriken","Guardian:Gem_Purple"],"campfire_rested":0,"item_purchase_floors":[8,8,8,8],"current_hp_per_floor":[72,71,63,59,59,59,59,55,49,49,49,49,49,33,26,0,0,0],"gold":53,"neow_bonus":"TWO_FIFTY_GOLD","is_daily":false,"chose_seed":false,"campfire_upgraded":4,"win_rate":0.0,"timestamp":1614214342,"path_taken":["R","M","?","M","?","R","T","$","M","?","R","?","R","E","M","BOSS"],"items_purchased_type":["Relic","Card","Relic","Card"],"build_version":"2020-12-22","purchased_purges":1,"victory":false,"max_hp_per_floor":[72,72,72,72,72,72,72,72,72,72,72,72,72,72,72,72,72,72],"relic_stats":{"counters":[8,32],"Shuriken":[6],"Juzu Bracelet":0,"obtain_stats":[{"Shuriken":8,"Guardian:ModeShifter":0,"Juzu Bracelet":14,"Membership Card":8},{"Shuriken":4,"Guardian:ModeShifter":0,"Juzu Bracelet":6,"Membership Card":4},{"Shuriken":15,"Guardian:ModeShifter":0,"Juzu Bracelet":22,"Membership Card":15}]},"card_choices":[{"not_picked":["Guardian:Gem_Cyan","Guardian:ChargeCore"],"picked":"Guardian:TemporalStrike","floor":2.0},{"not_picked":["Guardian:TemporalStrike","Guardian:Gem_Lightblue"],"picked":"Guardian:Gem_Green","floor":3.0},{"not_picked":["Guardian:Preprogram","Guardian:Gem_Lightblue"],"picked":"Guardian:BodySlam","floor":4.0},{"not_picked":["Guardian:GemFire","Guardian:TemporalShield"],"picked":"Guardian:Suspension","floor":8.0},{"not_picked":["Guardian:WalkerClaw","Guardian:Gem_Green"],"picked":"Guardian:BodySlam","floor":9.0},{"not_picked":["Guardian:PrismaticBeam","Guardian:TemporalShield"],"picked":"Guardian:Gem_Synthetic","floor":14.0},{"not_picked":["Guardian:Recover","Guardian:Gem_Crimson"],"picked":"Guardian:Incinerate","floor":15}],"player_experience":2025532,"relics_obtained":[{"floor":14.0,"key":"Juzu Bracelet"}],"event_choices":[{"cards_removed":["Guardian:Strike_Guardian"],"damage_healed":0.0,"max_hp_gain":0.0,"max_hp_loss":0.0,"gold_gain":0.0,"event_name":"Living Wall","player_choice":"Forget","floor":10.0,"gold_loss":0.0,"damage_taken":0.0}],"is_beta":false,"boss_relics":[],"items_purged_floors":[8],"is_endless":false,"potions_floor_spawned":[9],"killed_by":"WA_ARCHETYPE_RETAIN","ascension_level":13}}