{"host":"3dgd3gfmqutz6web","time":1614224952,"event":{"mods":["Aspiration","BaseMod","BetterRewards","Downfall","Minty Spire (QoL Compilation)","Replay The Spire","Shop Mod","Spikes Relics","StSLib"],"gold_per_floor":[99,114,134,284,384,397,466,466,481,494,511,511,278,297,309,309,309,309],"floor_reached":16,"language":"ENG","playtime":916,"items_purged":[],"score":96,"play_id":"37a0a13d-0747-4b6d-a03e-33737715a6cc","local_time":"20210224194912","is_ascension_mode":false,"campfire_choices":[{"floor":1,"key":"DIG"},{"floor":8,"key":"REST"}],"circlet_count":0,"master_deck":["champ:Strike","champ:Strike","champ:Strike","champ:Strike","champ:Defend","champ:Defend","champ:Defend","champ:Execute","champ:Taunt","champ:FanOfKnives","champ:BringItOn","champ:EndlessRage+1","champ:HeavySlash","champ:EnragedBash","champ:Haymaker","champ:CrownThrow","champ:FaceSlap","champ:PerfectedStrike","Parasite","champ:Backstep","champ:GladiatorStyle","champ:HeartStrike","champ:Parry"],"relics":["champ:ChampionCrown","Thread and Needle","ShockBauble","Gremlin Food"],"acts_visited":["Exordium"],"potions_floor_usage":[9,16,16],"damage_taken":[{"damage":26,"enemies":"Jaw Worm","floor":2,"turns":4},{"damage":13,"enemies":"Small Slimes","floor":3,"turns":3},{"damage":66,"enemies":"downfall:Heads","floor":5,"turns":8},{"damage":0,"enemies":"2 Louse","floor":6,"turns":1},{"damage":30,"enemies":"Large Slime","floor":9,"turns":6},{"damage":5,"enemies":"Red Slaver","floor":10,"turns":4},{"damage":16,"enemies":"Lots of Slimes","floor":11,"turns":4},{"damage":15,"enemies":"downfall:FleeingMerchant","floor":13,"turns":4},{"damage":6,"enemies":"Exordium Thugs","floor":14,"turns":5},{"damage":10,"enemies":"3 Louse","floor":15,"turns":3},{"damage":89,"enemies":"IC_STATUS_ARCHETYPE","floor":16,"turns":10}],"seed_played":"-1579689808860330256","potions_obtained":[{"floor":2,"key":"Block Potion"},{"floor":9,"key":"LifebloodPotion"},{"floor":11,"key":"Swift Potion"}],"is_trial":false,"path_per_floor":["R","M","M","?","?","M","T","R","M","M","M","?","$","M","M","B"],"character_chosen":"THE_CHAMP","items_purchased":["champ:GladiatorStyle","Gremlin Food"],"campfire_rested":1,"item_purchase_floors":[13,13],"current_hp_per_floor":[90,89,86,86,35,35,35,62,62,62,61,83,83,77,72,0,0,0],"gold":309,"neow_bonus":"THREE_CARDS","is_daily":false,"chose_seed":false,"campfire_upgraded":0,"win_rate":0.0,"timestamp":1614224952,"path_taken":["R","M","M","?","?","M","T","R","M","M","M","?","$","M","M","BOSS"],"items_purchased_type":["Card","Relic"],"build_version":"2020-12-22","purchased_purges":0,"victory":false,"max_hp_per_floor":[90,90,90,90,90,90,90,90,90,90,90,90,90,90,90,90,90,90],"card_choices":[{"not_picked":["champ:DeathBlow","champ:Backstep"],"picked":"champ:FanOfKnives","floor":0},{"not_picked":["champ:DeathBlow","champ:PreemptiveStrike"],"picked":"champ:BringItOn","floor":2},{"not_picked":["champ:FlashCut","champ:Duel"],"picked":"champ:EndlessRage","floor":3},{"not_picked":["champ:FancyFootwork","champ:Circumvent"],"picked":"champ:EnragedBash","floor":5},{"not_picked":["champ:TornadoPunch","champ:SetATrap"],"picked":"champ:Haymaker","floor":6},{"not_picked":["champ:TornadoPunch","champ:DefensiveStyle"],"picked":"champ:CrownThrow","floor":9},{"not_picked":["champ:FalseCounter","champ:CalledShot"],"picked":"champ:FaceSlap","floor":10},{"not_picked":["champ:BringItOn","champ:Backstep"],"picked":"champ:PerfectedStrike","floor":11},{"not_picked":["champ:PreciseThrust","champ:SetATrap"],"picked":"champ:Backstep","floor":13},{"not_picked":["champ:LastStand","champ:BringItOn"],"picked":"champ:HeartStrike","floor":14},{"not_picked":["champ:CrownThrow","champ:BringItOn"],"picked":"champ:Parry","floor":15}],"player_experience":256772,"relics_obtained":[{"floor":1,"key":"Thread and Needle"},{"floor":7,"key":"ShockBauble"}],"event_choices":[{"damage_healed":22,"gold_gain":0,"player_choice":"Healed and dodged fight","damage_taken":0,"max_hp_gain":0,"max_hp_loss":0,"event_name":"Mushrooms","floor":12,"gold_loss":0,"cards_obtained":["Parasite"]}],"is_beta":false,"boss_relics":[],"items_purged_floors":[],"is_endless":false,"potions_floor_spawned":[2,9,11],"killed_by":"IC_STATUS_ARCHETYPE","ascension_level":0}}