{"host":"g40mznrtwxqyj1ow","time":1614291448,"event":{"mods":["BaseMod","BetterRewards","Colored Map","Conspire","Hermit","Highlight Path","Hubris","Marisa????????","Minty Spire (QoL Compilation)","Replay The Spire","Robot Space Explorer","Shop Mod","StSLib","The Bug Knight","The Construct","The Cursed","The Jungle","The Marked","The Mystic","The Necromancer","The Runesmith","The Servant 0.9.4","[IsaacMod]????"],"gold_per_floor":[115,15,15,32,32,57,57,57,57,71,71,71,97,117,117,219,219,235,246,246,296,296,296],"floor_reached":22,"language":"ENG","playtime":1350,"items_purged":["Defend_G"],"score":476,"play_id":"d960aaea-f7a7-4c50-971a-816eaa95db6a","local_time":"20210225231728","is_ascension_mode":true,"campfire_choices":[{"floor":7,"key":"DIG"},{"floor":12,"key":"REST"},{"data":"ReplayTheSpireMod:Brewmster","floor":15,"key":"SMITH"}],"circlet_count":0,"master_deck":["AscendersBane","Strike_G","Strike_G","Strike_G","Strike_G","Defend_G","Defend_G","Defend_G","Defend_G","Survivor","Neutralize","EpicFetus","EpicFetus","ReplayTheSpireMod:Brewmster+1","Ghostly","After Image","Blade Dance","PiercingWail","Adrenaline","Storm of Steel"],"relics":["Ring of the Snake","HushsDoor","PokeGo","ForgetMeNow","Replay:Multitool","Void","Snake Skull"],"acts_visited":["Exordium","Exordium"],"potions_floor_usage":[6,6,6,13,13,16,16,16,16,18,19,22],"damage_taken":[{"damage":1,"enemies":"2 Louse","floor":1,"turns":9},{"damage":0,"enemies":"Small Slimes","floor":4,"turns":5},{"damage":16,"enemies":"3 Sentries","floor":6,"turns":8},{"damage":0,"enemies":"Cultist","floor":10,"turns":3},{"damage":0,"enemies":"Gremlin Nob","floor":13,"turns":3},{"damage":5,"enemies":"3 Louse","floor":14,"turns":4},{"damage":27,"enemies":"The Guardian","floor":16,"turns":9},{"damage":2,"enemies":"theJungle:MUSHROOMGANG","floor":18,"turns":7},{"damage":6,"enemies":"theJungle:GiantWrat","floor":19,"turns":5},{"damage":29,"enemies":"theJungle:2_Flameangoes","floor":22,"turns":3}],"seed_played":"-3267764892839440233","potions_obtained":[{"floor":10,"key":"Adrenaline Potion"},{"floor":13,"key":"Fire Potion"},{"floor":16,"key":"Poison Potion"}],"is_trial":false,"path_per_floor":["M","?","$","M","?","E","R","?","T","M","T","R","E","M","R","B",null,"M","M","?","?","M"],"character_chosen":"THE_SILENT","items_purchased":["ForgetMeNow","hubris:Potato","DollysMirror","ReplayTheSpireMod:Brewmster"],"campfire_rested":1,"item_purchase_floors":[0,0,0,0],"current_hp_per_floor":[20,20,20,20,20,14,14,14,14,14,14,35,35,32,32,5,54,52,46,51,21,0,0],"gold":296,"neow_bonus":"","is_daily":false,"chose_seed":false,"campfire_upgraded":1,"win_rate":0.0,"timestamp":1614291448,"path_taken":["M","?","$","M","?","E","R","?","T","?","?","R","E","M","R","BOSS","M","M","?","?","M"],"items_purchased_type":["Relic","Relic","Relic","Card"],"build_version":"2020-12-22","purchased_purges":1,"victory":false,"max_hp_per_floor":[70,70,70,70,70,70,70,70,70,70,70,70,70,70,70,70,70,70,70,75,75,75,75],"card_choices":[{"not_picked":[],"picked":"EpicFetus","floor":0},{"not_picked":["Outmaneuver","Hidden Blade","Slice"],"picked":"SKIP","floor":1},{"not_picked":["Dagger Throw","Fluid Movement","Hidden Blade"],"picked":"SKIP","floor":4},{"not_picked":["ReplayTheSpireMod:The Works","Hidden Blade"],"picked":"Blade Dance","floor":6},{"not_picked":["Bane","ReplayTheSpireMod:Speed Training"],"picked":"PiercingWail","floor":10},{"not_picked":["Draining Mist","Bane","Malaise"],"picked":"SKIP","floor":13},{"not_picked":["Slice","Acrobatics","Prepared"],"picked":"SKIP","floor":14},{"not_picked":["ReplayTheSpireMod:Necrosis","Grand Finale"],"picked":"Adrenaline","floor":16},{"not_picked":["Flying Knee","PiercingWail","Slice+1"],"picked":"SKIP","floor":18},{"not_picked":["Dagger Throw","Hidden Blade","Dodge and Roll"],"picked":"SKIP","floor":19},{"not_picked":["Riddle With Holes","Dodge and Roll"],"picked":"Storm of Steel","floor":21}],"player_experience":535759,"relics_obtained":[{"floor":6,"key":"Replay:Multitool"},{"floor":7,"key":"Nunchaku"},{"floor":9,"key":"Void"},{"floor":11,"key":"Vajra"},{"floor":13,"key":"Vampiric Spirits"},{"floor":21,"key":"Snake Skull"}],"event_choices":[{"damage_healed":0,"gold_gain":0,"player_choice":"Argue","damage_taken":0,"max_hp_gain":0,"max_hp_loss":0,"event_name":"conspire:LoneGhost","floor":2,"gold_loss":0},{"damage_healed":0,"gold_gain":0,"cards_transformed":["Strike_G"],"player_choice":"Transformed","damage_taken":0,"max_hp_gain":0,"max_hp_loss":0,"event_name":"Transmorgrifier","floor":5,"gold_loss":0,"cards_obtained":["After Image"]},{"damage_healed":0,"gold_gain":0,"player_choice":"Ignored","damage_taken":0,"max_hp_gain":0,"max_hp_loss":0,"event_name":"Golden Idol","floor":8,"gold_loss":0}],"is_beta":false,"boss_relics":[{"not_picked":["hubris:GrandSneckoEye","Coffee Dripper"],"picked":"hubris:TerracottaHorce"},{"not_picked":[]}],"items_purged_floors":[0],"is_endless":false,"potions_floor_spawned":[10,13,16],"killed_by":"theJungle:2_Flameangoes","ascension_level":10}}