{"host":"z39atn33tyek63fd","time":1614211973,"event":{"mods":["BaseMod","Minty Spire (QoL Compilation)","everything is the same but u backflip on backflip"],"gold_per_floor":[117,67,78,90,101,101,112,112,136,150,160,160,177,195,195,266,316,334,534,524,11,25,25,45,58,58,58,58],"floor_reached":27,"language":"ENG","playtime":1584,"items_purged":["Strike_G"],"score":362,"play_id":"c8605030-9a99-4a24-9f4a-268eaec16b2d","local_time":"20210224181253","is_ascension_mode":true,"campfire_choices":[{"data":"Footwork","floor":6.0,"key":"SMITH"},{"floor":8.0,"key":"REST"},{"floor":15.0,"key":"REST"},{"floor":23,"key":"REST"}],"circlet_count":0,"master_deck":["AscendersBane","Strike_G","Strike_G","Strike_G","Defend_G","Defend_G","Defend_G","Defend_G","Survivor","Neutralize","Flechettes","Deadly Poison","Footwork+1","Backflip","Blade Dance","Deadly Poison+1","Dodge and Roll","Adrenaline","Noxious Fumes","Wraith Form v2","Poisoned Stab","Backstab","Dash","Catalyst","Noxious Fumes","Cloak And Dagger","Glass Knife"],"relics":["Ring of the Snake","Lantern","Tiny House","Pocketwatch","FossilizedHelix"],"acts_visited":["Exordium","TheCity"],"potions_floor_usage":[22,25],"damage_taken":[{"damage":1.0,"enemies":"2 Louse","floor":1.0,"turns":3.0},{"damage":0.0,"enemies":"Jaw Worm","floor":3.0,"turns":4.0},{"damage":0.0,"enemies":"Cultist","floor":4.0,"turns":5.0},{"damage":7.0,"enemies":"2 Fungi Beasts","floor":5.0,"turns":4.0},{"damage":3.0,"enemies":"Blue Slaver","floor":7.0,"turns":4.0},{"damage":23.0,"enemies":"Exordium Thugs","floor":10.0,"turns":4.0},{"damage":8.0,"enemies":"2 Fungi Beasts","floor":11.0,"turns":3.0},{"damage":9.0,"enemies":"Red Slaver","floor":13.0,"turns":3.0},{"damage":14.0,"enemies":"Lots of Slimes","floor":14.0,"turns":6.0},{"damage":19.0,"enemies":"The Guardian","floor":16.0,"turns":11.0},{"damage":13,"enemies":"Shell Parasite","floor":18,"turns":5},{"damage":13,"enemies":"2 Thieves","floor":20,"turns":4},{"damage":18,"enemies":"Snake Plant","floor":22,"turns":4},{"damage":22,"enemies":"Shelled Parasite and Fungi","floor":24,"turns":5},{"damage":40,"enemies":"3 Cultists","floor":25,"turns":9},{"damage":37,"enemies":"Cultist and Chosen","floor":27,"turns":6}],"seed_played":"5895719907512682107","potions_obtained":[{"floor":3.0,"key":"SneckoOil"},{"floor":11.0,"key":"Ancient Potion"},{"floor":14.0,"key":"CunningPotion"},{"floor":16.0,"key":"Fire Potion"},{"floor":17,"key":"FairyPotion"},{"floor":22,"key":"Block Potion"}],"is_trial":false,"path_per_floor":["M","?","M","M","M","R","M","R","T","M","M","?","M","M","R","B",null,"M","?","M","$","M","R","M","M","T","M"],"character_chosen":"THE_SILENT","items_purchased":["Catalyst","Noxious Fumes","Pocketwatch"],"campfire_rested":3,"item_purchase_floors":[21,21,21],"current_hp_per_floor":[58,58,58,58,51,51,48,66,66,43,35,35,26,12,31,12,58,45,45,32,32,14,35,13,4,4,0,0],"gold":58,"neow_bonus":"TRANSFORM_CARD","is_daily":false,"chose_seed":false,"campfire_upgraded":1,"win_rate":0.0,"timestamp":1614211973,"path_taken":["M","?","M","M","M","R","M","R","T","M","M","?","M","M","R","BOSS","M","?","M","$","?","R","M","M","T","M"],"items_purchased_type":["Card","Card","Relic"],"build_version":"2020-12-22","purchased_purges":1,"victory":false,"max_hp_per_floor":[66,66,66,66,66,66,66,66,66,66,66,66,66,66,66,66,71,71,71,71,71,71,71,71,71,71,71,71],"card_choices":[{"not_picked":["Slice","PiercingWail"],"picked":"Deadly Poison","floor":1.0},{"not_picked":["Flying Knee","Underhanded Strike"],"picked":"Footwork","floor":3.0},{"not_picked":["Flying Knee","Blade Dance"],"picked":"Backflip","floor":4.0},{"not_picked":["Setup","Flying Knee"],"picked":"Blade Dance","floor":5.0},{"not_picked":["Sucker Punch","Skewer"],"picked":"Deadly Poison","floor":7.0},{"not_picked":["Blade Dance","Quick Slash"],"picked":"Dodge and Roll","floor":10.0},{"not_picked":["Sucker Punch","Flechettes","Infinite Blades"],"picked":"SKIP","floor":11.0},{"not_picked":["Prepared","Outmaneuver"],"picked":"Adrenaline","floor":13.0},{"not_picked":["Dodge and Roll","Slice"],"picked":"Noxious Fumes","floor":14.0},{"not_picked":["Unload","Doppelganger"],"picked":"Wraith Form v2","floor":16.0},{"not_picked":["Underhanded Strike","Acrobatics"],"picked":"Poisoned Stab","floor":17},{"not_picked":["Deflect","Slice"],"picked":"Backstab","floor":18},{"not_picked":["Bouncing Flask","Skewer+1"],"picked":"Dash","floor":20},{"not_picked":["Poisoned Stab","Skewer","Bane"],"picked":"SKIP","floor":22},{"not_picked":["Poisoned Stab","Slice"],"picked":"Cloak And Dagger","floor":24},{"not_picked":["Eviscerate","Heel Hook"],"picked":"Glass Knife","floor":25}],"player_experience":827486,"relics_obtained":[{"floor":9.0,"key":"Lantern"},{"floor":26,"key":"FossilizedHelix"}],"event_choices":[{"cards_removed":["Strike_G"],"damage_healed":0.0,"max_hp_gain":0.0,"max_hp_loss":0.0,"gold_gain":0.0,"event_name":"The Cleric","player_choice":"Card Removal","floor":2.0,"gold_loss":50.0,"damage_taken":0.0},{"damage_healed":0.0,"max_hp_gain":0.0,"max_hp_loss":0.0,"gold_gain":0.0,"event_name":"Golden Wing","player_choice":"Ignored","floor":12.0,"gold_loss":0.0,"damage_taken":0.0},{"damage_healed":0,"gold_gain":200,"player_choice":"Gold","damage_taken":0,"max_hp_gain":0,"max_hp_loss":0,"event_name":"Wheel of Change","floor":19,"gold_loss":0}],"is_beta":false,"boss_relics":[{"not_picked":["Runic Pyramid","Coffee Dripper"],"picked":"Tiny House"}],"items_purged_floors":[21],"is_endless":false,"potions_floor_spawned":[3,11,14,16,22],"killed_by":"Cultist and Chosen","ascension_level":14}}