{"host":"sc0o2qwpf9j16a4i","time":1614252331,"event":{"mods":["AchievementEnabler","BaseMod","BetterRewards","Block Reminder","Colored Map","Colored Powertips","Custom Start","Highlight Path","Minty Spire (QoL Compilation)","Relic Stats"],"gold_per_floor":[113,113,129,143,27,27,58,58,58,58,69,79,92,127,127,223,223,236,254,266,181,199,199,232,244,303,347,153,153,153,169,169,267,267,280,280,280,11,34,34,34,34],"floor_reached":41,"language":"ENG","playtime":1596,"items_purged":["Strike_R"],"score":539,"play_id":"09950b6e-46a2-43c0-bb07-da4f79eb3583","local_time":"20210225132531","daily_mods":["Chimera","ControlledChaos","Night Terrors"],"is_ascension_mode":false,"campfire_choices":[{"data":"Sunder","floor":6,"key":"SMITH"},{"data":"Eruption","floor":8,"key":"SMITH"},{"data":"Zap","floor":10,"key":"SMITH"},{"data":"Creative AI","floor":15,"key":"SMITH"},{"data":"Turbo","floor":23,"key":"SMITH"},{"data":"Beam Cell","floor":25,"key":"SMITH"},{"data":"FTL","floor":30,"key":"SMITH"},{"data":"Amplify","floor":32,"key":"SMITH"},{"data":"Defragment","floor":40,"key":"SMITH"}],"circlet_count":0,"master_deck":["Bash","Survivor","Zap+1","Eruption+1","Strike_G","Strike_B","Defend_R","Defend_G","Defend_P","Sweeping Beam","Sunder+1","Sweeping Beam","Cold Snap","Self Repair","Creative AI+1","Turbo+1","Amplify+1","Chill+1","Beam Cell+1","FTL+1","Conserve Battery","Barrage","Stack+1","Flash of Steel","Dark Shackles","Defragment+1","Conserve Battery"],"relics":["Cracked Core","Frozen Eye","Thread and Needle","Mango","Lantern","SlaversCollar","MealTicket","MawBank","Tiny Chest","Toy Ornithopter","DataDisk","Nilry\u0027s Codex","Nuclear Battery","Membership Card","Bag of Preparation","Bag of Marbles"],"acts_visited":["Exordium","TheCity","TheBeyond"],"potions_floor_usage":[3,7,7,20,24,24,27,33,41],"damage_taken":[{"damage":1,"enemies":"Jaw Worm","floor":1,"turns":3},{"damage":0,"enemies":"Small Slimes","floor":3,"turns":2},{"damage":0,"enemies":"Cultist","floor":4,"turns":3},{"damage":12,"enemies":"3 Sentries","floor":7,"turns":6},{"damage":7,"enemies":"Large Slime","floor":11,"turns":2},{"damage":0,"enemies":"3 Louse","floor":12,"turns":2},{"damage":0,"enemies":"Exordium Wildlife","floor":13,"turns":3},{"damage":30,"enemies":"Lagavulin","floor":14,"turns":3},{"damage":0,"enemies":"Slime Boss","floor":16,"turns":4},{"damage":10,"enemies":"Chosen","floor":18,"turns":5},{"damage":0,"enemies":"2 Thieves","floor":19,"turns":3},{"damage":0,"enemies":"3 Cultists","floor":20,"turns":3},{"damage":0,"enemies":"Snecko","floor":22,"turns":8},{"damage":19,"enemies":"Slavers","floor":24,"turns":3},{"damage":15,"enemies":"Gremlin Leader","floor":27,"turns":7},{"damage":0,"enemies":"Centurion and Healer","floor":31,"turns":6},{"damage":0,"enemies":"Automaton","floor":33,"turns":8},{"damage":2,"enemies":"3 Shapes","floor":35,"turns":5},{"damage":52,"enemies":"Nemesis","floor":41,"turns":7}],"seed_played":"-8595327906000098264","potions_obtained":[{"floor":1,"key":"Dexterity Potion"},{"floor":2,"key":"SpeedPotion"},{"floor":2,"key":"AttackPotion"},{"floor":4,"key":"Strength Potion"},{"floor":13,"key":"Swift Potion"},{"floor":16,"key":"PowerPotion"},{"floor":22,"key":"FearPotion"},{"floor":24,"key":"PowerPotion"},{"floor":31,"key":"FocusPotion"}],"is_trial":true,"path_per_floor":["M","?","M","M","$","R","E","R","T","R","M","M","M","E","R","B",null,"M","M","M","?","M","R","E","R","T","E","$","?","R","M","R","B",null,"M","?","?","$","T","R","E"],"character_chosen":"DEFECT","items_purchased":["Sunder","DataDisk","FocusPotion","Membership Card","Bag of Preparation","Defragment","Conserve Battery"],"campfire_rested":0,"item_purchase_floors":[5,28,28,38,38,38,38],"current_hp_per_floor":[74,74,74,74,74,74,62,62,76,76,69,69,76,53,53,60,89,89,89,89,89,89,89,77,77,77,69,84,68,68,75,75,80,89,89,79,79,85,85,85,33,33],"gold":34,"neow_bonus":"","is_daily":false,"chose_seed":false,"campfire_upgraded":9,"win_rate":0.0,"timestamp":1614252331,"path_taken":["M","?","?","M","$","R","E","R","T","R","M","M","M","E","R","BOSS","M","M","?","?","M","R","E","R","T","E","$","?","R","M","R","BOSS","M","?","?","$","?","R","E"],"items_purchased_type":["Card","Relic","Potion","Relic","Relic","Card","Card"],"build_version":"2020-12-22","purchased_purges":1,"victory":false,"max_hp_per_floor":[75,75,75,75,75,75,75,75,89,89,89,89,89,89,89,89,89,89,89,89,89,89,89,89,89,89,89,89,89,89,89,89,89,89,89,89,85,85,85,85,85,85],"relic_stats":{"counters":[19,82],"MealTicket":21,"Tiny Chest":1,"Bag of Preparation":[2],"MawBank":48,"obtain_stats":[{"Lantern":14,"Nilry\u0027s Codex":29,"Thread and Needle":7,"Mango":9,"Bag of Preparation":38,"MawBank":24,"Nuclear Battery":34,"Frozen Eye":0,"SlaversCollar":17,"DataDisk":28,"MealTicket":21,"Tiny Chest":26,"Bag of Marbles":39,"Membership Card":38,"Cracked Core":0,"Toy Ornithopter":27},{"Lantern":8,"Nilry\u0027s Codex":15,"Thread and Needle":4,"Mango":4,"Bag of Preparation":18,"MawBank":14,"Nuclear Battery":17,"Frozen Eye":0,"SlaversCollar":9,"DataDisk":15,"MealTicket":12,"Tiny Chest":14,"Bag of Marbles":18,"Membership Card":18,"Cracked Core":0,"Toy Ornithopter":15},{"Lantern":24,"Nilry\u0027s Codex":57,"Thread and Needle":14,"Mango":14,"Bag of Preparation":76,"MawBank":50,"Nuclear Battery":71,"Frozen Eye":0,"SlaversCollar":28,"DataDisk":57,"MealTicket":39,"Tiny Chest":50,"Bag of Marbles":76,"Membership Card":76,"Cracked Core":0,"Toy Ornithopter":57}],"Toy Ornithopter":5},"card_choices":[{"not_picked":["BootSequence","Melter"],"picked":"Sweeping Beam","floor":1},{"not_picked":["Hologram","Auto Shields","Go for the Eyes"],"picked":"SKIP","floor":3},{"not_picked":["Rebound","Conserve Battery","Steam"],"picked":"SKIP","floor":4},{"not_picked":["BootSequence","Auto Shields"],"picked":"Sweeping Beam","floor":7},{"not_picked":["Conserve Battery","Fusion"],"picked":"Cold Snap","floor":11},{"not_picked":["Scrape","Heatsinks"],"picked":"Self Repair","floor":12},{"not_picked":["Cold Snap","Beam Cell"],"picked":"Creative AI","floor":13},{"not_picked":["Storm","Barrage"],"picked":"Turbo","floor":14},{"not_picked":["Machine Learning","Hyperbeam"],"picked":"Amplify","floor":16},{"not_picked":["Hello World+1","Cold Snap"],"picked":"Chill+1","floor":18},{"not_picked":["Turbo+1","Go for the Eyes"],"picked":"Beam Cell","floor":19},{"not_picked":["Ball Lightning","Skim+1","Cold Snap"],"picked":"SKIP","floor":20},{"not_picked":["Cold Snap","Gash"],"picked":"FTL","floor":22},{"not_picked":["Redo","Amplify"],"picked":"Conserve Battery","floor":24},{"not_picked":["Leap","Beam Cell"],"picked":"Barrage","floor":27},{"not_picked":["Steam Power","Conserve Battery"],"picked":"Stack+1","floor":31},{"not_picked":["Beam Cell","Doom and Gloom+1","Streamline"],"picked":"SKIP","floor":35},{"not_picked":["Purity","Forethought"],"picked":"Flash of Steel","floor":36},{"not_picked":["Finesse","Violence"],"picked":"Dark Shackles","floor":36}],"player_experience":1539520,"relics_obtained":[{"floor":7,"key":"Thread and Needle"},{"floor":9,"key":"Mango"},{"floor":14,"key":"Lantern"},{"floor":24,"key":"MawBank"},{"floor":26,"key":"Tiny Chest"},{"floor":27,"key":"Toy Ornithopter"},{"floor":29,"key":"Nilry\u0027s Codex"},{"floor":39,"key":"Bag of Marbles"}],"event_choices":[{"damage_healed":0,"gold_gain":0,"player_choice":"Got Potions","damage_taken":0,"max_hp_gain":0,"max_hp_loss":0,"event_name":"Lab","floor":2,"gold_loss":0},{"damage_healed":0,"gold_gain":0,"player_choice":"Obtained Relic","damage_taken":0,"relics_obtained":["MealTicket"],"max_hp_gain":0,"max_hp_loss":0,"event_name":"Addict","floor":21,"gold_loss":85},{"damage_healed":0,"gold_gain":0,"player_choice":"Obtained Book","damage_taken":16,"max_hp_gain":0,"max_hp_loss":0,"event_name":"Cursed Tome","floor":29,"gold_loss":0},{"damage_healed":0,"gold_gain":0,"player_choice":"Memory 3","damage_taken":10,"max_hp_gain":0,"max_hp_loss":0,"event_name":"SensoryStone","floor":36,"gold_loss":0},{"damage_healed":0,"gold_gain":0,"player_choice":"Max HP","damage_taken":0,"max_hp_gain":0,"max_hp_loss":4,"event_name":"Winding Halls","floor":37,"gold_loss":0}],"is_beta":false,"boss_relics":[{"not_picked":["Runic Pyramid","Coffee Dripper"],"picked":"SlaversCollar"},{"not_picked":["Velvet Choker","Astrolabe"],"picked":"Nuclear Battery"}],"items_purged_floors":[5],"is_endless":false,"potions_floor_spawned":[1,4,13,16,18,22,24,31],"killed_by":"Nemesis","ascension_level":0}}