{"host":"bsvw3vj5tq13pxxj","time":1614260363,"event":{"mods":["AchievementEnabler","BaseMod","Colored Map","DeckTracker","KOR Keyword Fix","Minty Spire (QoL Compilation)","Permanent Neow","SuperFastMode","everything is the same but u backflip on backflip"],"gold_per_floor":[111,186,202,202,220,220,237,256,335,366,395,408,408,408,408,511,511,528,528,544,544,64,96,108,149,161,272,297,309,321,333,333],"floor_reached":31,"language":"KOR","playtime":1163,"items_purged":[],"score":323,"play_id":"d18ea8de-ada6-4f1a-8dfb-98c5795d270b","local_time":"20210225223923","is_ascension_mode":false,"campfire_choices":[{"data":"Judgement","floor":6,"key":"SMITH"},{"data":"Wallop","floor":15,"key":"SMITH"},{"data":"Chrysalis","floor":24,"key":"SMITH"},{"data":"DevaForm","floor":30,"key":"SMITH"}],"circlet_count":0,"master_deck":["Strike_P","Defend_P","Defend_P+1","Eruption","Vigilance","Halt","Judgement+1","EmptyBody","Halt","Crescendo+1","Wallop+1","Evaluate","CutThroughFate","ConjureBlade","Devotion+1","ConjureBlade+1","Devotion+1","JustLucky","CutThroughFate","Swivel+1","DevaForm+1","Chrysalis+1","Adaptation+1","Consecrate"],"relics":["Coffee Dripper","Mercury Hourglass","Calipers","Odd Mushroom","Astrolabe","Enchiridion","Lee\u0027s Waffle","MawBank","Pantograph","Meat on the Bone"],"acts_visited":["Exordium","TheCity"],"potions_floor_usage":[11,16,16,25],"damage_taken":[{"damage":0,"enemies":"Small Slimes","floor":1,"turns":2},{"damage":0,"enemies":"2 Louse","floor":3,"turns":2},{"damage":0,"enemies":"Cultist","floor":5,"turns":2},{"damage":0,"enemies":"Looter","floor":7,"turns":2},{"damage":0,"enemies":"2 Fungi Beasts","floor":8,"turns":3},{"damage":13,"enemies":"3 Sentries","floor":10,"turns":5},{"damage":0,"enemies":"The Mushroom Lair","floor":11,"turns":3},{"damage":0,"enemies":"Large Slime","floor":12,"turns":4},{"damage":0,"enemies":"Slime Boss","floor":16,"turns":5},{"damage":2,"enemies":"3 Byrds","floor":18,"turns":4},{"damage":0,"enemies":"Chosen","floor":20,"turns":3},{"damage":17,"enemies":"Book of Stabbing","floor":23,"turns":4},{"damage":22,"enemies":"Slavers","floor":25,"turns":5},{"damage":24,"enemies":"Snake Plant","floor":28,"turns":6},{"damage":36,"enemies":"Sentry and Sphere","floor":31,"turns":2}],"seed_played":"2409648393419612187","potions_obtained":[{"floor":1,"key":"BlessingOfTheForge"},{"floor":7,"key":"PowerPotion"},{"floor":11,"key":"BlessingOfTheForge"},{"floor":12,"key":"SkillPotion"},{"floor":16,"key":"DuplicationPotion"},{"floor":18,"key":"EssenceOfSteel"}],"is_trial":false,"path_per_floor":["M","?","M","?","M","R","M","M","T","E","?","M","?","?","R","B",null,"M","?","M","?","$","E","R","E","T","?","M","?","R","M"],"character_chosen":"WATCHER","items_purchased":["Lee\u0027s Waffle","DevaForm","Chrysalis"],"campfire_rested":0,"item_purchase_floors":[22,22,22],"current_hp_per_floor":[72,61,61,61,61,61,61,61,61,48,48,48,34,27,27,27,72,70,70,70,54,79,62,62,40,40,40,28,28,28,0,0],"gold":333,"neow_bonus":"BOSS_RELIC","is_daily":false,"chose_seed":false,"campfire_upgraded":4,"win_rate":0.0,"timestamp":1614260363,"path_taken":["M","?","M","?","M","R","M","?","T","E","?","M","?","?","R","BOSS","M","?","M","?","$","E","R","E","T","?","M","?","R","M"],"items_purchased_type":["Relic","Card","Card"],"build_version":"2020-12-22","purchased_purges":0,"victory":false,"max_hp_per_floor":[72,72,72,72,72,72,72,72,72,72,72,72,72,72,72,72,72,72,72,72,72,79,79,79,79,79,79,79,79,79,79,79],"card_choices":[{"not_picked":["FearNoEvil","JustLucky"],"picked":"Halt","floor":1},{"not_picked":["Evaluate","FlyingSleeves"],"picked":"Judgement","floor":3},{"not_picked":["InnerPeace","Protect"],"picked":"EmptyBody","floor":5},{"not_picked":["Consecrate","SashWhip"],"picked":"Halt","floor":7},{"not_picked":["Fasting2","FollowUp"],"picked":"Crescendo","floor":8},{"not_picked":["ClearTheMind","WindmillStrike"],"picked":"Wallop","floor":10},{"not_picked":["Halt","Perseverance"],"picked":"Evaluate","floor":11},{"not_picked":["BowlingBash","CrushJoints"],"picked":"CutThroughFate","floor":12},{"not_picked":["Vault","DeusExMachina"],"picked":"ConjureBlade","floor":16},{"not_picked":["EmptyBody","Weave"],"picked":"Swivel","floor":18},{"not_picked":["FollowUp","FlurryOfBlows"],"picked":"Swivel+1","floor":20},{"not_picked":["Perseverance","SandsOfTime"],"picked":"Adaptation+1","floor":23},{"not_picked":["BattleHymn","Weave","Consecrate"],"picked":"SKIP","floor":25},{"not_picked":["Meditate","Protect"],"picked":"Consecrate","floor":28}],"player_experience":41480,"relics_obtained":[{"floor":9,"key":"Mercury Hourglass"},{"floor":10,"key":"Calipers"},{"floor":11,"key":"Odd Mushroom"},{"floor":21,"key":"Enchiridion"},{"floor":23,"key":"MawBank"},{"floor":25,"key":"Pantograph"},{"floor":26,"key":"Meat on the Bone"}],"event_choices":[{"damage_healed":0,"gold_gain":75,"player_choice":"Gather Gold","damage_taken":11,"max_hp_gain":0,"max_hp_loss":0,"event_name":"World of Goop","floor":2,"gold_loss":0},{"damage_healed":0,"gold_gain":0,"cards_transformed":["Strike_P"],"player_choice":"Transformed","damage_taken":0,"max_hp_gain":0,"max_hp_loss":0,"event_name":"Transmorgrifier","floor":4,"gold_loss":0,"cards_obtained":["FearNoEvil"]},{"damage_healed":0,"gold_gain":0,"player_choice":"Fought Mushrooms","damage_taken":0,"max_hp_gain":0,"max_hp_loss":0,"event_name":"Mushrooms","floor":11,"gold_loss":0},{"damage_healed":0,"gold_gain":0,"player_choice":"Entered Light","damage_taken":14,"max_hp_gain":0,"max_hp_loss":0,"event_name":"Shining Light","floor":13,"gold_loss":0,"cards_upgraded":["Crescendo","Defend_P"]},{"cards_removed":["Defend_P"],"damage_healed":0,"gold_gain":0,"player_choice":"Card Removal","damage_taken":7,"max_hp_gain":0,"max_hp_loss":0,"event_name":"Golden Wing","floor":14,"gold_loss":0},{"damage_healed":0,"gold_gain":0,"cards_transformed":["Swivel","FearNoEvil"],"player_choice":"Became Test Subject","damage_taken":0,"max_hp_gain":0,"max_hp_loss":0,"event_name":"Drug Dealer","floor":19,"gold_loss":0,"cards_obtained":["JustLucky","CutThroughFate"]},{"damage_healed":0,"gold_gain":0,"player_choice":"Obtained Book","damage_taken":16,"max_hp_gain":0,"max_hp_loss":0,"event_name":"Cursed Tome","floor":21,"gold_loss":0},{"damage_healed":0,"gold_gain":99,"player_choice":"Stole From Cult","damage_taken":0,"max_hp_gain":0,"max_hp_loss":0,"event_name":"Nest","floor":27,"gold_loss":0},{"damage_healed":0,"gold_gain":0,"player_choice":"Ignored","damage_taken":0,"max_hp_gain":0,"max_hp_loss":0,"event_name":"Ghosts","floor":29,"gold_loss":0}],"is_beta":false,"boss_relics":[{"not_picked":["Black Star","Busted Crown"],"picked":"Astrolabe"}],"items_purged_floors":[],"is_endless":false,"potions_floor_spawned":[1,7,11,12,16,18],"killed_by":"Sentry and Sphere","ascension_level":0}}