{"host":"7jag2woc339g1nhm","time":1614224360,"event":{"mods":["AchievementEnabler","BaseMod","Bestiary","DeckTracker","Minty Spire (QoL Compilation)"],"gold_per_floor":[109,127,127,52,2,2,26,26,26,40,76,151,182,218,218,347,347,365,290,190,190,204,204,39,56,80,80,96,128,128,147,147,252,252,266,266,266],"floor_reached":36,"language":"ENG","playtime":2616,"items_purged":["Defend_P","Strike_P","Defend_P"],"score":440,"play_id":"dea464cc-b8ae-4db3-9193-ab9e6cd850be","local_time":"20210225140920","is_ascension_mode":false,"campfire_choices":[{"data":"Dramatic Entrance","floor":6,"key":"SMITH"},{"data":"Eruption","floor":15,"key":"SMITH"},{"data":"Vigilance","floor":23,"key":"SMITH"},{"data":"Alpha","floor":30,"key":"SMITH"},{"floor":32,"key":"REST"}],"circlet_count":0,"master_deck":["Strike_P","Defend_P","Eruption+1","Vigilance+1","Dramatic Entrance+1","CutThroughFate","ClearTheMind","Wireheading+1","EmptyFist","Devotion","Evaluate","EmptyFist","Ragnarok","JustLucky","WindmillStrike","Alpha+1","BattleHymn","Pray","ClearTheMind","WheelKick"],"relics":["HolyWater","Bloody Idol","Matryoshka","Potion Belt","Odd Mushroom","Incense Burner","Busted Crown","Dream Catcher","Art of War","HornCleat"],"acts_visited":["Exordium","TheCity","TheBeyond"],"potions_floor_usage":[11,14,29,29,33,33,35],"damage_taken":[{"damage":1,"enemies":"Jaw Worm","floor":1,"turns":3},{"damage":0,"enemies":"Small Slimes","floor":2,"turns":2},{"damage":0,"enemies":"Cultist","floor":7,"turns":1},{"damage":11,"enemies":"Blue Slaver","floor":10,"turns":3},{"damage":0,"enemies":"Gremlin Nob","floor":11,"turns":2},{"damage":0,"enemies":"The Mushroom Lair","floor":13,"turns":2},{"damage":0,"enemies":"3 Sentries","floor":14,"turns":2},{"damage":33,"enemies":"Slime Boss","floor":16,"turns":11},{"damage":5,"enemies":"Shell Parasite","floor":18,"turns":3},{"damage":0,"enemies":"Chosen","floor":22,"turns":4},{"damage":14,"enemies":"Shelled Parasite and Fungi","floor":25,"turns":3},{"damage":24,"enemies":"Centurion and Healer","floor":28,"turns":5},{"damage":21,"enemies":"Book of Stabbing","floor":29,"turns":5},{"damage":19,"enemies":"3 Cultists","floor":31,"turns":4},{"damage":31,"enemies":"Champ","floor":33,"turns":7},{"damage":20,"enemies":"3 Darklings","floor":35,"turns":4},{"damage":57,"enemies":"2 Orb Walkers","floor":36,"turns":3}],"seed_played":"17560759903124900","potions_obtained":[{"floor":1,"key":"BottledMiracle"},{"floor":7,"key":"Fire Potion"},{"floor":13,"key":"EssenceOfSteel"},{"floor":16,"key":"LiquidBronze"},{"floor":25,"key":"BlessingOfTheForge"},{"floor":31,"key":"SkillPotion"},{"floor":33,"key":"Dexterity Potion"}],"is_trial":false,"path_per_floor":["M","M","?","$","?","R","M","?","T","M","E","?","?","E","R","B",null,"M","?","$","?","M","R","$","M","T","?","M","E","R","M","R","B",null,"M","?"],"character_chosen":"WATCHER","items_purchased":["WindmillStrike"],"campfire_rested":1,"item_purchase_floors":[24],"current_hp_per_floor":[71,71,67,67,67,67,67,67,67,56,56,45,45,45,45,12,67,62,62,62,62,67,67,67,58,63,63,44,28,28,14,34,8,67,52,0,0],"gold":266,"neow_bonus":"RANDOM_COLORLESS","is_daily":false,"chose_seed":false,"campfire_upgraded":4,"win_rate":0.0,"timestamp":1614224360,"path_taken":["M","M","?","$","?","R","M","?","T","?","E","?","?","E","R","BOSS","M","?","$","?","M","R","$","M","T","?","M","E","R","?","R","BOSS","M","?"],"items_purchased_type":["Card"],"build_version":"2020-12-22","purchased_purges":3,"victory":false,"max_hp_per_floor":[72,72,67,67,67,67,67,67,67,67,67,67,67,67,67,67,67,67,67,67,67,67,67,67,67,67,67,67,67,67,67,67,67,67,67,67,67],"card_choices":[{"not_picked":["Good Instincts","Dark Shackles"],"picked":"Dramatic Entrance","floor":0},{"not_picked":["WreathOfFlame","Evaluate"],"picked":"CutThroughFate","floor":1},{"not_picked":["Swivel","JustLucky"],"picked":"ClearTheMind","floor":2},{"not_picked":["FollowUp","ClearTheMind"],"picked":"Wireheading","floor":7},{"not_picked":["ClearTheMind","Crescendo"],"picked":"EmptyFist","floor":10},{"not_picked":["FlurryOfBlows","CrushJoints"],"picked":"Devotion","floor":11},{"not_picked":["EmptyBody","SashWhip"],"picked":"Evaluate","floor":13},{"not_picked":["SignatureMove","Evaluate"],"picked":"EmptyFist","floor":14},{"not_picked":["Blasphemy","Scrawl"],"picked":"Ragnarok","floor":16},{"not_picked":[],"picked":"JustLucky","floor":18},{"not_picked":["ClearTheMind"],"picked":"SKIP","floor":22},{"not_picked":["FollowUp"],"picked":"SKIP","floor":25},{"not_picked":[],"picked":"BattleHymn","floor":28},{"not_picked":[],"picked":"Pray","floor":29},{"not_picked":[],"picked":"ClearTheMind","floor":31},{"not_picked":[],"picked":"WheelKick","floor":32},{"not_picked":["CutThroughFate+1"],"picked":"SKIP","floor":35}],"player_experience":137479,"relics_obtained":[{"floor":9,"key":"Matryoshka"},{"floor":11,"key":"Potion Belt"},{"floor":13,"key":"Odd Mushroom"},{"floor":14,"key":"Incense Burner"},{"floor":26,"key":"Dream Catcher"},{"floor":26,"key":"Art of War"},{"floor":29,"key":"HornCleat"}],"event_choices":[{"damage_healed":0,"gold_gain":0,"player_choice":"Lose Max HP","damage_taken":0,"relics_obtained":["Golden Idol"],"max_hp_gain":0,"max_hp_loss":5,"event_name":"Golden Idol","floor":3,"gold_loss":0},{"cards_removed":["Strike_P"],"damage_healed":0,"gold_gain":0,"player_choice":"Card Removal","damage_taken":0,"max_hp_gain":0,"max_hp_loss":0,"event_name":"The Cleric","floor":5,"gold_loss":50},{"damage_healed":0,"gold_gain":0,"player_choice":"Forge","damage_taken":0,"max_hp_gain":0,"max_hp_loss":0,"event_name":"Accursed Blacksmith","floor":8,"gold_loss":0,"cards_upgraded":["Wireheading"]},{"damage_healed":0,"gold_gain":75,"player_choice":"Gather Gold","damage_taken":11,"max_hp_gain":0,"max_hp_loss":0,"event_name":"World of Goop","floor":12,"gold_loss":0},{"damage_healed":0,"gold_gain":0,"player_choice":"Fought Mushrooms","damage_taken":0,"max_hp_gain":0,"max_hp_loss":0,"event_name":"Mushrooms","floor":13,"gold_loss":0},{"cards_removed":["Defend_P"],"damage_healed":0,"gold_gain":0,"player_choice":"Gave Gold","damage_taken":0,"max_hp_gain":0,"max_hp_loss":0,"event_name":"Beggar","floor":19,"gold_loss":75},{"damage_healed":0,"gold_gain":0,"player_choice":"Gave Idol","damage_taken":0,"relics_obtained":["Bloody Idol"],"max_hp_gain":0,"max_hp_loss":0,"event_name":"Forgotten Altar","floor":21,"relics_lost":["Golden Idol"],"gold_loss":0},{"damage_healed":0,"gold_gain":0,"cards_transformed":["Strike_P"],"player_choice":"Transformed","damage_taken":0,"max_hp_gain":0,"max_hp_loss":0,"event_name":"Transmorgrifier","floor":27,"gold_loss":0,"cards_obtained":["Alpha"]},{"damage_healed":0,"gold_gain":0,"player_choice":"Fight","damage_taken":0,"max_hp_gain":0,"max_hp_loss":0,"event_name":"Mysterious Sphere","floor":36,"gold_loss":0}],"is_beta":false,"boss_relics":[{"not_picked":["Fusion Hammer","Tiny House"],"picked":"Busted Crown"},{"not_picked":["Sozu","Empty Cage"],"picked":"HolyWater"}],"items_purged_floors":[4,20,24],"is_endless":false,"potions_floor_spawned":[1,7,13,16,25,31,33],"killed_by":"2 Orb Walkers","ascension_level":0}}