{"host":"qxzkmpmxk64zbkoo","time":1614280961,"event":{"mods":["Aspiration","BaseMod","BetterRewards","Downfall","Hermit","Marisa????????","Minty Spire (QoL Compilation)","Relic Stats","Replay The Spire","Shop Mod","StS++","StSLib","The Cursed","The Marked","The Servant 0.9.4","TheVacant"],"gold_per_floor":[99,25,25,25,25,25,25,25,25,25,25,25,25,25,25,25,25,25,25,25,25,25,25,25,25,25,25,25,25,25,25,25,25,25,25,25,25,25,25,25,25,25,25,25,25,25,25,25,25,25,25,25,25,25,25,25],"floor_reached":55,"language":"ENG","playtime":6077,"items_purged":[],"score":911,"play_id":"bf53ed34-6eca-4ac7-971f-2df439b82f91","local_time":"20210225132241","is_ascension_mode":true,"campfire_choices":[{"data":"Consecrate","floor":6,"key":"SMITH"},{"data":"MentalFortress","floor":10,"key":"SMITH"},{"floor":15,"key":"REST"},{"floor":25,"key":"REST"},{"data":"Vault","floor":28,"key":"SMITH"},{"data":"Scrawl","floor":30,"key":"SMITH"},{"floor":32,"key":"REST"},{"floor":40,"key":"REST"},{"floor":42,"key":"RECALL"},{"floor":44,"key":"REST"},{"floor":49,"key":"REST"},{"data":"Replay:AtTheReady","floor":52,"key":"SMITH"}],"circlet_count":0,"master_deck":["Strike_P","Strike_P+1","Strike_P","Strike_P","Defend_P","Defend_P","Defend_P","Defend_P+1","Eruption+1","Vigilance+1","Protect","MentalFortress+1","Consecrate+1","Tantrum+1","LessonLearned","FlurryOfBlows+1","Replay:Anticipation+1","EmptyMind","Vault+1","PathToVictory+1","Scrawl+1","RitualDagger","EmptyBody+1","Vengeance","BattleHymn+1","LikeWater","Sickly","Halt","Consecrate+1","StSpp:Patience","EmptyFist+1","Fasting2+1","Doubt","ConjureBlade","DeceiveReality+1","Replay:Sluggish","Delirium","Replay:AtTheReady+1","FearNoEvil"],"relics":["Ectoplasm","Blood Vial","Happy Flower","Anchor","Art of War","Kunai","Omamori","VioletLotus","downfall:ExtraCursedKey","Pear","Matryoshka","PreservedInsect","SacredBark","ReplayTheSpireMod:Ring of Collecting","Ring of Fury","Thread and Needle","Bag of Marbles","Ring of Hypnosis","Bird Faced Urn","Incense Burner","Eternal Feather"],"acts_visited":["TheCity","TheBeyond","TheEnding"],"potions_floor_usage":[7,7,7,11,16,18,18,41,41,50,55,55],"damage_taken":[{"damage":7.0,"enemies":"Cultist","floor":1.0,"turns":3.0},{"damage":1,"enemies":"Small Slimes","floor":3,"turns":5},{"damage":0,"enemies":"2 Louse","floor":5,"turns":1},{"damage":24,"enemies":"Lagavulin","floor":7,"turns":4},{"damage":8,"enemies":"Blue Slaver","floor":8,"turns":6},{"damage":1,"enemies":"3 Sentries","floor":11,"turns":5},{"damage":25,"enemies":"Gremlin Nob","floor":13,"turns":4},{"damage":17,"enemies":"Slime Boss","floor":16,"turns":14},{"damage":2,"enemies":"Shell Parasite","floor":18,"turns":4},{"damage":5,"enemies":"Spheric Guardian","floor":21,"turns":3},{"damage":8,"enemies":"Shelled Parasite and Fungi","floor":22,"turns":3},{"damage":11,"enemies":"Replay:Snechameleon","floor":23,"turns":7},{"damage":43,"enemies":"Centurion and Healer","floor":24,"turns":4},{"damage":0,"enemies":"Gremlin Leader","floor":27,"turns":4},{"damage":6,"enemies":"Chosen and Byrds","floor":29,"turns":3},{"damage":18,"enemies":"Champ","floor":33,"turns":10},{"damage":7,"enemies":"3 Darklings","floor":35,"turns":5},{"damage":4,"enemies":"3 Shapes","floor":36,"turns":4},{"damage":35,"enemies":"3 Darklings","floor":37,"turns":5},{"damage":29,"enemies":"Spire Growth","floor":39,"turns":6},{"damage":29,"enemies":"Giant Head","floor":41,"turns":4},{"damage":6,"enemies":"R_Hoarder","floor":45,"turns":6},{"damage":6,"enemies":"2 Orb Walkers","floor":47,"turns":4},{"damage":1,"enemies":"Transient","floor":48,"turns":6},{"damage":64,"enemies":"Awakened One","floor":50,"turns":8},{"damage":30,"enemies":"Shield and Spear","floor":54,"turns":8},{"damage":75,"enemies":"The Heart","floor":55,"turns":9}],"seed_played":"3227706787405610477","potions_obtained":[{"floor":3,"key":"StSpp:ScatteredPotion"},{"floor":7,"key":"Doom Potion"},{"floor":8,"key":"Explosive Potion"},{"floor":16,"key":"BottledMiracle"},{"floor":18,"key":"Fruit Juice"},{"floor":23,"key":"SteroidPotion"},{"floor":27,"key":"sneckomod:MuddlingPotion"},{"floor":29,"key":"StSpp:InhibitionPotion"},{"floor":31,"key":"hexamod:SoulburnPotion"},{"floor":47,"key":"Elixir"},{"floor":54,"key":"LiquidMemories"}],"is_trial":false,"path_per_floor":["M","$","M","?","M","R","E","M","T","R","E","$","E","?","R","B",null,"M","?","?","M","M","E","M","R","T","E","R","M","R","?","R","B",null,"M","M","M","?","M","R","E","R","T","R","E","$","?","M","R","B",null,"R","$","E","B"],"character_chosen":"WATCHER","items_purchased":["MentalFortress"],"campfire_rested":6,"item_purchase_floors":[2],"current_hp_per_floor":[65,65,64,64,66,66,44,38,38,38,39,39,16,4,25,10,72,75,75,69,66,60,61,20,46,46,48,48,44,44,44,70,54,87,80,78,45,45,18,44,17,17,17,43,39,39,39,44,70,16,87,87,87,61,0,0],"gold":25,"neow_bonus":"BOSS_RELIC","is_daily":false,"chose_seed":false,"campfire_upgraded":5,"win_rate":0.0,"timestamp":1614280961,"path_taken":["M","?","M","?","?","R","E","M","T","R","E","$","E","?","R","BOSS","M","?","?","?","M","E","M","R","T","E","R","M","R","?","R","BOSS","M","?","M","?","M","R","E","R","T","R","E","$","?","M","R","BOSS","R","$","E","BOSS"],"items_purchased_type":["Card"],"build_version":"2020-12-22","purchased_purges":0,"victory":false,"max_hp_per_floor":[72,72,72,72,72,72,72,72,72,72,72,72,72,72,72,72,72,77,77,77,77,77,87,87,87,87,87,87,87,87,87,87,87,87,87,87,87,87,87,87,87,87,87,87,87,87,87,87,87,87,87,87,87,87,87,87],"relic_stats":{"Blood Vial":44,"Happy Flower":[44],"counters":[26,141],"Bird Faced Urn":[28],"Eternal Feather":0,"Ectoplasm":721,"VioletLotus":[13],"PreservedInsect":268,"Art of War":[13],"Kunai":[60],"obtain_stats":[{"Pear":23,"Happy Flower":7,"Ring of Hypnosis":43,"SacredBark":34,"Thread and Needle":41,"Eternal Feather":54,"PreservedInsect":27,"Omamori":14,"Incense Burner":47,"Blood Vial":4,"Anchor":9,"Matryoshka":26,"ReplayTheSpireMod:Ring of Collecting":38,"Bird Faced Urn":45,"Ring of Fury":38,"Ectoplasm":0,"VioletLotus":17,"downfall:ExtraCursedKey":19,"Art of War":11,"Bag of Marbles":43,"Kunai":13},{"Pear":11,"Happy Flower":3,"Ring of Hypnosis":20,"SacredBark":15,"Thread and Needle":20,"Eternal Feather":25,"PreservedInsect":13,"Omamori":6,"Incense Burner":22,"Blood Vial":1,"Anchor":4,"Matryoshka":12,"ReplayTheSpireMod:Ring of Collecting":18,"Bird Faced Urn":21,"Ring of Fury":18,"Ectoplasm":0,"VioletLotus":7,"downfall:ExtraCursedKey":8,"Art of War":5,"Bag of Marbles":20,"Kunai":6},{"Pear":55,"Happy Flower":10,"Ring of Hypnosis":100,"SacredBark":76,"Thread and Needle":100,"Eternal Feather":132,"PreservedInsect":63,"Omamori":25,"Incense Burner":110,"Blood Vial":5,"Anchor":16,"Matryoshka":59,"ReplayTheSpireMod:Ring of Collecting":90,"Bird Faced Urn":106,"Ring of Fury":90,"Ectoplasm":0,"VioletLotus":38,"downfall:ExtraCursedKey":42,"Art of War":21,"Bag of Marbles":100,"Kunai":25}]},"card_choices":[{"not_picked":["Prostrate","SignatureMove"],"picked":"Protect","floor":1.0},{"not_picked":["Protect","MasterReality"],"picked":"Consecrate","floor":3},{"not_picked":["Replay:Cycle","JustLucky"],"picked":"Tantrum","floor":5},{"not_picked":["Replay:ManipulateFuture","SashWhip"],"picked":"LessonLearned","floor":7},{"not_picked":["EmptyMind","FollowUp"],"picked":"FlurryOfBlows","floor":8},{"not_picked":["Swivel","Study"],"picked":"Replay:Anticipation","floor":11},{"not_picked":["StSpp:LatentStrike","Establishment"],"picked":"EmptyMind","floor":13},{"not_picked":["Brilliance","StSpp:VitalPoint"],"picked":"Vault","floor":16},{"not_picked":["FlurryOfBlows","DeceiveReality+1"],"picked":"PathToVictory+1","floor":18},{"not_picked":["StSpp:Chanting","Evaluate"],"picked":"EmptyBody+1","floor":21},{"not_picked":["BowlingBash","EmptyBody"],"picked":"Vengeance","floor":22},{"not_picked":["FlyingSleeves","EmptyMind"],"picked":"BattleHymn+1","floor":23},{"not_picked":["CutThroughFate","Protect"],"picked":"LikeWater","floor":24},{"not_picked":["Protect+1","JustLucky"],"picked":"Halt","floor":27},{"not_picked":["StSpp:Chanting","Replay:ManipulateFuture+1"],"picked":"Consecrate+1","floor":29},{"not_picked":["Omniscience","Alpha"],"picked":"StSpp:Patience","floor":33},{"not_picked":["CutThroughFate","Crescendo+1"],"picked":"EmptyFist","floor":35},{"not_picked":["Halt","Vengeance","EmptyFist"],"picked":"SKIP","floor":36},{"not_picked":["JustLucky","EmptyBody"],"picked":"Fasting2+1","floor":37},{"not_picked":["Tantrum+1","Wireheading+1"],"picked":"ConjureBlade","floor":39},{"not_picked":["FlyingSleeves+1","Protect"],"picked":"DeceiveReality+1","floor":41},{"not_picked":["EmptyMind","StSpp:Purify"],"picked":"Replay:AtTheReady","floor":45},{"not_picked":["JustLucky","Halt"],"picked":"FearNoEvil","floor":47},{"not_picked":["Collect","Crescendo","FlyingSleeves"],"picked":"SKIP","floor":48},{"not_picked":["Collect","Vault","StSpp:Purify+1"],"picked":"SKIP","floor":54}],"player_experience":400678,"relics_obtained":[{"floor":4,"key":"Blood Vial"},{"floor":7,"key":"Happy Flower"},{"floor":9,"key":"Anchor"},{"floor":11,"key":"Art of War"},{"floor":13,"key":"Kunai"},{"floor":23,"key":"Pear"},{"floor":26,"key":"Matryoshka"},{"floor":27,"key":"PreservedInsect"},{"floor":38,"key":"ReplayTheSpireMod:Ring of Collecting"},{"floor":38,"key":"Ring of Fury"},{"floor":41,"key":"Thread and Needle"},{"floor":43,"key":"Bag of Marbles"},{"floor":43,"key":"Ring of Hypnosis"},{"floor":45,"key":"Bird Faced Urn"},{"floor":47,"key":"Incense Burner"},{"floor":54,"key":"Eternal Feather"}],"event_choices":[{"damage_healed":0,"gold_gain":0,"player_choice":"Relic","damage_taken":0,"max_hp_gain":0,"max_hp_loss":0,"event_name":"Wheel of Change","floor":4,"gold_loss":0},{"damage_healed":0,"gold_gain":0,"player_choice":"Success","damage_taken":12,"relics_obtained":["Omamori"],"max_hp_gain":0,"max_hp_loss":0,"event_name":"Scrap Ooze","floor":14,"gold_loss":0},{"damage_healed":0,"gold_gain":0,"player_choice":"Joined the Cult","damage_taken":6,"max_hp_gain":0,"max_hp_loss":0,"event_name":"Nest","floor":20,"gold_loss":0,"cards_obtained":["RitualDagger"]},{"damage_healed":0,"gold_gain":0,"player_choice":"Got Potions","damage_taken":0,"max_hp_gain":0,"max_hp_loss":0,"event_name":"Lab","floor":31,"gold_loss":0},{"damage_healed":0,"gold_gain":0,"player_choice":"Fight","damage_taken":0,"max_hp_gain":0,"max_hp_loss":0,"event_name":"Mysterious Sphere","floor":47,"gold_loss":0}],"is_beta":false,"boss_relics":[{"not_picked":["Empty Cage","Runic Dome"],"picked":"VioletLotus"},{"not_picked":["Runic Pyramid","Velvet Choker"],"picked":"SacredBark"}],"items_purged_floors":[],"is_endless":false,"potions_floor_spawned":[3,7,8,16,18,23,27,29,33,35,36,37,47,54],"killed_by":"The Heart","ascension_level":2}}