{"host":"w97dq1whmpm6b2tc","time":1614286538,"event":{"mods":["BaseMod","Challenge The Spire","Downfall","Minty Spire (QoL Compilation)","StSLib"],"gold_per_floor":[99,99,99,99,118,128,428,428,428,428],"floor_reached":8,"language":"ENG","playtime":265,"items_purged":[],"score":51,"play_id":"1cc11480-f8a6-4d48-b3f4-486ae87e4a89","local_time":"20210225225538","is_ascension_mode":true,"campfire_choices":[{"data":"bronze:Goto","floor":1,"key":"SMITH"}],"circlet_count":0,"master_deck":["bronze:Strike","bronze:Strike","bronze:Strike","bronze:Strike","bronze:Defend","bronze:Defend","bronze:Defend","bronze:Defend","bronze:Replicate","bronze:Goto+1","bronze:Iterate","bronze:FineTuning","bronze:FollowUp","bronze:TinkerersToolbox"],"relics":["bronze:BronzeCore","downfall:HeartsMalice","Old Coin"],"acts_visited":["Exordium"],"potions_floor_usage":[],"damage_taken":[{"damage":0,"enemies":"2 Louse","floor":2,"turns":1},{"damage":0,"enemies":"Jaw Worm","floor":3,"turns":1},{"damage":0,"enemies":"Small Slimes","floor":4,"turns":1},{"damage":6,"enemies":"downfall:LooterAlt","floor":5,"turns":3},{"damage":13,"enemies":"Exordium Thugs","floor":6,"turns":3},{"damage":60,"enemies":"Gremlin Nob","floor":8,"turns":4}],"seed_played":"-5422877690272246144","potions_obtained":[],"is_trial":false,"path_per_floor":["R","M","M","M","M","M","T","E"],"character_chosen":"THE_AUTOMATON","items_purchased":[],"campfire_rested":0,"item_purchase_floors":[],"current_hp_per_floor":[70,70,70,70,64,51,51,0,0,0],"gold":428,"neow_bonus":"THREE_ENEMY_KILL","is_daily":false,"chose_seed":false,"campfire_upgraded":1,"win_rate":0.0,"timestamp":1614286538,"path_taken":["R","M","M","M","M","M","T","E"],"items_purchased_type":[],"build_version":"2020-12-22","purchased_purges":0,"victory":false,"max_hp_per_floor":[70,70,70,70,70,70,70,70,70,70],"card_choices":[{"not_picked":["bronze:CutThrough","bronze:Invalidate"],"picked":"bronze:Iterate","floor":2},{"not_picked":["bronze:DarkDash","bronze:BronzeArmor"],"picked":"bronze:FineTuning","floor":3},{"not_picked":["bronze:Overheat","bronze:Fortify"],"picked":"bronze:FollowUp","floor":4},{"not_picked":["bronze:ItsAFeature","bronze:BugBarrage","bronze:Backtrace"],"picked":"SKIP","floor":5},{"not_picked":["bronze:ChildClass","bronze:OilSpill"],"picked":"bronze:TinkerersToolbox","floor":6}],"player_experience":3854388,"relics_obtained":[{"floor":7,"key":"Old Coin"}],"event_choices":[],"is_beta":false,"boss_relics":[],"items_purged_floors":[],"is_endless":false,"potions_floor_spawned":[],"killed_by":"Gremlin Nob","ascension_level":3}}