{"host":"gsef4mntx4mq50d0","time":1614236736,"event":{"mods":["Act Like it!","Arknights","Aspiration","BaseMod","Block Reminder","Colored Map","Downfall","GifTheSpireLib","Hallownest","HololiveMod","Hubris","Infinite Spire","MarisaÅiñ∂âJÅ@ñÇóùçπÅj","Minty Spire (QoL Compilation)","SIMod","StSLib","The Alterego","The Bug Knight","The Exalted","The Forsaken","The Servant 0.9.4","TheSwordswoman"],"gold_per_floor":[111,57,73,93,93,93,105,105,105,121,121,136,155,183,183,280,280,300,311,124,135,45,74,74,91,91,91,116,116,116],"floor_reached":29,"language":"ENG","playtime":1769,"items_purged":[],"score":267,"play_id":"0b9824e0-5bb0-4f5c-a380-c3a0f07442f3","local_time":"20210225170536","is_ascension_mode":false,"campfire_choices":[{"data":"HollowMod:VengefulVoid","floor":6,"key":"SMITH"},{"data":"HollowMod:NewJinnsSoul","floor":8,"key":"SMITH"},{"data":"HollowMod:SharpenedShadows","floor":15,"key":"SMITH"},{"floor":24,"key":"REST"},{"floor":27,"key":"REST"}],"circlet_count":0,"master_deck":["HollowMod:NailStrikeStart","HollowMod:QuickDashStart","HollowMod:QuickDashStart","HollowMod:QuickDashStart","HollowMod:QuickDashStart","HollowMod:FocusHealStart","HollowMod:PogoStrike","HollowMod:BlackTendrils","HollowMod:DescendingDark","HollowMod:NewJinnsSoul+1","HollowMod:VengefulVoid+1","HollowMod:InfectedAttack","HollowMod:HuntersJournal","Riddle With Holes","Backstab","aspiration:Lunge","HollowMod:BrokenVessel","HollowMod:PaleKingsBlessing","HollowMod:SharpenedShadows+1","HollowMod:SoulMaster","HollowMod:WraithStrike","HollowMod:HeavyBlow","HollowMod:BlackTendrils","HollowMod:CloakDash","HollowMod:DoubleDash","HollowMod:GoodIntentions","HollowMod:DoubleDash","HollowMod:AbyssShriek","HollowMod:MothsMistake"],"relics":["HollowMod:VesselMask","Happy Flower","Hallownest:DreamNailRelic","Potion Belt","aspiration:TomeofQuesting","Philosopher\u0027s Stone","Hallownest:StagBellRelic1","HollowMod:PaleOreRelic","infinitespire:EmpoweringShard"],"acts_visited":["Hallownest:Greenpath","Hallownest:CityofTears"],"potions_floor_usage":[14,16,16,25],"damage_taken":[{"damage":1,"enemies":"Hallownest:2_MossCreeps","floor":1,"turns":5},{"damage":6,"enemies":"Hallownest:2_Tiktiks_and_1_Crawlid","floor":3,"turns":1},{"damage":9,"enemies":"2_ Uuma","floor":4,"turns":3},{"damage":12,"enemies":"Hallownest:Guard_and_Warrior","floor":7,"turns":6},{"damage":0,"enemies":"Hallownest:monsterAspidMother","floor":10,"turns":4},{"damage":0,"enemies":"Hallownest:Wandering_and_Horned","floor":12,"turns":2},{"damage":6,"enemies":"Hallownest:2_Tiktiks_1_Baldur_1_Crawlid","floor":13,"turns":1},{"damage":1,"enemies":"Hallownest:eliteMossKnight","floor":14,"turns":8},{"damage":48,"enemies":"Hallownest:BossFalseKnight","floor":16,"turns":13},{"damage":9,"enemies":"Hallownest:3_Youths","floor":18,"turns":10},{"damage":7,"enemies":"Hallownest:Flukemon_and_Top","floor":19,"turns":5},{"damage":21,"enemies":"Hallownest:2_Flukemon","floor":21,"turns":5},{"damage":24,"enemies":"Hallownest:Nosk","floor":23,"turns":7},{"damage":21,"enemies":"Hallownest:3_Mistakes","floor":25,"turns":6},{"damage":69,"enemies":"Hallownest:eliteWatcherKnight","floor":28,"turns":14},{"damage":1,"enemies":"Hallownest:2_Husk_Sentries","floor":29,"turns":2}],"seed_played":"4407219451460548794","potions_obtained":[{"floor":3,"key":"BlessingOfTheForge"},{"floor":12,"key":"Ancient Potion"},{"floor":13,"key":"GamblersBrew"},{"floor":14,"key":"AttackPotion"},{"floor":18,"key":"SteroidPotion"}],"is_trial":false,"path_per_floor":["M","$","M","M","?","R","M","R","T","M","?","M","M","E","R","B",null,"M","M","$","M","?","E","R","M","T","R","E","M"],"character_chosen":"THE_BUGKNIGHT","items_purchased":["HollowMod:DescendingDark","HollowMod:BlackTendrils","HollowMod:CloakDash","HollowMod:DoubleDash"],"campfire_rested":2,"item_purchase_floors":[2,20,20,20],"current_hp_per_floor":[74,74,70,63,63,63,60,60,60,62,62,64,58,62,62,31,75,73,68,68,52,52,33,55,44,44,66,7,6,6],"gold":116,"neow_bonus":"RANDOM_COMMON_RELIC","is_daily":false,"chose_seed":false,"campfire_upgraded":3,"win_rate":0.0,"timestamp":1614236736,"path_taken":["M","$","M","M","?","R","?","R","T","?","?","M","?","E","R","BOSS","M","M","$","M","?","E","R","M","T","R","E","M"],"items_purchased_type":["Card","Card","Card","Card"],"build_version":"2020-12-22","purchased_purges":0,"victory":false,"max_hp_per_floor":[75,75,75,75,75,75,75,75,75,75,75,75,75,75,75,75,75,75,75,75,75,75,75,75,75,75,75,75,75,75],"card_choices":[{"not_picked":["HollowMod:QuirrelsAssistance","HollowMod:CornifersMapStart"],"picked":"HollowMod:BlackTendrils","floor":1},{"not_picked":["HollowMod:HuntersJournal","HollowMod:SoulSplash"],"picked":"HollowMod:NewJinnsSoul","floor":3},{"not_picked":["HollowMod:CycloneSlash","HollowMod:MonarchWings"],"picked":"HollowMod:VengefulVoid","floor":4},{"not_picked":["HollowMod:MonomonsArchive","HollowMod:SoulSplash"],"picked":"HollowMod:InfectedAttack","floor":7},{"not_picked":["HollowMod:CornifersMapStart","HollowMod:Grubsong"],"picked":"HollowMod:HuntersJournal","floor":10},{"not_picked":["HollowMod:InfectedCysts","HollowMod:SoulSplash"],"picked":"HollowMod:BrokenVessel","floor":12},{"not_picked":["HollowMod:CornifersMapStart","HollowMod:ChannelNail"],"picked":"HollowMod:PaleKingsBlessing","floor":13},{"not_picked":["HollowMod:LifebloodCore","HollowMod:MothsMistake"],"picked":"HollowMod:SharpenedShadows","floor":14},{"not_picked":["HollowMod:NewInfectedGuardian","HollowMod:LifebloodCore"],"picked":"HollowMod:SoulMaster","floor":16},{"not_picked":["HollowMod:NewLittleFool+1","HollowMod:InfectedAttack+1"],"picked":"HollowMod:WraithStrike","floor":18},{"not_picked":["HollowMod:MidwifesHunger","HollowMod:SoulStrike"],"picked":"HollowMod:HeavyBlow","floor":19},{"not_picked":["HollowMod:InfectedCysts","HollowMod:SoulSplash"],"picked":"HollowMod:GoodIntentions","floor":21},{"not_picked":["HollowMod:HowlingWraiths","HollowMod:FastStrike"],"picked":"HollowMod:DoubleDash","floor":23},{"not_picked":["HollowMod:VengefulSpirit+1","HollowMod:WraithStrike"],"picked":"HollowMod:AbyssShriek","floor":25},{"not_picked":["HollowMod:SoulSplash","HollowMod:ElderbugsWisdom"],"picked":"HollowMod:MothsMistake","floor":28}],"player_experience":188229,"relics_obtained":[{"floor":9,"key":"Potion Belt"},{"floor":14,"key":"aspiration:TomeofQuesting"},{"floor":23,"key":"HollowMod:PaleOreRelic"},{"floor":28,"key":"infinitespire:EmpoweringShard"}],"event_choices":[],"is_beta":false,"boss_relics":[{"not_picked":["Hololive_TopUpMoneyS","Black Star"],"picked":"Philosopher\u0027s Stone"}],"items_purged_floors":[],"is_endless":false,"potions_floor_spawned":[3,12,13,14,18],"killed_by":"Hallownest:2_Husk_Sentries","ascension_level":0}}