{"host":"l15sdf2mmi0nobpi","time":1614262360,"event":{"mods":["ATMod(°¢èªMod)","BaseMod","Highlight Path","Minty Spire (QoL Compilation)","Quick Restart","StSLib","¡¾¹¦ÄÜMod¡¿Neow½±Àø"],"gold_per_floor":[364,380,392,149,74,101,61,96,96,109,109,127,127,138,138,138,138],"floor_reached":16,"language":"ZHS","playtime":534,"items_purged":["Strike_R"],"score":224,"play_id":"a3d86561-79e2-42fc-86d7-497d73746cc0","local_time":"20210225221240","is_ascension_mode":true,"campfire_choices":[{"data":"Fire Breathing","floor":11,"key":"SMITH"},{"data":"AT_ChampionKick","floor":13,"key":"SMITH"},{"data":"AT_Dispersion","floor":15,"key":"SMITH"}],"circlet_count":0,"master_deck":["AscendersBane","Strike_R","Strike_R","Strike_R","Defend_R","Defend_R","Defend_R","Defend_R","Bash","AT_ChampionKick+1","Fire Breathing+1","AT_Dispersion+1"],"relics":["Burning Blood","AT_ATBox","Sling","White Beast Statue","Unceasing Top","AT_RabadonDeathcap"],"acts_visited":["Exordium"],"potions_floor_usage":[14],"damage_taken":[{"damage":0,"enemies":"2 Louse","floor":1,"turns":4},{"damage":2,"enemies":"Jaw Worm","floor":2,"turns":3},{"damage":2,"enemies":"Cultist","floor":3,"turns":4},{"damage":39,"enemies":"Lagavulin","floor":6,"turns":7},{"damage":15,"enemies":"3 Sentries","floor":8,"turns":4},{"damage":12,"enemies":"Looter","floor":10,"turns":4},{"damage":12,"enemies":"Blue Slaver","floor":12,"turns":8},{"damage":18,"enemies":"Exordium Thugs","floor":14,"turns":3},{"damage":21,"enemies":"Hexaghost","floor":16,"turns":10}],"seed_played":"-3833591862877050974","potions_obtained":[{"floor":1,"key":"LiquidMemories"},{"floor":2,"key":"AttackPotion"},{"floor":12,"key":"FairyPotion"},{"floor":14,"key":"SteroidPotion"}],"is_trial":false,"path_per_floor":["M","M","M","$","?","E","$","E","T","M","R","M","R","M","R","B"],"character_chosen":"IRONCLAD","items_purchased":["Sling","Fire Breathing"],"campfire_rested":0,"item_purchase_floors":[4,7],"current_hp_per_floor":[68,68,68,68,68,35,35,26,26,20,20,14,14,23,23,2,2],"gold":138,"neow_bonus":"TWO_FIFTY_GOLD","is_daily":false,"chose_seed":false,"campfire_upgraded":3,"win_rate":0.0,"timestamp":1614262360,"path_taken":["M","M","M","$","?","E","$","E","T","M","R","M","R","M","R","BOSS"],"items_purchased_type":["Relic","Card"],"build_version":"2020-12-22","purchased_purges":1,"victory":false,"max_hp_per_floor":[68,68,68,68,68,68,68,68,68,68,68,68,68,68,68,68,68],"card_choices":[{"not_picked":["AT_DiedThrough","Warcry","Rampage"],"picked":"SKIP","floor":1},{"not_picked":["Heavy Blade","Sword Boomerang","Anger"],"picked":"SKIP","floor":2},{"not_picked":["Flame Barrier","Headbutt","Twin Strike"],"picked":"SKIP","floor":3},{"not_picked":["Headbutt","Wild Strike","Rampage"],"picked":"SKIP","floor":6},{"not_picked":["Juggernaut","Headbutt","AT_DiedThrough"],"picked":"SKIP","floor":8},{"not_picked":["Juggernaut","Headbutt","AT_DiedThrough"],"picked":"SKIP","floor":8},{"not_picked":["True Grit","Sword Boomerang","Wild Strike"],"picked":"SKIP","floor":10},{"not_picked":["Perfected Strike","Thunderclap","Dual Wield"],"picked":"SKIP","floor":12},{"not_picked":["Warcry","Twin Strike"],"picked":"AT_Dispersion","floor":14}],"player_experience":602142,"relics_obtained":[{"floor":6,"key":"White Beast Statue"},{"floor":8,"key":"Unceasing Top"},{"floor":9,"key":"AT_RabadonDeathcap"}],"event_choices":[{"cards_removed":["Strike_R"],"damage_healed":0,"gold_gain":0,"player_choice":"Card Removal","damage_taken":0,"max_hp_gain":0,"max_hp_loss":0,"event_name":"The Cleric","floor":5,"gold_loss":75}],"is_beta":false,"boss_relics":[],"items_purged_floors":[4],"is_endless":false,"potions_floor_spawned":[1,2,8,10,12,14],"killed_by":"Hexaghost","ascension_level":20}}