{"host":"pu1pmxeu7vyxsds8","time":1614274349,"event":{"mods":["Act Like it!","BaseMod","Block Reminder","Minty Spire (QoL Compilation)","Permanent Neow","Quick Restart","Relic Stats"],"gold_per_floor":[114,134,209,209,227,259,259,284,284,284,284],"floor_reached":10,"language":"SPA","playtime":431,"items_purged":[],"score":80,"play_id":"be0af2ce-7bbd-4333-9a62-aff4d4c95ff7","local_time":"20210225143229","is_ascension_mode":true,"campfire_choices":[{"floor":7.0,"key":"REST"}],"circlet_count":0,"master_deck":["Strike_B","Strike_B","Strike_B","Strike_B","Defend_B","Defend_B","Defend_B","Defend_B","Zap","Dualcast","Panache","Go for the Eyes","Cold Snap"],"relics":["Cracked Core","Art of War","Bird Faced Urn","Lantern","Ornamental Fan"],"acts_visited":["Exordium"],"potions_floor_usage":[8],"damage_taken":[{"damage":4.0,"enemies":"Cultist","floor":1.0,"turns":5.0},{"damage":6.0,"enemies":"Small Slimes","floor":2.0,"turns":3.0},{"damage":0.0,"enemies":"2 Louse","floor":5.0,"turns":3.0},{"damage":38.0,"enemies":"Gremlin Nob","floor":6.0,"turns":5.0},{"damage":25,"enemies":"Lagavulin","floor":8,"turns":8},{"damage":6,"enemies":"3 Sentries","floor":10,"turns":2}],"seed_played":"6395499176294267460","potions_obtained":[{"floor":6.0,"key":"Swift Potion"},{"floor":8,"key":"PowerPotion"}],"is_trial":false,"path_per_floor":["M","M","?","?","M","E","R","E","T","E"],"character_chosen":"DEFECT","items_purchased":[],"campfire_rested":1,"item_purchase_floors":[],"current_hp_per_floor":[64,58,47,44,44,6,26,3,3,0,0],"gold":284,"neow_bonus":"RANDOM_COLORLESS_2","is_daily":false,"chose_seed":false,"campfire_upgraded":0,"win_rate":0.0,"timestamp":1614274349,"path_taken":["M","M","?","?","M","E","R","E","T","E"],"items_purchased_type":[],"build_version":"2020-12-22","purchased_purges":0,"victory":false,"max_hp_per_floor":[68,68,68,68,68,68,68,68,68,68,68],"relic_stats":{"counters":[6,26],"Ornamental Fan":[4],"Bird Faced Urn":[4],"Art of War":[2],"obtain_stats":[{"Lantern":8,"Ornamental Fan":9,"Bird Faced Urn":6,"Art of War":4,"Cracked Core":0},{"Lantern":5,"Ornamental Fan":5,"Bird Faced Urn":4,"Art of War":2,"Cracked Core":0},{"Lantern":24,"Ornamental Fan":24,"Bird Faced Urn":16,"Art of War":8,"Cracked Core":0}]},"card_choices":[{"not_picked":["Mayhem","Transmutation"],"picked":"Panache","floor":0.0},{"not_picked":["Blizzard","Static Discharge","Genetic Algorithm"],"picked":"SKIP","floor":1.0},{"not_picked":["Genetic Algorithm","Stack","Barrage"],"picked":"SKIP","floor":2.0},{"not_picked":["Sweeping Beam","Rebound"],"picked":"Go for the Eyes","floor":5.0},{"not_picked":["Leap","Thunder Strike","Steam Power"],"picked":"SKIP","floor":6.0},{"not_picked":["Hologram","Rebound"],"picked":"Cold Snap","floor":8}],"player_experience":90198,"relics_obtained":[{"floor":6.0,"key":"Bird Faced Urn"},{"floor":8,"key":"Lantern"},{"floor":9,"key":"Ornamental Fan"}],"event_choices":[{"damage_healed":0.0,"max_hp_gain":0.0,"max_hp_loss":0.0,"gold_gain":75.0,"event_name":"World of Goop","player_choice":"Gather Gold","floor":3.0,"gold_loss":0.0,"damage_taken":11.0},{"damage_healed":0.0,"max_hp_gain":0.0,"max_hp_loss":0.0,"gold_gain":0.0,"event_name":"Scrap Ooze","player_choice":"Success","floor":4.0,"gold_loss":0.0,"damage_taken":3.0,"relics_obtained":["Art of War"]}],"is_beta":false,"boss_relics":[],"items_purged_floors":[],"is_endless":false,"potions_floor_spawned":[6,8],"killed_by":"3 Sentries","ascension_level":1}}