{"host":"0tbecx6mc13icp35","time":1614267780,"event":{"mods":["AchievementEnabler","BaseMod","Colored Map","Colored Powertips","DeckTracker","Minty Spire (QoL Compilation)","Relic Stats","Synergy Search","slay the spire mod where everything is the same but ironclad has a cowboy hat"],"gold_per_floor":[117,117,67,87,104,135,135,170,170,170,183,38,38,38],"floor_reached":13,"language":"ENG","playtime":884,"items_purged":[],"score":112,"play_id":"b3c57c6c-af71-49f3-ae51-76adb46816a7","local_time":"20210225184300","is_ascension_mode":true,"campfire_choices":[{"floor":7,"key":"REST"},{"floor":10,"key":"REST"}],"circlet_count":0,"master_deck":["Strike_G","Strike_G","Strike_G","Strike_G","Defend_G","Defend_G","Defend_G+1","Defend_G+1","Defend_G","Survivor","Neutralize","Dagger Throw","Deflect","Dodge and Roll","Malaise","PiercingWail"],"relics":["Ring of the Snake","War Paint","Centennial Puzzle","Kunai","Singing Bowl","TwistedFunnel"],"acts_visited":["Exordium"],"potions_floor_usage":[6,8],"damage_taken":[{"damage":8,"enemies":"Small Slimes","floor":1,"turns":5},{"damage":0,"enemies":"2 Louse","floor":4,"turns":2},{"damage":0,"enemies":"Cultist","floor":5,"turns":4},{"damage":52,"enemies":"Lagavulin","floor":6,"turns":12},{"damage":27,"enemies":"3 Sentries","floor":8,"turns":15},{"damage":4,"enemies":"Red Slaver","floor":11,"turns":5},{"damage":34,"enemies":"Lagavulin","floor":13,"turns":11}],"seed_played":"1800262557176130531","potions_obtained":[{"floor":5,"key":"Weak Potion"},{"floor":6,"key":"DistilledChaos"}],"is_trial":false,"path_per_floor":["M","?","?","M","M","E","R","E","T","R","M","$","E"],"character_chosen":"THE_SILENT","items_purchased":["TwistedFunnel"],"campfire_rested":2,"item_purchase_floors":[12],"current_hp_per_floor":[62,67,67,67,67,15,37,10,10,32,30,30,0,0],"gold":38,"neow_bonus":"RANDOM_COMMON_RELIC","is_daily":false,"chose_seed":false,"campfire_upgraded":0,"win_rate":0.0,"timestamp":1614267780,"path_taken":["M","?","?","M","M","E","R","E","T","R","M","$","E"],"items_purchased_type":["Relic"],"build_version":"2020-12-22","purchased_purges":0,"victory":false,"max_hp_per_floor":[70,75,75,75,75,75,75,75,75,75,77,77,77,77],"relic_stats":{"Centennial Puzzle":[9],"Singing Bowl":2,"counters":[7,54],"Kunai":[4],"War Paint":["Defend_G","Defend_G"],"obtain_stats":[{"TwistedFunnel":12,"Centennial Puzzle":6,"Singing Bowl":9,"Kunai":8,"War Paint":0,"Ring of the Snake":0},{"TwistedFunnel":6,"Centennial Puzzle":4,"Singing Bowl":5,"Kunai":5,"War Paint":0,"Ring of the Snake":0},{"TwistedFunnel":43,"Centennial Puzzle":23,"Singing Bowl":38,"Kunai":38,"War Paint":0,"Ring of the Snake":0}],"Ring of the Snake":[14]},"card_choices":[{"not_picked":["Backflip","Heel Hook"],"picked":"Dagger Throw","floor":1},{"not_picked":["Prepared","Outmaneuver"],"picked":"Deflect","floor":4},{"not_picked":["Sucker Punch","Deadly Poison"],"picked":"Dodge and Roll","floor":5},{"not_picked":["Blur","Prepared"],"picked":"Malaise","floor":6},{"not_picked":["Dodge and Roll","Masterful Stab"],"picked":"PiercingWail","floor":8},{"not_picked":["Reflex","Catalyst","Dodge and Roll"],"picked":"Singing Bowl","floor":11}],"player_experience":88134,"relics_obtained":[{"floor":6,"key":"Centennial Puzzle"},{"floor":8,"key":"Kunai"},{"floor":9,"key":"Singing Bowl"}],"event_choices":[{"damage_healed":0,"gold_gain":0,"player_choice":"Donut","damage_taken":0,"max_hp_gain":5,"max_hp_loss":0,"event_name":"Big Fish","floor":2,"gold_loss":0},{"cards_removed":["Strike_G"],"damage_healed":0,"gold_gain":0,"player_choice":"Card Removal","damage_taken":0,"max_hp_gain":0,"max_hp_loss":0,"event_name":"The Cleric","floor":3,"gold_loss":50}],"is_beta":false,"boss_relics":[],"items_purged_floors":[],"is_endless":false,"potions_floor_spawned":[5,6],"killed_by":"Lagavulin","ascension_level":4}}