{"host":"aq6zgkax5kiz71xp","time":1614236831,"event":{"mods":["BaseMod","Bestiary","Minty Spire (QoL Compilation)","Quick Restart","StSLib","The Cursed","The Runesmith"],"gold_per_floor":[114,64,75,89,89,89,106,106,129,147,173,173,187,202,202,305,305,321,338,353,353,353,386,386,386,386],"floor_reached":25,"language":"ZHS","playtime":1514,"items_purged":[],"score":270,"play_id":"3843c0b1-0611-43b8-86f0-d6b1a7f0603c","local_time":"20210225150711","is_ascension_mode":true,"campfire_choices":[{"data":"Apotheosis","floor":6.0,"key":"SMITH"},{"floor":8.0,"key":"REST"},{"floor":12.0,"key":"REST"},{"floor":15.0,"key":"REST"},{"floor":24,"key":"REST"}],"circlet_count":0,"master_deck":["Strike_B","Strike_B","Defend_B","Defend_B","Defend_B","Defend_B","Zap","Dualcast","Apotheosis+1","Darkness","Glacier","Blizzard","Coolheaded","Fusion","Coolheaded","Rainbow","Self Repair"],"relics":["Cracked Core","Omamori","Nuclear Battery","FaceOfCleric","Lantern"],"acts_visited":["Exordium","TheCity"],"potions_floor_usage":[19,20,25],"damage_taken":[{"damage":4.0,"enemies":"Jaw Worm","floor":1.0,"turns":3.0},{"damage":0.0,"enemies":"Cultist","floor":3.0,"turns":3.0},{"damage":0.0,"enemies":"Small Slimes","floor":4.0,"turns":6.0},{"damage":9.0,"enemies":"2 Fungi Beasts","floor":7.0,"turns":4.0},{"damage":16.0,"enemies":"Lots of Slimes","floor":10.0,"turns":3.0},{"damage":13.0,"enemies":"Lagavulin","floor":11.0,"turns":7.0},{"damage":0.0,"enemies":"3 Louse","floor":13.0,"turns":4.0},{"damage":10.0,"enemies":"Gremlin Gang","floor":14.0,"turns":5.0},{"damage":18.0,"enemies":"The Guardian","floor":16.0,"turns":10.0},{"damage":0.0,"enemies":"Shell Parasite","floor":18.0,"turns":5.0},{"damage":0,"enemies":"Chosen","floor":19,"turns":4},{"damage":16,"enemies":"Snecko","floor":20,"turns":6},{"damage":66,"enemies":"Slavers","floor":23,"turns":6},{"damage":44,"enemies":"Gremlin Leader","floor":25,"turns":5}],"seed_played":"699683093166502109","potions_obtained":[{"floor":3.0,"key":"BlessingOfTheForge"},{"floor":4.0,"key":"SteroidPotion"},{"floor":14.0,"key":"SteroidPotion"},{"floor":16.0,"key":"AttackPotion"},{"floor":23,"key":"PowerPotion"}],"is_trial":false,"path_per_floor":["M","?","M","M","?","R","M","R","T","M","E","R","M","M","R","B",null,"M","M","M","?","?","E","R","E"],"character_chosen":"DEFECT","items_purchased":[],"campfire_rested":4,"item_purchase_floors":[],"current_hp_per_floor":[50,50,50,50,50,50,41,63,63,47,34,56,56,46,68,50,75,75,75,69,69,69,14,36,0,0],"gold":386,"neow_bonus":"RANDOM_COLORLESS_2","is_daily":false,"chose_seed":false,"campfire_upgraded":1,"win_rate":0.0,"timestamp":1614236831,"path_taken":["M","?","M","M","?","R","?","R","T","M","E","R","M","M","R","BOSS","M","?","M","?","?","E","R","E"],"items_purchased_type":[],"build_version":"2020-12-22","purchased_purges":0,"victory":false,"max_hp_per_floor":[75,75,75,75,75,75,75,75,75,75,75,75,75,75,75,75,75,75,75,75,75,75,76,76,76,76],"card_choices":[{"not_picked":["The Bomb","Chrysalis"],"picked":"Apotheosis","floor":0.0},{"not_picked":["Blizzard","Gash"],"picked":"Darkness","floor":1.0},{"not_picked":["Reprogram","Streamline"],"picked":"Glacier","floor":3.0},{"not_picked":["Sweeping Beam","Go for the Eyes"],"picked":"Blizzard","floor":4.0},{"not_picked":["Streamline","Cold Snap"],"picked":"Coolheaded","floor":7.0},{"not_picked":["Ball Lightning","Cold Snap"],"picked":"Fusion","floor":10.0},{"not_picked":["Conserve Battery","Undo","Ball Lightning"],"picked":"SKIP","floor":11.0},{"not_picked":["FTL","Sweeping Beam"],"picked":"Coolheaded","floor":13.0},{"not_picked":["Turbo","Leap","Steam"],"picked":"SKIP","floor":14.0},{"not_picked":["Echo Form","Multi-Cast"],"picked":"Rainbow","floor":16.0},{"not_picked":["Redo","Auto Shields"],"picked":"Self Repair","floor":18.0},{"not_picked":["Leap","Stack","Rebound"],"picked":"SKIP","floor":19},{"not_picked":["Beam Cell","Cold Snap","Conserve Battery"],"picked":"SKIP","floor":20},{"not_picked":["Beam Cell","Gash+1","Turbo+1"],"picked":"SKIP","floor":23}],"player_experience":474880,"relics_obtained":[{"floor":11.0,"key":"Omamori"},{"floor":23,"key":"Lantern"}],"event_choices":[{"cards_removed":["Strike_B"],"damage_healed":0.0,"max_hp_gain":0.0,"max_hp_loss":0.0,"gold_gain":0.0,"event_name":"The Cleric","player_choice":"Card Removal","floor":2.0,"gold_loss":50.0,"damage_taken":0.0},{"cards_removed":["Strike_B"],"damage_healed":0.0,"max_hp_gain":0.0,"max_hp_loss":0.0,"gold_gain":0.0,"event_name":"Purifier","player_choice":"Purged","floor":5.0,"gold_loss":0.0,"damage_taken":0.0},{"damage_healed":0,"gold_gain":0,"player_choice":"Ignored","damage_taken":0,"max_hp_gain":0,"max_hp_loss":0,"event_name":"The Mausoleum","floor":21,"gold_loss":0},{"damage_healed":0,"gold_gain":0,"player_choice":"Trade","damage_taken":0,"relics_obtained":["FaceOfCleric"],"max_hp_gain":0,"max_hp_loss":0,"event_name":"FaceTrader","floor":22,"gold_loss":0}],"is_beta":false,"boss_relics":[{"not_picked":["Tiny House","Pandora\u0027s Box"],"picked":"Nuclear Battery"}],"items_purged_floors":[],"is_endless":false,"potions_floor_spawned":[3,4,14,16,23],"killed_by":"Gremlin Leader","ascension_level":4}}