{"host":"uv5ws9rdk87e8i5k","time":1614283774,"event":{"mods":["AchievementEnabler","BaseMod","Colored Map","Minty Spire (QoL Compilation)","Permanent Neow","Quick Restart","StSLib","SuperFastMode","The Necromancer","The Saiyan"],"gold_per_floor":[114,39,50,63,63,63,76,76,76,108,122,148,166,193,193,289,289,299,309,334,79,279,322,128,157,157,157,173,173,202,202,202,308,308,327,32,59,59,68,106,106,0,0,20,20,48,48,90,90,90,90,90,31,56,56],"floor_reached":56,"language":"ENG","playtime":1606,"items_purged":["Regret","Strike_G","Strike_G","Defend_G"],"score":1290,"play_id":"39042531-9127-4437-9602-730b7fbb1f64","local_time":"20210225140934","is_ascension_mode":false,"campfire_choices":[{"data":"Dash","floor":6.0,"key":"SMITH"},{"data":"Deadly Poison","floor":8.0,"key":"SMITH"},{"data":"Venomology","floor":15.0,"key":"SMITH"},{"floor":27.0,"key":"REST"},{"data":"Strike_G","floor":29.0,"key":"PURGE"},{"data":"Strike_G","floor":32.0,"key":"PURGE"},{"floor":41,"key":"RECALL"},{"data":"Defend_G","floor":45,"key":"PURGE"},{"data":"Defend_G","floor":47,"key":"PURGE"},{"data":"Defend_G","floor":49,"key":"PURGE"},{"data":"Neutralize","floor":52,"key":"PURGE"}],"circlet_count":0,"master_deck":["Survivor+1","Dash+1","Quick Slash","Quick Slash","Deadly Poison+1","Deadly Poison+1","Predator","Backflip","Venomology+1","Die Die Die","CurseOfTheBell","Deadly Poison+1","Quick Slash+1","Leg Sweep+1","Escape Plan+1","Adrenaline+1","Crippling Poison+1","Apotheosis+1","Backflip+1","Backflip+1","Blur+1","Catalyst+1"],"relics":["Ring of the Snake","Tough Bandages","Bird Faced Urn","Eternal Feather","War Paint","Calling Bell","CeramicFish","Toxic Egg 2","FossilizedHelix","Happy Flower","Oddly Smooth Stone","Matryoshka","Bronze Scales","Peace Pipe","Philosopher\u0027s Stone","Omamori","HornCleat","Red Mask","Regal Pillow","Vajra","Lizard Tail"],"acts_visited":["Exordium","TheCity","TheBeyond","TheEnding"],"potions_floor_usage":[40,46,48,50,50,55,55,55],"damage_taken":[{"damage":1.0,"enemies":"Cultist","floor":1.0,"turns":4.0},{"damage":0.0,"enemies":"Small Slimes","floor":3.0,"turns":3.0},{"damage":1.0,"enemies":"Jaw Worm","floor":4.0,"turns":4.0},{"damage":0.0,"enemies":"2 Fungi Beasts","floor":7.0,"turns":3.0},{"damage":7.0,"enemies":"Lagavulin","floor":10.0,"turns":6.0},{"damage":1.0,"enemies":"Exordium Thugs","floor":11.0,"turns":4.0},{"damage":2.0,"enemies":"3 Sentries","floor":12.0,"turns":7.0},{"damage":3.0,"enemies":"Large Slime","floor":13.0,"turns":6.0},{"damage":2.0,"enemies":"Gremlin Nob","floor":14.0,"turns":3.0},{"damage":33.0,"enemies":"The Guardian","floor":16.0,"turns":9.0},{"damage":14.0,"enemies":"Spheric Guardian","floor":18.0,"turns":7.0},{"damage":12.0,"enemies":"2 Thieves","floor":19.0,"turns":4.0},{"damage":4.0,"enemies":"Snecko","floor":20.0,"turns":5.0},{"damage":9.0,"enemies":"Slavers","floor":23.0,"turns":6.0},{"damage":19.0,"enemies":"Gremlin Leader","floor":25.0,"turns":5.0},{"damage":0.0,"enemies":"Cultist and Chosen","floor":28.0,"turns":4.0},{"damage":9.0,"enemies":"Sentry and Sphere","floor":30.0,"turns":6.0},{"damage":18.0,"enemies":"Automaton","floor":33.0,"turns":13.0},{"damage":0.0,"enemies":"Orb Walker","floor":35.0,"turns":2.0},{"damage":0.0,"enemies":"3 Darklings","floor":37.0,"turns":4.0},{"damage":0,"enemies":"Reptomancer","floor":40,"turns":5},{"damage":7,"enemies":"4 Shapes","floor":44,"turns":3},{"damage":0,"enemies":"Transient","floor":46,"turns":5},{"damage":18,"enemies":"Giant Head","floor":48,"turns":7},{"damage":21,"enemies":"Awakened One","floor":50,"turns":14},{"damage":34,"enemies":"Shield and Spear","floor":54,"turns":6},{"damage":42,"enemies":"The Heart","floor":55,"turns":11}],"seed_played":"-391663548707757388","potions_obtained":[{"floor":1.0,"key":"DistilledChaos"},{"floor":4.0,"key":"Ancient Potion"},{"floor":10.0,"key":"PowerPotion"},{"floor":12.0,"key":"Strength Potion"},{"floor":13.0,"key":"LiquidBronze"},{"floor":23.0,"key":"PowerPotion"},{"floor":25.0,"key":"Dexterity Potion"},{"floor":33.0,"key":"Strength Potion"},{"floor":35.0,"key":"Poison Potion"},{"floor":54,"key":"GhostInAJar"}],"is_trial":false,"path_per_floor":["M","$","M","M","$","R","M","R","T","E","M","E","M","E","R","B",null,"M","M","M","$","?","E","$","E","T","R","M","R","M","?","R","B",null,"M","$","M","?","?","E","R","?","T","M","R","M","R","E","R","B",null,"R","$","E","B",null],"character_chosen":"THE_SILENT","items_purchased":["Happy Flower","Leg Sweep+1","Omamori","Catalyst+1"],"campfire_rested":1,"item_purchase_floors":[21,24,36,53],"current_hp_per_floor":[69,69,69,68,68,68,68,68,68,61,60,60,57,55,64,31,70,56,44,40,40,40,31,31,14,14,47,47,59,50,50,62,44,70,70,70,70,66,66,66,66,66,66,59,66,66,66,48,60,41,66,66,66,32,15],"gold":56,"neow_bonus":"TRANSFORM_TWO_CARDS","is_daily":false,"chose_seed":false,"campfire_upgraded":3,"win_rate":0.0,"timestamp":1614283774,"path_taken":["M","$","M","M","?","R","M","R","T","E","?","E","M","E","R","BOSS","M","M","M","$","?","E","?","E","T","R","?","R","M","?","R","BOSS","M","$","M","?","?","E","R","?","T","M","R","?","R","E","R","BOSS","R","$","E","BOSS"],"items_purchased_type":["Relic","Card","Relic","Card"],"build_version":"2020-12-22","purchased_purges":4,"victory":true,"max_hp_per_floor":[70,70,70,70,70,70,70,70,70,70,70,70,70,70,70,70,70,70,70,70,70,70,70,70,70,70,70,70,70,70,70,70,70,70,70,70,70,66,66,66,66,66,66,66,66,66,66,66,66,66,66,66,66,66,66],"card_choices":[{"not_picked":["Sucker Punch","Cloak And Dagger"],"picked":"Quick Slash","floor":1.0},{"not_picked":["Endless Agony","Quick Slash"],"picked":"Deadly Poison","floor":3.0},{"not_picked":["Slice","Cloak And Dagger","Sucker Punch"],"picked":"SKIP","floor":4.0},{"not_picked":["Acrobatics","Choke"],"picked":"Deadly Poison","floor":7.0},{"not_picked":["Tactician","Masterful Stab","Infinite Blades"],"picked":"SKIP","floor":10.0},{"not_picked":["Dagger Spray","Slice","Eviscerate"],"picked":"SKIP","floor":11.0},{"not_picked":["Finisher","Outmaneuver"],"picked":"Predator","floor":12.0},{"not_picked":["Concentrate","Flechettes"],"picked":"Backflip","floor":13.0},{"not_picked":["Blade Dance","Backflip"],"picked":"Venomology","floor":14.0},{"not_picked":["Envenom","A Thousand Cuts"],"picked":"Die Die Die","floor":16.0},{"not_picked":["Blade Dance+1","Poisoned Stab","Prepared+1"],"picked":"SKIP","floor":18.0},{"not_picked":["Riddle With Holes","Accuracy+1","Slice+1"],"picked":"SKIP","floor":19.0},{"not_picked":["Outmaneuver+1","Backstab"],"picked":"Deadly Poison+1","floor":20.0},{"not_picked":["Footwork","Deflect+1"],"picked":"Quick Slash+1","floor":23.0},{"not_picked":["Grand Finale","Backstab+1","Terror+1"],"picked":"SKIP","floor":25.0},{"not_picked":["Sucker Punch","Blade Dance+1","Blur+1"],"picked":"SKIP","floor":28.0},{"not_picked":["Bane","Dagger Throw+1"],"picked":"Escape Plan+1","floor":30.0},{"not_picked":["Doppelganger+1","Unload"],"picked":"Adrenaline+1","floor":33.0},{"not_picked":["Dodge and Roll+1","Underhanded Strike","Tactician+1"],"picked":"SKIP","floor":35.0},{"not_picked":["Poisoned Stab","Outmaneuver+1"],"picked":"Crippling Poison+1","floor":37.0},{"not_picked":["Trip+1","Forethought+1"],"picked":"Apotheosis+1","floor":39.0},{"not_picked":["Quick Slash+1","Concentrate+1"],"picked":"Backflip+1","floor":40},{"not_picked":["Tactician+1","Prepared+1","Flying Knee+1"],"picked":"SKIP","floor":44},{"not_picked":["PiercingWail+1","Prepared+1"],"picked":"Backflip+1","floor":46},{"not_picked":["Glass Knife","Tactician+1"],"picked":"Blur+1","floor":48},{"not_picked":["Flying Knee+1","Deflect+1","Slice+1"],"picked":"SKIP","floor":54}],"player_experience":234614,"relics_obtained":[{"floor":9.0,"key":"Tough Bandages"},{"floor":10.0,"key":"Bird Faced Urn"},{"floor":12.0,"key":"Eternal Feather"},{"floor":14.0,"key":"War Paint"},{"floor":17.0,"key":"CeramicFish"},{"floor":17.0,"key":"Toxic Egg 2"},{"floor":17.0,"key":"FossilizedHelix"},{"floor":23.0,"key":"Oddly Smooth Stone"},{"floor":25.0,"key":"Matryoshka"},{"floor":26.0,"key":"Bronze Scales"},{"floor":26.0,"key":"Peace Pipe"},{"floor":40,"key":"HornCleat"},{"floor":43,"key":"Regal Pillow"},{"floor":48,"key":"Vajra"},{"floor":54,"key":"Lizard Tail"}],"event_choices":[{"damage_healed":0.0,"max_hp_gain":0.0,"max_hp_loss":0.0,"gold_gain":250.0,"event_name":"The Joust","player_choice":"Bet on Owner","floor":22.0,"gold_loss":50.0,"damage_taken":0.0},{"damage_healed":0.0,"max_hp_gain":0.0,"max_hp_loss":0.0,"gold_gain":0.0,"event_name":"The Woman in Blue","player_choice":"Bought 0 Potions","floor":31.0,"gold_loss":0.0,"damage_taken":0.0},{"damage_healed":0.0,"max_hp_gain":0.0,"max_hp_loss":4.0,"gold_gain":0.0,"event_name":"Winding Halls","player_choice":"Max HP","floor":38.0,"gold_loss":0.0,"damage_taken":0.0},{"damage_healed":0.0,"max_hp_gain":0.0,"max_hp_loss":0.0,"gold_gain":0.0,"event_name":"SensoryStone","player_choice":"Memory 1","floor":39.0,"gold_loss":0.0,"damage_taken":0.0},{"damage_healed":0,"gold_gain":0,"player_choice":"Paid","damage_taken":0,"relics_obtained":["Red Mask"],"max_hp_gain":0,"max_hp_loss":0,"event_name":"Tomb of Lord Red Mask","floor":42,"gold_loss":106}],"is_beta":false,"boss_relics":[{"not_picked":["Runic Dome","Empty Cage"],"picked":"Calling Bell"},{"not_picked":["HoveringKite","SlaversCollar"],"picked":"Philosopher\u0027s Stone"}],"items_purged_floors":[2,21,24,36],"is_endless":false,"potions_floor_spawned":[1,4,10,12,13,18,23,25,33,35,37,46,54],"ascension_level":0}}