{"host":"l2dnabsh5e0fsksb","time":1614267836,"event":{"mods":["2.2 Compatiblity","BaseMod","Downfall","Minty Spire (QoL Compilation)","Quick Restart","StSLib"],"gold_per_floor":[99,110,260,170,235,135,135,155,187,206,217,217,117,129,140,219,269,269,281,297,317,335,335,335,335,351,386,293,319,319,159,173,250,250,250,268,268,164,164,181,181,197,197,212,212,259,10,10,10,10],"floor_reached":48,"language":"ENG","playtime":2473,"items_purged":["Doubt","Decay"],"score":935,"play_id":"02d495bf-4b32-455d-8169-6f1c43173701","local_time":"20210226021356","is_ascension_mode":true,"campfire_choices":[{"floor":1.0,"key":"RECALL"},{"data":"hexamod:FlamesFromBeyond","floor":6.0,"key":"SMITH"},{"floor":13.0,"key":"REST"},{"data":"hexamod:ForkedFlame","floor":18.0,"key":"SMITH"},{"data":"hexamod:ParanormalForm","floor":30.0,"key":"SMITH"},{"data":"hexamod:ForkedFlame","floor":35.0,"key":"SMITH"},{"floor":43.0,"key":"REST"}],"circlet_count":0,"master_deck":["AscendersBane","hexamod:Strike","hexamod:Strike+1","hexamod:Strike","hexamod:Strike","hexamod:Defend","hexamod:Defend","hexamod:Defend+1","hexamod:Defend","hexamod:Sear","hexamod:Float","hexamod:HeatMetal","hexamod:FlamesFromBeyond+1","hexamod:ShieldOfDarkness","hexamod:InspiringFlames","hexamod:ExtraCrispy","hexamod:ThermalTransfer+1","hexamod:ParanormalForm+1","hexamod:Hexaguard","hexamod:ForkedFlame+1","hexamod:ThermalTransfer","hexamod:PhantomCloak+1","hexamod:RainOfEmbers","hexamod:Incineration+1","hexamod:ExtraCrispy","hexamod:FastForward+1","hexamod:SoulSteal","hexamod:ShieldOfDarkness","hexamod:FirstSeal","hexamod:GhostOfSpireFuture","hexamod:EmpoweredFlame+1","hexamod:ForkedFlame+1","hexamod:AdvancingGuard","hexamod:AdvancingGuard+1","hexamod:HeatShield","hexamod:InspiringFlames+1","hexamod:SwordOfDarkness","downfall:Haunted","downfall:Haunted"],"relics":["hexamod:SpiritBrand","Vajra","Anchor","downfall:HeartBlessingRed","Tiny Chest","CultistMask","downfall:HeartBlessingBlue","Tiny House","StrikeDummy","Meat on the Bone","MealTicket","hexamod:BolsterEngine","Whetstone","hexamod:IceCube","Mango","Medical Kit","White Beast Statue","Du-Vu Doll","hexamod:MatchstickCase","Guardian:PocketSentry"],"acts_visited":["Exordium","TheCity","TheBeyond"],"potions_floor_usage":[48],"damage_taken":[{"damage":4.0,"enemies":"2 Louse","floor":2.0,"turns":2.0},{"damage":0.0,"enemies":"downfall:FleeingMerchant","floor":4.0,"turns":4.0},{"damage":10.0,"enemies":"3 Sentries","floor":5.0,"turns":7.0},{"damage":0.0,"enemies":"Small Slimes","floor":8.0,"turns":3.0},{"damage":5.0,"enemies":"3 Sentries","floor":9.0,"turns":8.0},{"damage":0.0,"enemies":"Jaw Worm","floor":10.0,"turns":3.0},{"damage":5.0,"enemies":"2 Fungi Beasts","floor":11.0,"turns":4.0},{"damage":33.0,"enemies":"Gremlin Gang","floor":14.0,"turns":4.0},{"damage":0.0,"enemies":"downfall:LooterAlt","floor":15.0,"turns":3.0},{"damage":12.0,"enemies":"SI_SHIV_ARCHETYPE","floor":16.0,"turns":9.0},{"damage":8.0,"enemies":"downfall:LooterAlt2","floor":19.0,"turns":6.0},{"damage":2.0,"enemies":"Shell Parasite","floor":20.0,"turns":6.0},{"damage":21.0,"enemies":"Shelled Parasite and Fungi","floor":21.0,"turns":7.0},{"damage":0.0,"enemies":"Snecko","floor":22.0,"turns":4.0},{"damage":0.0,"enemies":"3 Cultists","floor":26.0,"turns":5.0},{"damage":19.0,"enemies":"Book of Stabbing","floor":27.0,"turns":5.0},{"damage":0.0,"enemies":"downfall:FleeingMerchant","floor":28.0,"turns":4.0},{"damage":2.0,"enemies":"downfall:FleeingMerchant","floor":31.0,"turns":4.0},{"damage":0.0,"enemies":"Centurion and Healer","floor":32.0,"turns":8.0},{"damage":57.0,"enemies":"DF_ARCHETYPE_CLAW","floor":33.0,"turns":10.0},{"damage":15.0,"enemies":"3 Darklings","floor":36.0,"turns":7.0},{"damage":12.0,"enemies":"downfall:FleeingMerchant","floor":38.0,"turns":4.0},{"damage":11.0,"enemies":"3 Shapes","floor":40.0,"turns":4.0},{"damage":17.0,"enemies":"Maw","floor":42.0,"turns":8.0},{"damage":49.0,"enemies":"Transient","floor":44.0,"turns":5.0},{"damage":80,"enemies":"Giant Head","floor":48,"turns":7}],"seed_played":"3854598622044155566","potions_obtained":[{"floor":5.0,"key":"hexamod:EctoCoolerPotion"},{"floor":8.0,"key":"Strength Potion"},{"floor":11.0,"key":"Strength Potion"},{"floor":17.0,"key":"Slimebound:ThreeZeroPotion"},{"floor":20.0,"key":"ColorlessPotion"},{"floor":21.0,"key":"EntropicBrew"},{"floor":26.0,"key":"Fire Potion"},{"floor":40.0,"key":"hexamod:EctoCoolerPotion"},{"floor":44.0,"key":"bronze:BurnAndBuffPotion"}],"is_trial":false,"path_per_floor":["R","M","?","$","?","R","T","M","E","M","M","?","R","M","M","B",null,"R","M","M","M","M","T","T","?","M","E","$","T","R","$","M","B",null,"R","M","?","$","?","M","T","M","R","M","?","T","$","E"],"character_chosen":"THE_SPIRIT","items_purchased":["hexamod:FirstSeal","Whetstone","Mango","Medical Kit","Guardian:PocketSentry"],"campfire_rested":2,"item_purchase_floors":[28,31,38,38,47],"current_hp_per_floor":[57,53,53,53,43,43,43,43,38,38,33,33,64,31,31,19,65,65,57,55,34,34,34,34,34,46,39,54,54,54,67,74,29,66,66,58,58,82,82,71,71,61,88,51,56,56,71,0,0,0],"gold":10,"neow_bonus":"RANDOM_COMMON_RELIC","is_daily":false,"chose_seed":false,"campfire_upgraded":4,"win_rate":0.0,"timestamp":1614267836,"path_taken":["R","M","?","$","?","R","T","M","E","M","?","?","R","M","M","BOSS","R","M","M","M","?","?","T","?","?","E","?","?","R","$","M","BOSS","R","M","?","$","?","M","T","M","R","M","?","?","?","E"],"items_purchased_type":["Card","Relic","Relic","Relic","Relic"],"build_version":"2020-12-22","purchased_purges":2,"victory":false,"max_hp_per_floor":[63,63,63,63,63,63,63,63,63,63,63,63,73,73,73,73,78,78,78,78,78,78,78,78,78,78,78,78,78,78,78,78,78,78,78,78,78,92,92,92,92,92,92,92,97,97,97,97,97,97],"card_choices":[{"not_picked":["hexamod:InspiringFlames","hexamod:SuperheatedStrike"],"picked":"hexamod:HeatMetal","floor":2.0},{"not_picked":["hexamod:PhantomFireball","hexamod:SuperheatedStrike"],"picked":"hexamod:FlamesFromBeyond","floor":4.0},{"not_picked":["hexamod:Firestarter","hexamod:ThirdSeal"],"picked":"hexamod:ShieldOfDarkness","floor":5.0},{"not_picked":["hexamod:CatchUp","hexamod:ShieldOfDarkness"],"picked":"hexamod:InspiringFlames","floor":8.0},{"not_picked":["hexamod:NightmareStrike","hexamod:FastForward"],"picked":"hexamod:ExtraCrispy","floor":9.0},{"not_picked":["hexamod:Firestarter","hexamod:NightmareGuise"],"picked":"hexamod:ThermalTransfer","floor":10.0},{"not_picked":["hexamod:BurningTouch","hexamod:NightmareStrike"],"picked":"hexamod:ParanormalForm","floor":11.0},{"not_picked":["hexamod:Firestarter","hexamod:GhostflameBarrier"],"picked":"hexamod:Hexaguard","floor":14.0},{"not_picked":["hexamod:ExtraCrispy","hexamod:NightmareStrike","hexamod:HeatCrush"],"picked":"SKIP","floor":15.0},{"not_picked":["hexamod:WildfireWeapon","hexamod:SearingWound"],"picked":"hexamod:ForkedFlame","floor":16.0},{"not_picked":["hexamod:HauntingEcho","hexamod:AdvancingGuard"],"picked":"hexamod:ThermalTransfer","floor":17.0},{"not_picked":["hexamod:GhostShield","hexamod:FastForward"],"picked":"hexamod:PhantomCloak","floor":19.0},{"not_picked":["hexamod:ParanormalForm","hexamod:FourthSeal"],"picked":"hexamod:RainOfEmbers","floor":20.0},{"not_picked":["hexamod:FlamesFromBeyond","hexamod:StepThrough"],"picked":"hexamod:Incineration+1","floor":21.0},{"not_picked":["hexamod:NightmareGuise","hexamod:GhostShield"],"picked":"hexamod:ExtraCrispy","floor":22.0},{"not_picked":["hexamod:ChargedBarrage","hexamod:ThermalTransfer"],"picked":"hexamod:FastForward+1","floor":26.0},{"not_picked":["hexamod:FastForward+1","hexamod:Toasty"],"picked":"hexamod:SoulSteal","floor":27.0},{"not_picked":["hexamod:AdvancingGuard","hexamod:RecurringNightmare"],"picked":"hexamod:ShieldOfDarkness","floor":28.0},{"not_picked":["hexamod:NightmareStrike","hexamod:HauntingEcho"],"picked":"hexamod:GhostOfSpireFuture","floor":31.0},{"not_picked":["hexamod:SwordOfDarkness","hexamod:NightmareStrike"],"picked":"hexamod:EmpoweredFlame+1","floor":32.0},{"not_picked":["hexamod:GhostOfSpirePresent","hexamod:SearingWound"],"picked":"hexamod:ForkedFlame","floor":33.0},{"not_picked":["hexamod:HauntingEcho","hexamod:FourthSeal"],"picked":"hexamod:AdvancingGuard","floor":36.0},{"not_picked":["hexamod:Firestarter","hexamod:Again"],"picked":"hexamod:AdvancingGuard+1","floor":38.0},{"not_picked":["hexamod:NightmareGuise","hexamod:SuperheatedStrike+1"],"picked":"hexamod:HeatShield","floor":40.0},{"not_picked":["hexamod:GhostShield+1","hexamod:BacktrackSmack"],"picked":"hexamod:InspiringFlames+1","floor":42.0},{"not_picked":["hexamod:NightmareStrike","hexamod:FourthSeal"],"picked":"hexamod:SwordOfDarkness","floor":44.0}],"player_experience":1979853,"relics_obtained":[{"floor":9.0,"key":"Tiny Chest"},{"floor":23.0,"key":"StrikeDummy"},{"floor":24.0,"key":"Meat on the Bone"},{"floor":27.0,"key":"MealTicket"},{"floor":29.0,"key":"hexamod:BolsterEngine"},{"floor":41.0,"key":"White Beast Statue"},{"floor":46.0,"key":"hexamod:MatchstickCase"}],"event_choices":[{"damage_healed":0.0,"max_hp_gain":0.0,"max_hp_loss":0.0,"gold_gain":0.0,"event_name":"FaceTrader","player_choice":"Trade","floor":12.0,"gold_loss":0.0,"damage_taken":0.0,"relics_obtained":["CultistMask"]},{"damage_healed":0.0,"max_hp_gain":0.0,"max_hp_loss":0.0,"gold_gain":0.0,"event_name":"Accursed Blacksmith","player_choice":"Forge","floor":25.0,"gold_loss":0.0,"damage_taken":0.0,"cards_upgraded":["hexamod:PhantomCloak"]}],"is_beta":false,"boss_relics":[{"not_picked":["Empty Cage","Philosopher\u0027s Stone"],"picked":"Tiny House"},{"not_picked":["hexamod:UnbrokenSoul","Velvet Choker"],"picked":"hexamod:IceCube"}],"items_purged_floors":[4,47],"is_endless":false,"potions_floor_spawned":[5,8,11,14,20,21,26,32,33,40,42,44],"killed_by":"Giant Head","ascension_level":15}}