{"host":"u1dfzl6o6mfmauc3","time":1614284730,"event":{"mods":["2.2 Compatiblity","AchievementEnabler","BaseMod","Bestiary","Block Reminder","Challenge The Spire","Colored Map","Dark Map","Hermit","Highlight Path","Minty Spire (QoL Compilation)","Random Character Button","Rare Cards Sparkle","Relic Stats","Robot Space Explorer","StSLib","The Disciple"],"gold_per_floor":[117,117,117,131,131,158,158,170,170,170,170,203,203,18,18,18,18,147,147,171,159,159,258,533,228,266,63,86,86,117,138,177,177,11,30,65,65,65,194,194,209,209,29,85,108,148,148,164,212,260,260,294,14,58,20,20,20,20,20,20,20,56,56],"floor_reached":64,"language":"ENG","playtime":2840,"items_purged":["Regret","Strike_R","Strike_R","Clash","Infernal Blade"],"score":1671,"play_id":"bb34565c-5240-42f4-975e-0c86573a0828","local_time":"20210225152530","is_ascension_mode":true,"campfire_choices":[{"data":"Inflame","floor":7,"key":"SMITH"},{"data":"Bash","floor":11,"key":"SMITH"},{"data":"Inflame","floor":16,"key":"SMITH"},{"data":"Reaper","floor":17,"key":"SMITH"},{"data":"Feed","floor":33,"key":"SMITH"},{"data":"True Grit","floor":37,"key":"SMITH"},{"data":"Blood for Blood","floor":38,"key":"SMITH"},{"data":"Limit Break","floor":51,"key":"SMITH"},{"floor":56,"key":"RECALL"},{"data":"Impervious","floor":57,"key":"SMITH"},{"data":"Feel No Pain","floor":60,"key":"SMITH"}],"circlet_count":0,"master_deck":["Bash+1","Cleave","Inflame+1","Carnage+1","Inflame+1","Reaper+1","True Grit+1","Reaper","Shrug It Off+1","Offering","Inflame","Feed+1","Blood for Blood+1","Exhume","Spot Weakness","Clothesline+1","Reaper+1","Feel No Pain+1","Flame Barrier","Uppercut","Headbutt","Ghostly Armor","Apotheosis","Limit Break+1","Impervious+1","Battle Trance+1"],"relics":["Coffee Dripper","Mercury Hourglass","Question Card","Smiling Mask","White Beast Statue","Golden Idol","SacredBark","Self Forming Clay","Blue Candle","Sling","The Courier","Bottled Tornado","War Paint","OrangePellets","Champion Belt","Pandora\u0027s Box","Magic Flower","MealTicket","Whetstone","Bronze Scales","InkBottle","Ice Cream","Pear","Kunai"],"acts_visited":["Exordium","TheCity","TheBeyond","TheEnding"],"potions_floor_usage":[12,18,21,26,26,30,31,32,35,36,39,39,41,44,46,52,54,58,62,63],"damage_taken":[{"damage":0,"enemies":"Small Slimes","floor":1,"turns":3},{"damage":7,"enemies":"Jaw Worm","floor":4,"turns":2},{"damage":16,"enemies":"Gremlin Nob","floor":6,"turns":3},{"damage":0,"enemies":"2 Louse","floor":8,"turns":1},{"damage":10,"enemies":"3 Sentries","floor":12,"turns":4},{"damage":38,"enemies":"Hexaghost","floor":18,"turns":7},{"damage":44,"enemies":"Shell Parasite","floor":20,"turns":4},{"damage":0,"enemies":"2 Thieves","floor":21,"turns":4},{"damage":20,"enemies":"Slavers","floor":26,"turns":3},{"damage":12,"enemies":"Centurion and Healer","floor":28,"turns":6},{"damage":17,"enemies":"Gremlin Leader","floor":30,"turns":5},{"damage":18,"enemies":"Cultist and Chosen","floor":31,"turns":4},{"damage":39,"enemies":"Book of Stabbing","floor":32,"turns":3},{"damage":12,"enemies":"Snake Plant","floor":35,"turns":4},{"damage":41,"enemies":"Slavers","floor":36,"turns":4},{"damage":45,"enemies":"Collector","floor":39,"turns":7},{"damage":15,"enemies":"3 Shapes","floor":41,"turns":3},{"damage":60,"enemies":"2 Orb Walkers","floor":44,"turns":3},{"damage":18,"enemies":"3 Darklings","floor":45,"turns":4},{"damage":32,"enemies":"Nemesis","floor":46,"turns":7},{"damage":29,"enemies":"4 Shapes","floor":48,"turns":8},{"damage":12,"enemies":"Giant Head","floor":52,"turns":6},{"damage":42,"enemies":"Nemesis","floor":54,"turns":6},{"damage":109,"enemies":"Donu and Deca","floor":58,"turns":8},{"damage":110,"enemies":"Shield and Spear","floor":62,"turns":7},{"damage":179,"enemies":"The Heart","floor":63,"turns":10}],"seed_played":"-8204525510894728491","potions_obtained":[{"floor":1,"key":"BloodPotion"},{"floor":6,"key":"Regen Potion"},{"floor":8,"key":"SmokeBomb"},{"floor":18,"key":"DistilledChaos"},{"floor":20,"key":"LiquidBronze"},{"floor":21,"key":"HeartOfIron"},{"floor":26,"key":"Strength Potion"},{"floor":28,"key":"Fire Potion"},{"floor":30,"key":"SteroidPotion"},{"floor":31,"key":"Swift Potion"},{"floor":32,"key":"Dexterity Potion"},{"floor":35,"key":"Swift Potion"},{"floor":36,"key":"SteroidPotion"},{"floor":39,"key":"Fire Potion"},{"floor":41,"key":"Explosive Potion"},{"floor":44,"key":"Weak Potion"},{"floor":45,"key":"Block Potion"},{"floor":46,"key":"Strength Potion"},{"floor":47,"key":"FairyPotion"},{"floor":47,"key":"PowerPotion"},{"floor":52,"key":"Energy Potion"},{"floor":54,"key":"FairyPotion"},{"floor":62,"key":"Energy Potion"}],"is_trial":false,"path_per_floor":["M","?","?","M","?","E","R","M","T","T","R","E","T","$","?","R","R","B",null,"M","M","?","?","?","$","E","$","M","T","E","M","E","R","$","M","E","R","R","B",null,"M","?","$","?","M","E","?","M","T","T","R","E","$","E","$","R","R","B",null,"R","$","E","B",null],"character_chosen":"IRONCLAD","items_purchased":["Reaper","True Grit","Self Forming Clay","Sling","OrangePellets","Apotheosis","Ice Cream","BloodPotion"],"campfire_rested":0,"item_purchase_floors":[14,14,25,27,34,43,53,55],"current_hp_per_floor":[80,64,80,73,73,57,57,57,57,57,57,63,63,63,43,43,43,27,67,41,51,51,51,51,51,72,72,83,83,86,80,86,86,86,84,47,47,47,42,81,70,70,70,93,87,88,88,80,80,80,80,101,101,79,94,94,94,77,109,109,119,113,55],"gold":56,"neow_bonus":"BOSS_RELIC","is_daily":false,"chose_seed":false,"campfire_upgraded":10,"win_rate":0.0,"timestamp":1614284730,"path_taken":["M","?","?","M","?","E","R","M","T","T","R","E","?","$","?","R","R","BOSS","M","M","?","?","?","$","E","$","M","T","E","M","E","R","$","?","E","R","R","BOSS","M","?","$","?","M","E","?","?","T","T","R","E","?","E","$","R","R","BOSS","R","$","E","BOSS"],"items_purchased_type":["Card","Card","Relic","Relic","Relic","Card","Relic","Potion"],"build_version":"2020-12-22","purchased_purges":5,"victory":true,"max_hp_per_floor":[80,80,80,80,80,80,80,80,80,80,80,80,80,80,80,80,80,80,80,80,80,80,80,80,80,80,80,83,83,86,86,86,86,86,90,94,94,94,94,94,98,93,93,93,93,97,97,101,101,101,101,101,101,115,115,115,115,119,119,119,119,123,123],"relic_stats":{"counters":[26,125],"Golden Idol":208,"Self Forming Clay":[333],"Blue Candle":[0],"Magic Flower":[75],"Whetstone":["Reaper","Carnage"],"War Paint":["Defend_R","Shrug It Off"],"Question Card":20,"Smiling Mask":285,"Mercury Hourglass":[462],"OrangePellets":[6],"Bronze Scales":[231],"Pandora\u0027s Box":["Feel No Pain","Flame Barrier","Uppercut","Headbutt","Infernal Blade","Clash","Ghostly Armor"],"MealTicket":25,"Champion Belt":[11],"Kunai":[0],"obtain_stats":[{"Ice Cream":53,"SacredBark":19,"Magic Flower":44,"Whetstone":49,"Bottled Tornado":30,"Smiling Mask":12,"Sling":27,"Burning Blood":0,"MealTicket":46,"Kunai":62,"InkBottle":52,"Pear":54,"Golden Idol":15,"Self Forming Clay":25,"Blue Candle":26,"The Courier":29,"War Paint":32,"Question Card":10,"White Beast Statue":13,"Mercury Hourglass":6,"OrangePellets":34,"Bronze Scales":50,"Pandora\u0027s Box":40,"Coffee Dripper":0,"Champion Belt":36},{"Ice Cream":22,"SacredBark":6,"Magic Flower":18,"Whetstone":21,"Bottled Tornado":11,"Smiling Mask":5,"Sling":9,"Burning Blood":0,"MealTicket":20,"Kunai":25,"InkBottle":22,"Pear":23,"Golden Idol":5,"Self Forming Clay":8,"Blue Candle":9,"The Courier":10,"War Paint":13,"Question Card":4,"White Beast Statue":5,"Mercury Hourglass":3,"OrangePellets":13,"Bronze Scales":21,"Pandora\u0027s Box":16,"Coffee Dripper":0,"Champion Belt":15},{"Ice Cream":94,"SacredBark":20,"Magic Flower":70,"Whetstone":88,"Bottled Tornado":42,"Smiling Mask":13,"Sling":31,"Burning Blood":0,"MealTicket":81,"Kunai":115,"InkBottle":94,"Pear":100,"Golden Idol":13,"Self Forming Clay":28,"Blue Candle":31,"The Courier":37,"War Paint":49,"Question Card":9,"White Beast Statue":13,"Mercury Hourglass":8,"OrangePellets":49,"Bronze Scales":88,"Pandora\u0027s Box":64,"Coffee Dripper":0,"Champion Belt":57}],"InkBottle":[10]},"card_choices":[{"not_picked":["Searing Blow","Body Slam"],"picked":"Cleave","floor":1},{"not_picked":["Disarm","Heavy Blade"],"picked":"Inflame","floor":4},{"not_picked":["Ghostly Armor","Wild Strike"],"picked":"Carnage","floor":6},{"not_picked":["Entrench","Cleave","Wild Strike"],"picked":"SKIP","floor":8},{"not_picked":["Hemokinesis","Sword Boomerang","Cleave"],"picked":"Inflame","floor":12},{"not_picked":["Barricade","Brutality","Demon Form"],"picked":"Reaper","floor":18},{"not_picked":["Perfected Strike","Whirlwind","Uppercut"],"picked":"Shrug It Off","floor":20},{"not_picked":["Second Wind","True Grit","Battle Trance"],"picked":"Offering","floor":21},{"not_picked":["Headbutt","Flex+1","Combust"],"picked":"Feed","floor":26},{"not_picked":["Wild Strike","Cleave+1","Anger"],"picked":"Blood for Blood","floor":28},{"not_picked":["Perfected Strike","Wild Strike","Flame Barrier"],"picked":"Exhume","floor":30},{"not_picked":["Blood for Blood+1","Thunderclap","Searing Blow","Anger"],"picked":"SKIP","floor":31},{"not_picked":["Corruption","Armaments","Wild Strike"],"picked":"Spot Weakness","floor":32},{"not_picked":["Thunderclap+1","Iron Wave","Rampage"],"picked":"Clothesline+1","floor":35},{"not_picked":["Barricade","Bloodletting","Sever Soul","Metallicize"],"picked":"SKIP","floor":36},{"not_picked":["Feed","Corruption","Immolate"],"picked":"Reaper","floor":39},{"not_picked":["Blood for Blood+1","Thunderclap","Feel No Pain","Pommel Strike+1"],"picked":"SKIP","floor":41},{"not_picked":["Havoc+1","Flex+1","Clothesline","Spot Weakness+1"],"picked":"SKIP","floor":45},{"not_picked":["Shockwave+1","Power Through+1","Armaments+1"],"picked":"Limit Break","floor":46},{"not_picked":["Dark Embrace+1","Sword Boomerang","Metallicize","Dropkick"],"picked":"SKIP","floor":48},{"not_picked":["Wild Strike+1","Body Slam+1","Evolve","Anger"],"picked":"SKIP","floor":52},{"not_picked":["Rage","Armaments+1","Reckless Charge"],"picked":"Impervious","floor":54},{"not_picked":["Reckless Charge+1","Shrug It Off","Immolate"],"picked":"Battle Trance+1","floor":62}],"player_experience":274170,"relics_obtained":[{"floor":6,"key":"Mercury Hourglass"},{"floor":10,"key":"Question Card"},{"floor":12,"key":"Smiling Mask"},{"floor":13,"key":"White Beast Statue"},{"floor":26,"key":"Blue Candle"},{"floor":29,"key":"The Courier"},{"floor":30,"key":"Bottled Tornado"},{"floor":32,"key":"War Paint"},{"floor":36,"key":"Champion Belt"},{"floor":44,"key":"Magic Flower"},{"floor":46,"key":"MealTicket"},{"floor":49,"key":"Whetstone"},{"floor":50,"key":"Bronze Scales"},{"floor":52,"key":"InkBottle"},{"floor":54,"key":"Pear"},{"floor":62,"key":"Kunai"}],"event_choices":[{"damage_healed":0,"gold_gain":0,"player_choice":"Entered Light","damage_taken":16,"max_hp_gain":0,"max_hp_loss":0,"event_name":"Shining Light","floor":2,"gold_loss":0,"cards_upgraded":["Defend_R","Strike_R"]},{"damage_healed":26,"gold_gain":0,"player_choice":"Banana","damage_taken":0,"max_hp_gain":0,"max_hp_loss":0,"event_name":"Big Fish","floor":3,"gold_loss":0},{"damage_healed":0,"gold_gain":0,"player_choice":"Ignored","damage_taken":0,"max_hp_gain":0,"max_hp_loss":0,"event_name":"Golden Wing","floor":5,"gold_loss":0},{"damage_healed":0,"gold_gain":0,"player_choice":"Take Damage","damage_taken":20,"relics_obtained":["Golden Idol"],"max_hp_gain":0,"max_hp_loss":0,"event_name":"Golden Idol","floor":15,"gold_loss":0},{"damage_healed":0,"gold_gain":0,"player_choice":"Read","damage_taken":0,"max_hp_gain":0,"max_hp_loss":0,"event_name":"The Library","floor":22,"gold_loss":0,"cards_obtained":["Inflame"]},{"damage_healed":0,"gold_gain":99,"player_choice":"Stole From Cult","damage_taken":0,"max_hp_gain":0,"max_hp_loss":0,"event_name":"Nest","floor":23,"gold_loss":0},{"damage_healed":0,"gold_gain":275,"player_choice":"Desecrate","damage_taken":0,"max_hp_gain":0,"max_hp_loss":0,"event_name":"Golden Shrine","floor":24,"gold_loss":0,"cards_obtained":["Regret"]},{"damage_healed":0,"gold_gain":0,"player_choice":"Max HP","damage_taken":0,"max_hp_gain":0,"max_hp_loss":5,"event_name":"Winding Halls","floor":42,"gold_loss":0},{"damage_healed":0,"gold_gain":0,"player_choice":"Fight","damage_taken":0,"max_hp_gain":0,"max_hp_loss":0,"event_name":"Mysterious Sphere","floor":44,"gold_loss":0},{"damage_healed":0,"gold_gain":0,"player_choice":"Got Potions","damage_taken":0,"max_hp_gain":0,"max_hp_loss":0,"event_name":"Lab","floor":47,"gold_loss":0}],"is_beta":false,"boss_relics":[{"not_picked":["Cursed Key","Busted Crown"],"picked":"SacredBark"},{"not_picked":["Snecko Eye","Tiny House"],"picked":"Pandora\u0027s Box"}],"items_purged_floors":[25,27,34,43,53],"is_endless":false,"potions_floor_spawned":[1,6,8,18,20,21,26,28,30,31,32,35,36,39,41,44,45,46,48,52,54,62],"ascension_level":5}}