{"host":"wy4vwr4x0uqk666t","time":1614285357,"event":{"mods":["Aspiration","BaseMod","BetterRewards","Colored Map","Colored Powertips","Curses Come First","Defuse TimeMaze Blight","Downfall","Hubris","Infinite Spire","Lobotomy","Minty Spire (QoL Compilation)","Quick Restart","Replay The Spire","StSLib"],"gold_per_floor":[109,128,148,148,108,141,141,141,141],"floor_reached":8,"language":"ENG","playtime":350,"items_purged":[],"score":64,"play_id":"8134ffe3-4142-49ef-a503-635592c44737","local_time":"20210225213557","is_ascension_mode":true,"campfire_choices":[{"data":"Bash","floor":7,"key":"SMITH"}],"circlet_count":0,"master_deck":["Strike_R","Strike_R","Strike_R","Strike_R","Strike_R","Defend_R","Defend_R","Defend_R","Defend_R","Bash+1","UniverseFragment","Heavy Blade","OSAHOGD","Headbutt","Murderer","Inflame","Injury","CherryBlossoms","Twin Strike"],"relics":["Burning Blood","CogitoBucket","Golden Idol","Happy Flower"],"acts_visited":["Exordium"],"potions_floor_usage":[8,8],"damage_taken":[{"damage":7,"enemies":"Jaw Worm","floor":1,"turns":3},{"damage":5,"enemies":"Small Slimes","floor":2,"turns":3},{"damage":5,"enemies":"Cultist","floor":3,"turns":4},{"damage":49,"enemies":"Gremlin Nob","floor":6,"turns":5},{"damage":40,"enemies":"Lagavulin","floor":8,"turns":7}],"seed_played":"-9026178154815406442","potions_obtained":[{"floor":5,"key":"Guardian:BlockOnCardUsePotion"},{"floor":5,"key":"SpeedPotion"},{"floor":6,"key":"FearPotion"}],"is_trial":false,"path_per_floor":["M","M","M","?","?","E","R","E"],"character_chosen":"IRONCLAD","items_purchased":[],"campfire_rested":0,"item_purchase_floors":[],"current_hp_per_floor":[79,80,80,80,80,37,37,0,0],"gold":141,"neow_bonus":"","is_daily":false,"chose_seed":false,"campfire_upgraded":1,"win_rate":0.0,"timestamp":1614285357,"path_taken":["M","M","M","?","?","E","R","E"],"items_purchased_type":[],"build_version":"2020-12-22","purchased_purges":0,"victory":false,"max_hp_per_floor":[80,80,80,80,80,80,80,80,80],"card_choices":[{"not_picked":["MeatLantern","OldLady"],"picked":"UniverseFragment","floor":1},{"not_picked":["Life Link","Body Slam"],"picked":"Heavy Blade","floor":1},{"not_picked":["Scorched","FairyFestival"],"picked":"OSAHOGD","floor":2},{"not_picked":["Life Link","Ghostly Armor"],"picked":"Headbutt","floor":2},{"not_picked":["MHz","Scorched"],"picked":"Murderer","floor":3},{"not_picked":["Blood for Blood","Run Through"],"picked":"Inflame","floor":3},{"not_picked":["LittlePrince","FairyFestival"],"picked":"CherryBlossoms","floor":6},{"not_picked":["Havoc","Massacre"],"picked":"Twin Strike","floor":6}],"player_experience":3755347,"relics_obtained":[{"floor":6,"key":"Happy Flower"}],"event_choices":[{"damage_healed":0,"gold_gain":0,"player_choice":"Take Wound","damage_taken":0,"relics_obtained":["Golden Idol"],"max_hp_gain":0,"max_hp_loss":0,"event_name":"Golden Idol","floor":4,"gold_loss":0,"cards_obtained":["Injury"]},{"damage_healed":0,"gold_gain":0,"player_choice":"Bought 3 Potions","damage_taken":0,"max_hp_gain":0,"max_hp_loss":0,"event_name":"The Woman in Blue","floor":5,"gold_loss":0}],"is_beta":false,"boss_relics":[],"items_purged_floors":[],"is_endless":false,"potions_floor_spawned":[6],"killed_by":"Lagavulin","ascension_level":3}}