{"host":"sup1rd0ujr5jgopq","time":1614218950,"event":{"mods":["BaseMod","Colored Map","Minty Spire (QoL Compilation)","StSLib"],"gold_per_floor":[114,130,130,1,1,1,34,51,51,69,69,69,81,98,98,197,197,214,234,249,266,266,266,299,299,299,314,314,348,348,360,360,461,461,481,531,549,240,240,240,267,279,305,325,325,325,353,108,108,108,108,108,27,62,62,62],"floor_reached":55,"playtime":3610,"items_purged":["Strike_P","Defend_P"],"score":792,"play_id":"d9018965-4936-401a-ad44-c4b65621f802","local_time":"20210224210910","is_ascension_mode":false,"campfire_choices":[{"data":"Eruption","floor":6.0,"key":"SMITH"},{"data":"Wallop","floor":15.0,"key":"SMITH"},{"floor":23,"key":"REST"},{"data":"Prostrate","floor":25,"key":"SMITH"},{"data":"Establishment","floor":28,"key":"SMITH"},{"data":"ThirdEye","floor":30,"key":"SMITH"},{"data":"Evaluate","floor":32,"key":"SMITH"},{"data":"Meditate","floor":40,"key":"SMITH"},{"floor":46,"key":"RECALL"},{"data":"Impatience","floor":49,"key":"SMITH"},{"data":"Pray","floor":52,"key":"SMITH"}],"circlet_count":0,"master_deck":["Strike_P","Strike_P+1","Defend_P","Defend_P","Defend_P","Eruption+1","Vigilance+1","PathToVictory+1","BowlingBash","FearNoEvil+1","EmptyFist","ThirdEye+1","Prostrate+1","Tantrum","Pray+1","Wallop+1","Establishment+1","Pray+1","ClearTheMind","Evaluate+1","LessonLearned","Brilliance","Prostrate+1","Devotion+1","BattleHymn+1","DeusExMachina","TalkToTheHand+1","Collect+1","Meditate+1","Impatience+1","EmptyMind+1","TalkToTheHand+1","Vengeance","Pray"],"relics":["PureWater","Pocketwatch","HornCleat","Bag of Preparation","Damaru","Black Star","Enchiridion","Ancient Tea Set","MealTicket","Eternal Feather","Frozen Egg 2","Blood Vial","Sozu","Ginger","Pen Nib","Bronze Scales","Bottled Flame","Happy Flower","Letter Opener","Bag of Marbles","Gremlin Horn","Pear"],"acts_visited":["Exordium","TheCity","TheBeyond","TheEnding"],"potions_floor_usage":[20,24,29,31,42],"damage_taken":[{"damage":2.0,"enemies":"Small Slimes","floor":1.0,"turns":4.0},{"damage":0.0,"enemies":"2 Louse","floor":2.0,"turns":3.0},{"damage":18.0,"enemies":"Lagavulin","floor":7.0,"turns":4.0},{"damage":1.0,"enemies":"Jaw Worm","floor":8.0,"turns":3.0},{"damage":0.0,"enemies":"Large Slime","floor":10.0,"turns":4.0},{"damage":0.0,"enemies":"3 Louse","floor":13.0,"turns":2.0},{"damage":0.0,"enemies":"2 Fungi Beasts","floor":14.0,"turns":1.0},{"damage":11.0,"enemies":"The Guardian","floor":16.0,"turns":10.0},{"damage":0.0,"enemies":"Shell Parasite","floor":18.0,"turns":3.0},{"damage":13,"enemies":"3 Byrds","floor":19,"turns":4},{"damage":0,"enemies":"Snake Plant","floor":20,"turns":4},{"damage":6,"enemies":"Cultist and Chosen","floor":21,"turns":5},{"damage":7,"enemies":"Gremlin Leader","floor":24,"turns":3},{"damage":0,"enemies":"Chosen and Byrds","floor":27,"turns":4},{"damage":31,"enemies":"Slavers","floor":29,"turns":5},{"damage":15,"enemies":"Snake Plant","floor":31,"turns":3},{"damage":5,"enemies":"Champ","floor":33,"turns":8},{"damage":5,"enemies":"3 Shapes","floor":35,"turns":8},{"damage":0,"enemies":"Mind Bloom Boss Battle","floor":36,"turns":4},{"damage":13,"enemies":"3 Darklings","floor":37,"turns":4},{"damage":0,"enemies":"Giant Head","floor":41,"turns":6},{"damage":14,"enemies":"4 Shapes","floor":42,"turns":4},{"damage":0,"enemies":"Transient","floor":44,"turns":5},{"damage":0,"enemies":"Nemesis","floor":47,"turns":3},{"damage":16,"enemies":"Awakened One","floor":50,"turns":8},{"damage":34,"enemies":"Shield and Spear","floor":54,"turns":3},{"damage":113,"enemies":"The Heart","floor":55,"turns":5}],"seed_played":"-4154131810032400592","potions_obtained":[{"floor":8.0,"key":"SkillPotion"},{"floor":10.0,"key":"Weak Potion"},{"floor":13.0,"key":"SkillPotion"},{"floor":19,"key":"DistilledChaos"},{"floor":20,"key":"Fire Potion"},{"floor":27,"key":"StancePotion"},{"floor":33,"key":"FairyPotion"}],"is_trial":false,"path_per_floor":["M","M","?","$","?","R","E","M","T","M","?","T","M","M","R","B",null,"M","M","M","M","?","R","E","R","T","M","R","E","R","M","R","B",null,"M","?","M","$","?","R","E","M","T","M","?","R","E","$","R","B",null,"R","$","E","B"],"character_chosen":"WATCHER","items_purchased":["FearNoEvil","EmptyFist","Meditate","Pen Nib","Bag of Marbles","Vengeance"],"campfire_rested":1,"item_purchase_floors":[4,4,38,38,48,53],"current_hp_per_floor":[63,63,56,56,56,56,38,37,37,37,42,42,42,42,42,31,70,70,57,57,51,35,56,49,49,49,49,64,33,48,35,50,47,70,65,67,56,70,70,70,70,56,56,58,58,70,70,70,70,54,70,70,70,46,0,0],"gold":62,"neow_bonus":"ONE_RARE_RELIC","is_daily":false,"chose_seed":false,"campfire_upgraded":9,"win_rate":0.0,"timestamp":1614218950,"path_taken":["M","M","?","$","?","R","E","M","T","M","?","?","M","M","R","BOSS","M","M","M","M","?","R","E","R","T","M","R","E","R","M","R","BOSS","M","?","M","$","?","R","E","M","T","M","?","R","E","$","R","BOSS","R","$","E","BOSS"],"items_purchased_type":["Card","Card","Card","Relic","Relic","Card"],"build_version":"2020-12-13","purchased_purges":2,"victory":false,"max_hp_per_floor":[65,65,65,65,65,65,65,65,65,65,70,70,70,70,70,70,70,70,70,70,70,70,70,70,70,70,70,70,70,70,70,70,70,70,70,70,70,70,70,70,70,70,70,70,70,70,70,70,70,70,70,70,70,80,80,80],"card_choices":[{"not_picked":["JustLucky","LikeWater"],"picked":"PathToVictory","floor":1.0},{"not_picked":["Halt","FlyingSleeves"],"picked":"BowlingBash","floor":2.0},{"not_picked":["CrushJoints","DeceiveReality"],"picked":"ThirdEye","floor":7.0},{"not_picked":["CrushJoints","JustLucky"],"picked":"Prostrate","floor":8.0},{"not_picked":["EmptyFist","BattleHymn"],"picked":"Tantrum","floor":10.0},{"not_picked":["CrushJoints","PathToVictory"],"picked":"Pray","floor":13.0},{"not_picked":["Scrawl","FollowUp"],"picked":"Wallop","floor":14.0},{"not_picked":["DeusExMachina","DevaForm"],"picked":"Establishment","floor":16.0},{"not_picked":["SashWhip","BattleHymn+1"],"picked":"Pray","floor":18.0},{"not_picked":["Evaluate+1","BowlingBash"],"picked":"ClearTheMind","floor":19},{"not_picked":["ThirdEye+1","SashWhip"],"picked":"Evaluate","floor":20},{"not_picked":["EmptyBody","CutThroughFate"],"picked":"LessonLearned","floor":21},{"not_picked":["ClearTheMind+1","Omniscience"],"picked":"Brilliance","floor":24},{"not_picked":["BowlingBash+1","Halt+1"],"picked":"Prostrate+1","floor":27},{"not_picked":["Vengeance","FlyingSleeves"],"picked":"Devotion+1","floor":29},{"not_picked":["PathToVictory+1","FlurryOfBlows"],"picked":"BattleHymn+1","floor":31},{"not_picked":["Omniscience","Vault"],"picked":"DeusExMachina","floor":33},{"not_picked":["Weave","BowlingBash+1","Halt"],"picked":"SKIP","floor":35},{"not_picked":["ReachHeaven","FollowUp"],"picked":"TalkToTheHand+1","floor":36},{"not_picked":["SashWhip","PathToVictory+1"],"picked":"Collect+1","floor":37},{"not_picked":["Swift Strike","Enlightenment"],"picked":"Impatience","floor":39},{"not_picked":["SandsOfTime+1","EmptyFist+1","EmptyBody+1"],"picked":"SKIP","floor":41},{"not_picked":["CutThroughFate","WaveOfTheHand+1","Halt"],"picked":"SKIP","floor":42},{"not_picked":["EmptyFist+1","WreathOfFlame"],"picked":"EmptyMind+1","floor":44},{"not_picked":["Sanctity+1","Crescendo"],"picked":"TalkToTheHand+1","floor":47},{"not_picked":["Weave","Evaluate+1"],"picked":"Pray","floor":54}],"player_experience":48439,"relics_obtained":[{"floor":7.0,"key":"HornCleat"},{"floor":9.0,"key":"Bag of Preparation"},{"floor":12.0,"key":"Damaru"},{"floor":22,"key":"Enchiridion"},{"floor":24,"key":"Ancient Tea Set"},{"floor":24,"key":"MealTicket"},{"floor":26,"key":"Eternal Feather"},{"floor":29,"key":"Frozen Egg 2"},{"floor":29,"key":"Blood Vial"},{"floor":36,"key":"Ginger"},{"floor":41,"key":"Bronze Scales"},{"floor":41,"key":"Bottled Flame"},{"floor":47,"key":"Happy Flower"},{"floor":47,"key":"Letter Opener"},{"floor":54,"key":"Gremlin Horn"},{"floor":54,"key":"Pear"}],"event_choices":[{"cards_removed":["Strike_P"],"damage_healed":0.0,"max_hp_gain":0.0,"max_hp_loss":0.0,"gold_gain":0.0,"event_name":"Golden Wing","player_choice":"Card Removal","floor":3.0,"gold_loss":0.0,"damage_taken":7.0},{"damage_healed":0.0,"max_hp_gain":0.0,"max_hp_loss":0.0,"gold_gain":0.0,"event_name":"Liars Game","player_choice":"Ignored","floor":5.0,"gold_loss":0.0,"damage_taken":0.0},{"damage_healed":0.0,"max_hp_gain":5.0,"max_hp_loss":0.0,"gold_gain":0.0,"event_name":"Big Fish","player_choice":"Donut","floor":11.0,"gold_loss":0.0,"damage_taken":0.0},{"damage_healed":0,"gold_gain":0,"player_choice":"Obtained Book","damage_taken":16,"max_hp_gain":0,"max_hp_loss":0,"event_name":"Cursed Tome","floor":22,"gold_loss":0},{"damage_healed":0,"gold_gain":0,"player_choice":"Fight","damage_taken":0,"max_hp_gain":0,"max_hp_loss":0,"event_name":"MindBloom","floor":36,"gold_loss":0},{"damage_healed":0,"gold_gain":0,"player_choice":"Memory 1","damage_taken":0,"max_hp_gain":0,"max_hp_loss":0,"event_name":"SensoryStone","floor":39,"gold_loss":0},{"damage_healed":0,"gold_gain":0,"player_choice":"Ignored","damage_taken":0,"max_hp_gain":0,"max_hp_loss":0,"event_name":"SecretPortal","floor":45,"gold_loss":0}],"is_beta":false,"boss_relics":[{"not_picked":["Runic Dome","Fusion Hammer"],"picked":"Black Star"},{"not_picked":["SlaversCollar","Tiny House"],"picked":"Sozu"}],"items_purged_floors":[38,48],"is_endless":false,"potions_floor_spawned":[8,10,13,16,19,20,27,33,37,42,44],"killed_by":"The Heart","ascension_level":0}}