{"host":"ee5exjejqz6r5zx9","time":1614288996,"event":{"mods":["ATMod(阿瑾Mod)","Act Like it!","BaseMod","Card Forge","Colored Powertips","Custom Start","Gensokyo","HololiveMod","Minty Spire (QoL Compilation)","MostiFishMod","Quick Restart","Rare Cards Sparkle","Relic Filter Mod","Remove Card Discount Mod","Replay The Spire","RumiaBox-露米娅的神秘盒子","Shop Mod","StSLib","TestMod","【功能Mod】混沌之环修复补丁","【遗物卡牌】REMEMod"],"gold_per_floor":[3333,3333,2765,2778,2778,2825,2846,2480,2503,2531,2531,2570,2589,2655,2655,2762,2762,2785,2785,2785,2805,2828,2869,2616,2655,2705,2705,2755,2955,2979,2925,2925,3031,3031,3048,3062,3462,3462,3200,3251,3251,3293,3293,3293,3345,3345,3376,3424,3424,3432,3446,3446,3446,2457,2493,2509],"floor_reached":57,"language":"ZHS","playtime":2143,"items_purged":["Strike_B","Strike_B","Strike_B","Defend_B","Strike_B","Hologram+1"],"score":3203,"play_id":"7fce39a8-40e2-41a8-ab6b-c93478276d46","local_time":"20210226053636","is_ascension_mode":true,"campfire_choices":[{"data":"Coolheaded","floor":11,"key":"SMITH"},{"floor":15,"key":"RECALL"},{"floor":27,"key":"REST"},{"floor":32,"key":"REST"}],"circlet_count":0,"master_deck":["AscendersBane","MostiFishMod:BrokenBlackCloak+1","Turbo+1","MostiFishMod:ActiveDefenseSystem+1","Glacier+1","Streamline+1","Coolheaded+1","Chill+1","MostiFishMod:InterfaceCompatibility+1","Electrodynamics+1","Skim+1","Coolheaded+1","Meteor Strike+1","Machine Learning","Recycle+1"],"relics":["Cracked Core","Hammer of Thor","Seething Fire","Anvil of the Gods","REME_ComplimentaryCards","AT_ATBox","testmod-AssaultLearning","Civilization","SynthV:TestCard","testmod-Acrobat","testmod-ArcanaOfDestiny","AT_BellDemon","Golden Idol","Lee\u0027s Waffle","Regal Pillow","Ancient Tea Set","Singing Bowl","Bottled Flame","GuanYuAspect","Nloth\u0027s Gift","Vajra","SSSystem","testmod-IndustrialRevolution","Durian","AT_DeathDance","OneHitWonderSystem","Chameleon Ring","AT_ArchangelStaff","Garlic","Anchor","Mirror","DaveBox","BionicSphere","AT_BladeRuinedKing","PreservedInsect","Geode","Omamori","Oddly Smooth Stone","LastBattle","AT_Kusabimaru","BirthdayGift-Icosahedron","Replay:Baseball","Centennial Puzzle","Gremlin Food"],"acts_visited":["Exordium","TheCity","TheBeyond","TheEnding"],"potions_floor_usage":[10,10,22,22,25,30,56],"damage_taken":[{"damage":16,"enemies":"Small Slimes","floor":1,"turns":4},{"damage":0,"enemies":"2 Louse","floor":4,"turns":3},{"damage":6,"enemies":"Gremlin Nob","floor":6,"turns":3},{"damage":0,"enemies":"Jaw Worm","floor":7,"turns":2},{"damage":3,"enemies":"Blue Slaver","floor":10,"turns":2},{"damage":2,"enemies":"Lagavulin","floor":12,"turns":4},{"damage":0,"enemies":"Large Slime","floor":13,"turns":4},{"damage":0,"enemies":"The Guardian","floor":16,"turns":5},{"damage":0,"enemies":"Spheric Guardian","floor":18,"turns":2},{"damage":0,"enemies":"Chosen","floor":21,"turns":2},{"damage":0,"enemies":"Shelled Parasite and Fungi","floor":22,"turns":2},{"damage":0,"enemies":"REME_1_Revenger","floor":23,"turns":3},{"damage":0,"enemies":"Replay:Snechameleon","floor":25,"turns":3},{"damage":0,"enemies":"Snake Plant","floor":30,"turns":1},{"damage":0,"enemies":"Champ","floor":33,"turns":5},{"damage":0,"enemies":"Orb Walker","floor":35,"turns":3},{"damage":0,"enemies":"3 Darklings","floor":36,"turns":1},{"damage":0,"enemies":"Nemesis","floor":40,"turns":7},{"damage":0,"enemies":"R_Hoarder","floor":42,"turns":3},{"damage":0,"enemies":"Giant Head","floor":45,"turns":2},{"damage":0,"enemies":"Writhing Mass","floor":47,"turns":2},{"damage":0,"enemies":"R_Hoarder","floor":48,"turns":3},{"damage":0,"enemies":"Time Eater","floor":50,"turns":2},{"damage":0,"enemies":"Replay:Hell Engine","floor":51,"turns":2},{"damage":0,"enemies":"Shield and Spear","floor":55,"turns":1},{"damage":0,"enemies":"The Heart","floor":56,"turns":3}],"seed_played":"8022611205868043784","potions_obtained":[{"floor":1,"key":"ColorlessPotion"},{"floor":7,"key":"SteroidPotion"},{"floor":10,"key":"REME_GoldPotion"},{"floor":14,"key":"EssenceOfSteel"},{"floor":16,"key":"DistilledChaos"},{"floor":23,"key":"Adrenaline Potion"},{"floor":25,"key":"Explosive Potion"},{"floor":40,"key":"Reflective Coating"},{"floor":44,"key":"GamblersBrew"},{"floor":47,"key":"Elixir"}],"is_trial":false,"path_per_floor":["M","?","$","M","?","E","M","$","T","M","R","E","M","?","R","B",null,"M","?","?","M","M","E","$","E","T","R","?","?","M","$","R","B",null,"M","M","?","?","$","E","?","E","T","R","E","?","M","E","R","B","B",null,"R","$","E","B",null],"character_chosen":"DEFECT","items_purchased":["Turbo","Cold Snap","testmod-ArcanaOfDestiny","AT_BellDemon","Streamline","Lee\u0027s Waffle","Regal Pillow","Vajra","Storm","Coolheaded","Garlic","BirthdayGift-Icosahedron","Replay:Baseball"],"campfire_rested":2,"item_purchase_floors":[3,3,3,3,8,8,8,24,24,31,39,54,54],"current_hp_per_floor":[50,32,32,36,36,35,40,87,87,89,89,94,99,99,99,104,55,59,59,59,66,72,78,78,85,85,88,88,88,94,94,98,101,1,4,5,1,1,1,5,1,5,1,1,5,1,5,5,1,4,4,1,1,1,6,5],"gold":2509,"neow_bonus":"RANDOM_EVENT","is_daily":false,"chose_seed":false,"campfire_upgraded":1,"win_rate":0.0,"timestamp":1614288996,"path_taken":["M","?","$","M","?","E","M","$","T","M","R","E","M","?","R","BOSS","M","?","?","?","M","E","$","E","T","R","?","?","M","$","R","BOSS","M","M","?","?","$","E","?","E","T","R","E","?","M","E","R","BOSS","BOSS","R","$","E","BOSS"],"items_purchased_type":["Card","Card","Relic","Relic","Card","Relic","Relic","Relic","Card","Card","Relic","Relic","Relic"],"build_version":"2020-12-22","purchased_purges":6,"victory":true,"max_hp_per_floor":[73,73,73,77,70,75,80,87,87,92,92,99,104,104,104,109,55,62,62,62,69,74,81,81,88,88,88,88,88,98,98,98,103,1,6,8,1,1,1,8,1,8,1,1,8,1,8,8,1,6,6,1,1,1,8,6],"card_choices":[{"not_picked":["AT_HeatAcrobatics","BasicCrystalCard","Compile Driver"],"picked":"SKIP","floor":1},{"not_picked":["Blizzard","Streamline","Storm","Turbo"],"picked":"MostiFishMod:ActiveDefenseSystem","floor":4},{"not_picked":["Panic Button","Compile Driver","AT_HeatAcrobatics","Conserve Battery"],"picked":"Hologram","floor":6},{"not_picked":["Sweeping Beam","Hologram","Reboot","Cold Snap"],"picked":"Glacier","floor":7},{"not_picked":["Stack","Blizzard","ReplaySolidLightProjector","Hologram"],"picked":"Coolheaded","floor":10},{"not_picked":["Machine Learning","ReplayGash","Hologram","Blizzard","Rebound"],"picked":"Singing Bowl","floor":12},{"not_picked":["Hologram","Sweeping Beam","FIFO Queue","Go for the Eyes"],"picked":"Chill","floor":13},{"not_picked":["Go for the Eyes","Redo","Scrape","Aggregate"],"picked":"MostiFishMod:InterfaceCompatibility","floor":14},{"not_picked":["ReplayTheSpireMod:Omega Cannon","REME_ForAll","MostiFishMod:Overload","Amplify"],"picked":"Electrodynamics","floor":16},{"not_picked":["BasicCrystalCard","Storm","Doom and Gloom","ReplaySort","Leap"],"picked":"Singing Bowl","floor":18},{"not_picked":["Streamline","REME_Compress","Storm","Gash","Barrage"],"picked":"Singing Bowl","floor":21},{"not_picked":["Doom and Gloom","Cold Snap","Gash","Redo"],"picked":"Ball Lightning","floor":22},{"not_picked":["MostiFishMod:StrandedSiren","Melter","ReplayTheSpireMod:System Scan","Aggregate+1","Genetic Algorithm"],"picked":"Singing Bowl","floor":23},{"not_picked":["MostiFishMod:StarOceanB","MostiFishMod:Impulse","Stack","Mirror Shield","AT_EMC2"],"picked":"Singing Bowl","floor":25},{"not_picked":["Conserve Battery","Crystallizer","White Noise","Panic Button"],"picked":"Ball Lightning","floor":30},{"not_picked":["MostiFishMod:DeathFromBelow","MostiFishMod:Nova","All For One","MostiFishMod:InterfaceCompatibility"],"picked":"Machine Learning","floor":33},{"not_picked":["Ball Lightning+1","Beam Cell","BasicCrystalCard","MostiFishMod:ReadyAimFire"],"picked":"REME_SelfUpgrade","floor":35},{"not_picked":["Loop+1","Compile Driver","BasicCrystalCard","Rip and Tear","MostiFishMod:Impulse"],"picked":"Singing Bowl","floor":36},{"not_picked":["REME_Compress","AT_EMC2","Panic Button","Hologram","MostiFishMod:DeathFromBelow","REME_ForAll","ReplayTheSpireMod:Reroute Power"],"picked":"Singing Bowl","floor":40},{"not_picked":["Steam","Echo Form","Hello World","ReplayGash","BasicCrystalCard"],"picked":"Singing Bowl","floor":42},{"not_picked":["Compile Driver+1","MostiFishMod:Culaccino","MostiFishMod:ActiveDefenseSystem","Capacitor","Barrage"],"picked":"Singing Bowl","floor":45},{"not_picked":["AT_WarpDrive","ReplayTheSpireMod:Repulse","Turbo","Genetic Algorithm","Lockon"],"picked":"Singing Bowl","floor":47},{"not_picked":["ReplayTheSpireMod:Omega Cannon","Barrage+1","Compile Driver","MostiFishMod:Nova","BasicCrystalCard"],"picked":"Singing Bowl","floor":48},{"not_picked":["Amplify","FIFO Queue","Rebound+1","REME_SelfUpgrade","ReplayTheSpireMod:Omega Cannon"],"picked":"Singing Bowl","floor":55}],"player_experience":463805,"relics_obtained":[{"floor":1,"key":"SynthV:TestCard"},{"floor":6,"key":"Replay:Wax Seal"},{"floor":9,"key":"Ancient Tea Set"},{"floor":12,"key":"Singing Bowl"},{"floor":14,"key":"Bottled Flame"},{"floor":25,"key":"SSSystem"},{"floor":26,"key":"testmod-IndustrialRevolution"},{"floor":30,"key":"Durian"},{"floor":33,"key":"AT_DeathDance"},{"floor":35,"key":"Chameleon Ring"},{"floor":36,"key":"AT_ArchangelStaff"},{"floor":40,"key":"Anchor"},{"floor":40,"key":"Mirror"},{"floor":42,"key":"AT_BladeRuinedKing"},{"floor":42,"key":"PreservedInsect"},{"floor":45,"key":"Geode"},{"floor":45,"key":"Omamori"},{"floor":47,"key":"Oddly Smooth Stone"},{"floor":48,"key":"LastBattle"},{"floor":48,"key":"AT_Kusabimaru"},{"floor":55,"key":"Centennial Puzzle"},{"floor":55,"key":"Gremlin Food"}],"event_choices":[{"damage_healed":0,"gold_gain":0,"player_choice":"Success","damage_taken":18,"relics_obtained":["testmod-Acrobat"],"max_hp_gain":0,"max_hp_loss":0,"event_name":"Scrap Ooze","floor":2,"gold_loss":0},{"damage_healed":0,"gold_gain":0,"player_choice":"Lose Max HP","damage_taken":0,"relics_obtained":["Golden Idol"],"max_hp_gain":0,"max_hp_loss":7,"event_name":"Golden Idol","floor":5,"gold_loss":0},{"damage_healed":0,"gold_gain":0,"player_choice":"Read","damage_taken":0,"max_hp_gain":0,"max_hp_loss":0,"event_name":"The Library","floor":19,"gold_loss":0,"cards_obtained":["Skim"]},{"damage_healed":0,"gold_gain":0,"player_choice":"Traded Relic","damage_taken":0,"relics_obtained":["Nloth\u0027s Gift"],"max_hp_gain":0,"max_hp_loss":0,"event_name":"N\u0027loth","floor":20,"relics_lost":["Replay:Wax Seal"],"gold_loss":0},{"damage_healed":0,"gold_gain":50,"player_choice":"Stole From Cult","damage_taken":0,"max_hp_gain":0,"max_hp_loss":0,"event_name":"Nest","floor":28,"gold_loss":0},{"damage_healed":0,"gold_gain":200,"player_choice":"Gold","damage_taken":0,"max_hp_gain":0,"max_hp_loss":0,"event_name":"Wheel of Change","floor":29,"gold_loss":0},{"damage_healed":0,"gold_gain":400,"player_choice":"Sell","damage_taken":0,"max_hp_gain":0,"max_hp_loss":0,"event_name":"恩洛斯的盘子","floor":37,"relics_lost":["testmod-TestBox"],"gold_loss":0},{"damage_healed":0,"gold_gain":0,"player_choice":"Ignored","damage_taken":0,"max_hp_gain":0,"max_hp_loss":0,"event_name":"Tomb of Lord Red Mask","floor":38,"gold_loss":0},{"damage_healed":0,"gold_gain":0,"player_choice":"Swap Relic","damage_taken":0,"relics_obtained":["DaveBox"],"max_hp_gain":0,"max_hp_loss":0,"event_name":"给自己的盒子","floor":41,"relics_lost":["DaveBox"],"gold_loss":0}],"is_beta":false,"boss_relics":[{"not_picked":["REME_DuelDisc","Black Star"],"picked":"GuanYuAspect"},{"not_picked":["Nuclear Battery","Replay:Wanted Poster"],"picked":"OneHitWonderSystem"}],"items_purged_floors":[3,3,8,8,8,31],"is_endless":false,"potions_floor_spawned":[1,7,10,16,18,21,23,25,40,45,47],"ascension_level":20}}