{"host":"zp8jvycvinn13jdb","time":1614276435,"event":{"mods":["BaseMod","Better Match","Colored Powertips","Downfall","Googly Eyes","Hermit","Minty Spire (QoL Compilation)","Rare Cards Sparkle","Relic Stats","StSLib","SuperFastMode","Synergy Search","The Bug Knight","The Cursed"],"gold_per_floor":[114,124,138,63,74,74,74,174,174,207,225,241,241,253,253,253,253],"floor_reached":16,"language":"ENG","playtime":1094,"items_purged":["Strike_R"],"score":129,"play_id":"189c9bb1-ae37-46fe-bb62-759f0cdda775","local_time":"20210225130715","is_ascension_mode":false,"campfire_choices":[{"floor":6,"key":"REST"},{"floor":13,"key":"REST"},{"data":"Armaments","floor":15,"key":"SMITH"}],"circlet_count":0,"master_deck":["Strike_R","Strike_R","Strike_R","Defend_R","Defend_R","Defend_R","Defend_R","Bash","Feed","Searing Blow","Shrug It Off","Armaments+1"],"relics":["Burning Blood","Ancient Tea Set","Bottled Lightning"],"acts_visited":["Exordium"],"potions_floor_usage":[10,10,16],"damage_taken":[{"damage":5,"enemies":"Jaw Worm","floor":1,"turns":4},{"damage":15,"enemies":"Small Slimes","floor":2,"turns":4},{"damage":0,"enemies":"Cultist","floor":3,"turns":4},{"damage":14,"enemies":"Exordium Thugs","floor":5,"turns":6},{"damage":56,"enemies":"Lagavulin","floor":10,"turns":18},{"damage":10,"enemies":"2 Fungi Beasts","floor":11,"turns":5},{"damage":3,"enemies":"Blue Slaver","floor":12,"turns":8},{"damage":6,"enemies":"Exordium Wildlife","floor":14,"turns":13},{"damage":76,"enemies":"Hexaghost","floor":16,"turns":15}],"seed_played":"-2661813597537995543","potions_obtained":[{"floor":2,"key":"BloodPotion"},{"floor":3,"key":"bronze:BurnAndBuffPotion"},{"floor":11,"key":"LiquidBronze"}],"is_trial":false,"path_per_floor":["M","M","M","$","M","R","?","?","T","E","M","M","R","M","R","B"],"character_chosen":"IRONCLAD","items_purchased":[],"campfire_rested":2,"item_purchase_floors":[],"current_hp_per_floor":[60,51,60,60,52,77,70,70,70,40,36,43,70,73,73,0,0],"gold":253,"neow_bonus":"THREE_RARE_CARDS","is_daily":false,"chose_seed":false,"campfire_upgraded":1,"win_rate":0.0,"timestamp":1614276435,"path_taken":["M","M","M","$","M","R","?","?","T","E","M","?","R","M","R","BOSS"],"items_purchased_type":[],"build_version":"2020-12-22","purchased_purges":1,"victory":false,"max_hp_per_floor":[83,83,86,86,86,86,86,86,86,89,89,93,93,96,96,96,96],"relic_stats":{"counters":[9,77],"obtain_stats":[{"Bottled Lightning":10,"Ancient Tea Set":9,"Burning Blood":0},{"Bottled Lightning":5,"Ancient Tea Set":4,"Burning Blood":0},{"Bottled Lightning":36,"Ancient Tea Set":18,"Burning Blood":0}],"Burning Blood":48},"card_choices":[{"not_picked":["Brutality","Offering"],"picked":"Feed","floor":0},{"not_picked":["Perfected Strike","Battle Trance"],"picked":"Searing Blow","floor":1},{"not_picked":["Intimidate","Body Slam","Headbutt"],"picked":"SKIP","floor":2},{"not_picked":["Havoc","Iron Wave"],"picked":"Shrug It Off","floor":3},{"not_picked":["Body Slam","Havoc"],"picked":"Armaments","floor":5},{"not_picked":["Clash","Havoc","Uppercut"],"picked":"SKIP","floor":10},{"not_picked":["Bloodletting","Iron Wave","Heavy Blade"],"picked":"SKIP","floor":11},{"not_picked":["Sword Boomerang","Rupture","Berserk"],"picked":"SKIP","floor":12},{"not_picked":["Twin Strike","Clothesline","Headbutt"],"picked":"SKIP","floor":14}],"player_experience":179918,"relics_obtained":[{"floor":9,"key":"Ancient Tea Set"},{"floor":10,"key":"Bottled Lightning"}],"event_choices":[{"cards_removed":["Strike_R"],"damage_healed":0,"gold_gain":0,"player_choice":"Card Removal","damage_taken":7,"max_hp_gain":0,"max_hp_loss":0,"event_name":"Golden Wing","floor":7,"gold_loss":0},{"damage_healed":0,"gold_gain":100,"player_choice":"Pray","damage_taken":0,"max_hp_gain":0,"max_hp_loss":0,"event_name":"Golden Shrine","floor":8,"gold_loss":0}],"is_beta":false,"boss_relics":[],"items_purged_floors":[4],"is_endless":false,"potions_floor_spawned":[2,3,11],"killed_by":"Hexaghost","ascension_level":0}}