{"host":"uyfpom4rlahfoee4","time":1614233264,"event":{"mods":["BaseMod","Downfall","Minty Spire (QoL Compilation)","StSLib"],"gold_per_floor":[99,119,133,144,164,164,235,248,22,38,49,49,49,59,76,179,179,179,190,23,23,34,54,54,64,78,78,78,63,80,90,105,105,105,105],"floor_reached":33,"language":"ENG","playtime":2568,"items_purged":[],"score":274,"play_id":"d8652db1-fc89-4c03-bc1c-543d91b399ac","local_time":"20210224220744","is_ascension_mode":false,"campfire_choices":[{"data":"champ:Taunt","floor":1,"key":"SMITH"},{"data":"champ:Lariat","floor":13,"key":"SMITH"},{"data":"champ:UltimateStance","floor":18,"key":"SMITH"},{"floor":27,"key":"REST"}],"circlet_count":0,"master_deck":["champ:Strike","champ:Strike","champ:Strike","champ:Strike","champ:Defend","champ:Defend","champ:Defend","champ:Defend","champ:Execute","champ:Taunt+1","champ:TornadoPunch","champ:BringItOn","champ:ShieldSigil","champ:Lariat+1","champ:ShieldWall","champ:StanceDance","champ:CrookedStrike+1","champ:ShieldSlam","champ:FanOfKnives+1","champ:StanceDance","champ:Lariat+1","Parasite","champ:UltimateStance+1","champ:BerserkerStyle","champ:TripleStrike+1","champ:RisingSlash+1","champ:Haymaker+1","champ:HeartStrike+1","champ:DefensiveShout","Clumsy","champ:FocusedDefense","champ:PerfectedStrike+1","champ:ArenaPreparation","champ:ShieldSlam","champ:Endure","champ:HeavySlash+1"],"relics":["champ:ChampionCrown","Molten Egg 2","Cursed Key","Membership Card","Torii"],"acts_visited":["Exordium","TheCity"],"potions_floor_usage":[5,10,11,15,16,23,32,33,33],"damage_taken":[{"damage":0,"enemies":"Small Slimes","floor":2,"turns":4},{"damage":11,"enemies":"Cultist","floor":3,"turns":4},{"damage":16,"enemies":"Jaw Worm","floor":4,"turns":5},{"damage":49,"enemies":"Exordium Wildlife","floor":5,"turns":5},{"damage":6,"enemies":"3 Louse","floor":8,"turns":3},{"damage":40,"enemies":"downfall:FleeingMerchant","floor":9,"turns":4},{"damage":21,"enemies":"2 Fungi Beasts","floor":10,"turns":3},{"damage":28,"enemies":"Exordium Thugs","floor":11,"turns":4},{"damage":55,"enemies":"Exordium Wildlife","floor":14,"turns":4},{"damage":9,"enemies":"Red Slaver","floor":15,"turns":3},{"damage":46,"enemies":"IC_STATUS_ARCHETYPE","floor":16,"turns":7},{"damage":50,"enemies":"downfall:LooterAlt2","floor":19,"turns":5},{"damage":74,"enemies":"downfall:FleeingMerchant","floor":20,"turns":4},{"damage":5,"enemies":"Spheric Guardian","floor":22,"turns":3},{"damage":31,"enemies":"Shelled Parasite and Fungi","floor":23,"turns":3},{"damage":102,"enemies":"Centurion and Healer","floor":25,"turns":5},{"damage":52,"enemies":"3 Cultists","floor":26,"turns":5},{"damage":40,"enemies":"downfall:FleeingMerchant","floor":29,"turns":4},{"damage":41,"enemies":"Snecko","floor":30,"turns":3},{"damage":30,"enemies":"Centurion and Healer","floor":31,"turns":5},{"damage":42,"enemies":"Cultist and Chosen","floor":32,"turns":4},{"damage":72,"enemies":"DF_ARCHETYPE_CLAW","floor":33,"turns":5}],"seed_played":"-3740353868990215907","potions_obtained":[{"floor":2,"key":"Dexterity Potion"},{"floor":4,"key":"Fire Potion"},{"floor":5,"key":"champ:CounterPotion"},{"floor":8,"key":"DuplicationPotion"},{"floor":14,"key":"PowerPotion"},{"floor":16,"key":"GamblersBrew"},{"floor":25,"key":"champ:TechniquePotion"},{"floor":26,"key":"AttackPotion"},{"floor":30,"key":"champ:OpenerPotion"}],"is_trial":false,"path_per_floor":["R","M","M","M","M","?","T","M","$","M","M","?","R","M","M","B",null,"R","M","$","?","M","M","T","M","M","R","?","$","M","M","M","B"],"character_chosen":"THE_CHAMP","items_purchased":["Fruit Juice","champ:ShieldSlam","champ:FanOfKnives+1","Membership Card"],"campfire_rested":1,"item_purchase_floors":[9,9,9,20],"current_hp_per_floor":[90,90,89,83,69,69,69,63,63,62,54,77,77,62,53,35,95,95,80,80,80,80,74,74,66,54,82,82,82,81,68,58,1,1,1],"gold":105,"neow_bonus":"THREE_CARDS","is_daily":false,"chose_seed":false,"campfire_upgraded":3,"win_rate":0.0,"timestamp":1614233264,"path_taken":["R","M","M","M","M","?","T","M","?","M","M","?","R","?","M","BOSS","R","M","$","?","M","M","T","M","M","R","?","$","M","?","M","BOSS"],"items_purchased_type":["Potion","Card","Card","Relic"],"build_version":"2020-12-22","purchased_purges":0,"victory":false,"max_hp_per_floor":[90,90,90,90,90,90,90,90,90,95,95,95,95,95,95,95,95,95,95,95,95,95,95,95,95,95,95,95,95,95,95,95,95,95,95],"card_choices":[{"not_picked":["champ:PerfectedStrike","champ:Parry"],"picked":"champ:TornadoPunch","floor":0},{"not_picked":["champ:SetATrap","champ:FaceSlap"],"picked":"champ:BringItOn","floor":2},{"not_picked":["champ:FancyFootwork","champ:Backstep"],"picked":"champ:ShieldSigil","floor":3},{"not_picked":["champ:FlashCut","champ:BladeFlurry"],"picked":"champ:Lariat","floor":4},{"not_picked":["champ:CrownThrow","champ:CrookedStrike"],"picked":"champ:ShieldWall","floor":5},{"not_picked":["champ:PreciseThrust+1","champ:ArenaPreparation"],"picked":"champ:StanceDance","floor":8},{"not_picked":["champ:ViciousMockery","champ:PreciseThrust+1"],"picked":"champ:CrookedStrike+1","floor":9},{"not_picked":["champ:ShieldSigil","champ:SwordSigil"],"picked":"champ:StanceDance","floor":10},{"not_picked":["champ:SetATrap","champ:BladeFlurry+1"],"picked":"champ:Lariat","floor":11},{"not_picked":["champ:Shatter+1","champ:FocusedBerserking"],"picked":"champ:UltimateStance","floor":14},{"not_picked":["champ:Haymaker+1","champ:FocusedDefense"],"picked":"champ:BerserkerStyle","floor":15},{"not_picked":["champ:ShieldThrow+1","champ:LastStand"],"picked":"champ:TripleStrike+1","floor":16},{"not_picked":["champ:BringItOn","champ:FaceSlap+1"],"picked":"champ:RisingSlash+1","floor":19},{"not_picked":["champ:PreciseThrust+1","champ:EnragedBash+1"],"picked":"champ:Haymaker+1","floor":20},{"not_picked":["champ:RecklessLeap+1","champ:SwordSigil"],"picked":"champ:HeartStrike+1","floor":22},{"not_picked":["champ:FocusedDefense","champ:Circumvent"],"picked":"champ:DefensiveShout","floor":23},{"not_picked":["champ:Circumvent+1","champ:Haymaker+1"],"picked":"champ:FocusedDefense","floor":25},{"not_picked":["champ:EnGarde+1","champ:Shatter+1"],"picked":"champ:PerfectedStrike+1","floor":26},{"not_picked":["champ:Shatter+1","champ:BladeFlurry+1"],"picked":"champ:ArenaPreparation","floor":29},{"not_picked":["champ:Encircle+1","champ:GutPunch+1"],"picked":"champ:ShieldSlam","floor":30},{"not_picked":["champ:Circumvent+1","champ:Shatter+1"],"picked":"champ:Endure","floor":31},{"not_picked":["champ:HeartStrike+1","champ:EnGarde"],"picked":"champ:HeavySlash+1","floor":32}],"player_experience":187257,"relics_obtained":[{"floor":7,"key":"Molten Egg 2"},{"floor":24,"key":"Torii"}],"event_choices":[{"damage_healed":23,"gold_gain":0,"player_choice":"Healed and dodged fight","damage_taken":0,"max_hp_gain":0,"max_hp_loss":0,"event_name":"Mushrooms","floor":12,"gold_loss":0,"cards_obtained":["Parasite"]}],"is_beta":false,"boss_relics":[{"not_picked":["Coffee Dripper","expansioncontent:StudyCardRelic"],"picked":"Cursed Key"}],"items_purged_floors":[],"is_endless":false,"potions_floor_spawned":[2,4,5,8,14,16,25,26,30,31],"killed_by":"DF_ARCHETYPE_CLAW","ascension_level":0}}