{"host":"gjwzgdilc53yxmt0","time":1614237914,"event":{"mods":["2.2 Compatiblity","BaseMod","Bestiary","Highlight Path","Minty Spire (QoL Compilation)","Relic Stats","StSLib","ojb\u0027s Info Mod"],"gold_per_floor":[360,377,391,391,408,437,13,44,70,70,70,82,102,129,129,203,203,219,134,184,8,28,58,58,92,115,132,148,162,196,196,196,275,275,288,303,303,314,314,314,347,347,347,377,377,405,417,88,88,88,88,88,88,34,69,69],"floor_reached":57,"language":"ENG","playtime":3924,"items_purged":["Strike_P+1"],"score":3111,"play_id":"123de6fb-80f2-4e32-b6fe-175a60de6ac6","local_time":"20210225022514","is_ascension_mode":true,"campfire_choices":[{"data":"Eruption","floor":11.0,"key":"SMITH"},{"data":"TalkToTheHand","floor":15.0,"key":"SMITH"},{"floor":24.0,"key":"REST"},{"data":"MentalFortress","floor":32.0,"key":"SMITH"},{"data":"TalkToTheHand","floor":40.0,"key":"SMITH"},{"data":"Fasting2","floor":42.0,"key":"SMITH"},{"floor":45.0,"key":"DIG"},{"floor":49.0,"key":"RECALL"},{"floor":53.0,"key":"DIG"}],"circlet_count":0,"master_deck":["AscendersBane","Strike_P+1","Defend_P+1","Defend_P+1","Defend_P+1","Eruption+1","Vigilance+1","BowlingBash","JustLucky","Conclude","Meditate","WheelKick+1","LessonLearned+1","Meditate+1","TalkToTheHand+1","EmptyFist+1","InnerPeace+1","Scrawl","Halt","Wireheading+1","Finesse+1","ClearTheMind+1","Halt+1","MentalFortress+1","Halt+1","MentalFortress+1","TalkToTheHand+1","CutThroughFate+1","Tantrum","Vault+1","EmptyMind+1","Fasting2+1","TalkToTheHand","DevaForm","Halt+1","WaveOfTheHand+1","Panacea+1","Indignation","Fasting2","CutThroughFate","Wireheading"],"relics":["PureWater","MawBank","TeardropLocket","Anchor","Bag of Marbles","Odd Mushroom","Oddly Smooth Stone","Black Star","Matryoshka","Vajra","Pantograph","Bronze Scales","Art of War","Omamori","Centennial Puzzle","War Paint","Juzu Bracelet","Sozu","Bag of Preparation","Dream Catcher","Blue Candle","Nunchaku","Shovel","Darkstone Periapt","CaptainsWheel","Akabeko","Ancient Tea Set","Bottled Flame","Blood Vial","Unceasing Top"],"acts_visited":["Exordium","TheCity","TheBeyond","TheEnding"],"potions_floor_usage":[56],"damage_taken":[{"damage":2.0,"enemies":"Small Slimes","floor":1.0,"turns":5.0},{"damage":4.0,"enemies":"Jaw Worm","floor":2.0,"turns":4.0},{"damage":0.0,"enemies":"2 Louse","floor":3.0,"turns":2.0},{"damage":0.0,"enemies":"Large Slime","floor":5.0,"turns":5.0},{"damage":17.0,"enemies":"3 Sentries","floor":6.0,"turns":6.0},{"damage":3.0,"enemies":"Gremlin Nob","floor":8.0,"turns":3.0},{"damage":0.0,"enemies":"Red Slaver","floor":12.0,"turns":3.0},{"damage":4.0,"enemies":"The Mushroom Lair","floor":13.0,"turns":4.0},{"damage":0.0,"enemies":"3 Sentries","floor":14.0,"turns":4.0},{"damage":18.0,"enemies":"Slime Boss","floor":16.0,"turns":10.0},{"damage":0.0,"enemies":"3 Byrds","floor":18.0,"turns":5.0},{"damage":1.0,"enemies":"Chosen","floor":22.0,"turns":3.0},{"damage":15.0,"enemies":"Gremlin Leader","floor":23.0,"turns":8.0},{"damage":17.0,"enemies":"Slavers","floor":25.0,"turns":7.0},{"damage":0.0,"enemies":"Snecko","floor":27.0,"turns":3.0},{"damage":0.0,"enemies":"Sentry and Sphere","floor":28.0,"turns":4.0},{"damage":0.0,"enemies":"Snake Plant","floor":29.0,"turns":3.0},{"damage":6.0,"enemies":"Gremlin Leader","floor":30.0,"turns":6.0},{"damage":36.0,"enemies":"Automaton","floor":33.0,"turns":12.0},{"damage":7.0,"enemies":"Orb Walker","floor":35.0,"turns":4.0},{"damage":1.0,"enemies":"3 Darklings","floor":36.0,"turns":4.0},{"damage":4.0,"enemies":"Maw","floor":38.0,"turns":7.0},{"damage":1.0,"enemies":"Giant Head","floor":41.0,"turns":10.0},{"damage":0.0,"enemies":"Reptomancer","floor":44.0,"turns":6.0},{"damage":0.0,"enemies":"Giant Head","floor":46.0,"turns":7.0},{"damage":7.0,"enemies":"Spire Growth","floor":47.0,"turns":3.0},{"damage":0.0,"enemies":"Donu and Deca","floor":50.0,"turns":7.0},{"damage":6.0,"enemies":"Time Eater","floor":51.0,"turns":11.0},{"damage":7.0,"enemies":"Shield and Spear","floor":55.0,"turns":6.0},{"damage":9,"enemies":"The Heart","floor":56,"turns":10}],"seed_played":"3668615156696849751","potions_obtained":[{"floor":3.0,"key":"DuplicationPotion"},{"floor":6.0,"key":"GamblersBrew"},{"floor":8.0,"key":"SteroidPotion"},{"floor":13.0,"key":"Weak Potion"},{"floor":14.0,"key":"DuplicationPotion"},{"floor":18.0,"key":"DistilledChaos"},{"floor":23.0,"key":"Ancient Potion"},{"floor":25.0,"key":"SkillPotion"},{"floor":28.0,"key":"Swift Potion"}],"is_trial":false,"path_per_floor":["M","M","M","?","M","E","$","E","T","?","R","M","?","E","R","B",null,"M","?","?","$","M","E","R","E","T","M","M","M","E","?","R","B",null,"M","M","?","M","?","R","E","R","T","E","R","E","M","$","R","B","B",null,"R","$","E","B",null],"character_chosen":"WATCHER","items_purchased":["LessonLearned","TeardropLocket","Wireheading","Finesse","Panacea","Indignation","Fasting2","CutThroughFate"],"campfire_rested":1,"item_purchase_floors":[7,7,21,21,48,48,48,54],"current_hp_per_floor":[59,55,55,55,55,38,38,35,35,28,28,28,24,24,24,6,48,48,48,48,48,47,32,50,33,33,33,33,33,27,27,27,16,51,44,43,43,39,39,39,38,38,38,38,38,38,31,31,31,56,56,61,61,61,54,53],"gold":69,"neow_bonus":"TWO_FIFTY_GOLD","is_daily":false,"chose_seed":false,"campfire_upgraded":5,"win_rate":0.0,"timestamp":1614237914,"path_taken":["M","M","M","?","M","E","$","E","T","?","R","M","?","E","R","BOSS","M","?","?","$","M","E","R","E","T","M","M","M","E","?","R","BOSS","M","M","?","M","?","R","E","R","T","E","R","E","M","$","R","BOSS","BOSS","R","$","E","BOSS"],"items_purchased_type":["Card","Relic","Card","Card","Card","Card","Card","Card"],"build_version":"2020-12-22","purchased_purges":1,"victory":true,"max_hp_per_floor":[62,62,62,62,62,62,62,62,62,62,62,62,62,62,62,62,62,62,62,62,62,62,62,62,62,62,62,62,62,62,62,62,62,62,62,62,62,62,62,62,62,62,62,62,62,62,62,62,62,62,62,62,62,62,62,62],"relic_stats":{"Darkstone Periapt":0,"counters":[30,172],"Blue Candle":[0],"Juzu Bracelet":2,"Bag of Preparation":[18],"War Paint":["Defend_P","Halt"],"MawBank":12,"Sozu":2,"Blood Vial":2,"Centennial Puzzle":[30],"Dream Catcher":0,"Nunchaku":[11],"Shovel":2,"Pantograph":62,"Bronze Scales":[352],"Black Star":7,"Art of War":[6],"obtain_stats":[{"Darkstone Periapt":44,"Vajra":23,"Juzu Bracelet":30,"Bag of Preparation":37,"TeardropLocket":7,"Ancient Tea Set":46,"Sozu":34,"Blood Vial":55,"Centennial Puzzle":26,"Dream Catcher":41,"Nunchaku":43,"Matryoshka":19,"Shovel":44,"Pantograph":23,"Blue Candle":41,"Oddly Smooth Stone":14,"Omamori":26,"Odd Mushroom":13,"War Paint":30,"MawBank":6,"Akabeko":46,"Anchor":8,"CaptainsWheel":45,"Bottled Flame":53,"Bronze Scales":25,"Bag of Marbles":9,"Black Star":17,"Art of War":25,"PureWater":0,"Unceasing Top":55},{"Darkstone Periapt":24,"Vajra":13,"Juzu Bracelet":18,"Bag of Preparation":21,"TeardropLocket":5,"Ancient Tea Set":25,"Sozu":19,"Blood Vial":29,"Centennial Puzzle":14,"Dream Catcher":23,"Nunchaku":23,"Matryoshka":11,"Shovel":24,"Pantograph":13,"Blue Candle":23,"Oddly Smooth Stone":9,"Omamori":14,"Odd Mushroom":8,"War Paint":18,"MawBank":5,"Akabeko":25,"Anchor":6,"CaptainsWheel":24,"Bottled Flame":28,"Bronze Scales":14,"Bag of Marbles":6,"Black Star":10,"Art of War":14,"PureWater":0,"Unceasing Top":29},{"Darkstone Periapt":128,"Vajra":62,"Juzu Bracelet":85,"Bag of Preparation":105,"TeardropLocket":22,"Ancient Tea Set":135,"Sozu":97,"Blood Vial":162,"Centennial Puzzle":69,"Dream Catcher":122,"Nunchaku":122,"Matryoshka":51,"Shovel":128,"Pantograph":62,"Blue Candle":122,"Oddly Smooth Stone":36,"Omamori":69,"Odd Mushroom":32,"War Paint":85,"MawBank":22,"Akabeko":135,"Anchor":25,"CaptainsWheel":128,"Bottled Flame":156,"Bronze Scales":69,"Bag of Marbles":25,"Black Star":46,"Art of War":69,"PureWater":0,"Unceasing Top":162}],"Unceasing Top":[0]},"card_choices":[{"not_picked":["EmptyBody","FlyingSleeves"],"picked":"BowlingBash","floor":1.0},{"not_picked":["Evaluate","EmptyBody"],"picked":"JustLucky","floor":2.0},{"not_picked":["BowlingBash","Evaluate","Sanctity"],"picked":"SKIP","floor":3.0},{"not_picked":["Perseverance","PathToVictory"],"picked":"Meditate","floor":5.0},{"not_picked":["Crescendo","FlyingSleeves"],"picked":"WheelKick","floor":6.0},{"not_picked":["Consecrate","Evaluate"],"picked":"Meditate","floor":8.0},{"not_picked":["DeusExMachina","Consecrate"],"picked":"TalkToTheHand","floor":12.0},{"not_picked":["BattleHymn","Study"],"picked":"EmptyFist","floor":13.0},{"not_picked":["EmptyFist","Protect"],"picked":"InnerPeace","floor":14.0},{"not_picked":["Devotion","Ragnarok"],"picked":"Scrawl","floor":16.0},{"not_picked":["PathToVictory","Wallop"],"picked":"Halt","floor":18.0},{"not_picked":["FollowUp","FlyingSleeves+1"],"picked":"ClearTheMind","floor":22.0},{"not_picked":["Perseverance","BowlingBash"],"picked":"Halt","floor":23.0},{"not_picked":["Indignation","MasterReality"],"picked":"MentalFortress","floor":25.0},{"not_picked":["ThirdEye+1","Protect"],"picked":"Halt","floor":27.0},{"not_picked":["Study","Worship"],"picked":"MentalFortress","floor":28.0},{"not_picked":["CrushJoints","FlyingSleeves"],"picked":"TalkToTheHand","floor":29.0},{"not_picked":["SashWhip","PathToVictory"],"picked":"CutThroughFate","floor":30.0},{"not_picked":["SpiritShield","Ragnarok"],"picked":"Vault","floor":33.0},{"not_picked":["CarveReality+1","Prostrate"],"picked":"EmptyMind","floor":35.0},{"not_picked":["BowlingBash+1","Meditate"],"picked":"Fasting2","floor":36.0},{"not_picked":["ReachHeaven+1","BowlingBash","ThirdEye"],"picked":"SKIP","floor":38.0},{"not_picked":["PathToVictory","CrushJoints"],"picked":"TalkToTheHand","floor":41.0},{"not_picked":["FlyingSleeves","ThirdEye+1"],"picked":"DevaForm","floor":44.0},{"not_picked":["BowlingBash","Weave"],"picked":"Halt","floor":46.0},{"not_picked":["Worship+1","Nirvana+1"],"picked":"WaveOfTheHand+1","floor":47.0},{"not_picked":["Conclude+1","EmptyFist+1"],"picked":"Wireheading","floor":55.0}],"player_experience":5000340,"relics_obtained":[{"floor":6.0,"key":"MawBank"},{"floor":8.0,"key":"Anchor"},{"floor":9.0,"key":"Bag of Marbles"},{"floor":13.0,"key":"Odd Mushroom"},{"floor":14.0,"key":"Oddly Smooth Stone"},{"floor":23.0,"key":"Vajra"},{"floor":23.0,"key":"Pantograph"},{"floor":25.0,"key":"Bronze Scales"},{"floor":25.0,"key":"Art of War"},{"floor":26.0,"key":"Omamori"},{"floor":26.0,"key":"Centennial Puzzle"},{"floor":30.0,"key":"War Paint"},{"floor":30.0,"key":"Juzu Bracelet"},{"floor":37.0,"key":"Bag of Preparation"},{"floor":41.0,"key":"Dream Catcher"},{"floor":41.0,"key":"Blue Candle"},{"floor":43.0,"key":"Nunchaku"},{"floor":44.0,"key":"Shovel"},{"floor":44.0,"key":"Darkstone Periapt"},{"floor":45.0,"key":"CaptainsWheel"},{"floor":46.0,"key":"Akabeko"},{"floor":46.0,"key":"Ancient Tea Set"},{"floor":53.0,"key":"Bottled Flame"},{"floor":55.0,"key":"Blood Vial"},{"floor":55.0,"key":"Unceasing Top"}],"event_choices":[{"damage_healed":0.0,"max_hp_gain":0.0,"max_hp_loss":0.0,"gold_gain":0.0,"cards_transformed":["Strike_P"],"event_name":"Living Wall","player_choice":"Change","floor":4.0,"gold_loss":0.0,"damage_taken":0.0,"cards_obtained":["Conclude"]},{"cards_removed":["Strike_P"],"damage_healed":0.0,"max_hp_gain":0.0,"max_hp_loss":0.0,"gold_gain":0.0,"event_name":"Golden Wing","player_choice":"Card Removal","floor":10.0,"gold_loss":0.0,"damage_taken":7.0},{"damage_healed":0.0,"max_hp_gain":0.0,"max_hp_loss":0.0,"gold_gain":0.0,"event_name":"Mushrooms","player_choice":"Fought Mushrooms","floor":13.0,"gold_loss":0.0,"damage_taken":0.0},{"damage_healed":0.0,"max_hp_gain":0.0,"max_hp_loss":0.0,"gold_gain":0.0,"event_name":"Addict","player_choice":"Obtained Relic","floor":19.0,"gold_loss":85.0,"damage_taken":0.0,"relics_obtained":["Matryoshka"]},{"damage_healed":0.0,"max_hp_gain":0.0,"max_hp_loss":0.0,"gold_gain":100.0,"event_name":"The Joust","player_choice":"Bet on Murderer","floor":20.0,"gold_loss":50.0,"damage_taken":0.0},{"damage_healed":0.0,"max_hp_gain":0.0,"max_hp_loss":0.0,"gold_gain":0.0,"event_name":"The Library","player_choice":"Read","floor":31.0,"gold_loss":0.0,"damage_taken":0.0,"cards_obtained":["Tantrum"]},{"damage_healed":0.0,"max_hp_gain":0.0,"max_hp_loss":0.0,"gold_gain":0.0,"event_name":"Wheel of Change","player_choice":"Relic","floor":37.0,"gold_loss":0.0,"damage_taken":0.0},{"cards_removed":["Defend_P"],"damage_healed":0.0,"max_hp_gain":0.0,"max_hp_loss":0.0,"gold_gain":0.0,"event_name":"Falling","player_choice":"Removed Skill","floor":39.0,"gold_loss":0.0,"damage_taken":0.0}],"is_beta":false,"boss_relics":[{"not_picked":["Busted Crown","Runic Dome"],"picked":"Black Star"},{"not_picked":["Philosopher\u0027s Stone","HolyWater"],"picked":"Sozu"}],"items_purged_floors":[48],"is_endless":false,"potions_floor_spawned":[3,6,8,13,14,18,23,25,28,29,38,46],"ascension_level":20}}