{"host":"yf9uv1vgok0dao2o","time":1614288959,"event":{"mods":["BaseMod","Highlight Path","Minty Spire (QoL Compilation)","Relic Stats","StSLib"],"gold_per_floor":[116,133,133,208,208,208,208],"floor_reached":6,"language":"ENG","playtime":335,"items_purged":[],"score":68,"play_id":"a5160018-ed6e-45d9-8c34-3ad3cd91205d","local_time":"20210225153559","is_ascension_mode":true,"campfire_choices":[],"circlet_count":0,"master_deck":["AscendersBane","Strike_R","Strike_R","Strike_R","Strike_R","Defend_R","Defend_R","Defend_R","Defend_R","Bash","Impervious","Warcry","Spot Weakness","Double Tap"],"relics":["Burning Blood"],"acts_visited":["Exordium"],"potions_floor_usage":[6],"damage_taken":[{"damage":7,"enemies":"Cultist","floor":1,"turns":4},{"damage":4,"enemies":"Small Slimes","floor":2,"turns":6},{"damage":45,"enemies":"3 Sentries","floor":6,"turns":10}],"seed_played":"5898131383953120666","potions_obtained":[{"floor":2,"key":"Block Potion"}],"is_trial":false,"path_per_floor":["M","M","?","?","?","E"],"character_chosen":"IRONCLAD","items_purchased":[],"campfire_rested":0,"item_purchase_floors":[],"current_hp_per_floor":[49,51,51,40,45,0,0],"gold":208,"neow_bonus":"THREE_RARE_CARDS","is_daily":false,"chose_seed":false,"campfire_upgraded":0,"win_rate":0.0,"timestamp":1614288959,"path_taken":["M","?","?","?","?","E"],"items_purchased_type":[],"build_version":"2020-12-22","purchased_purges":0,"victory":false,"max_hp_per_floor":[75,75,75,75,80,80,80],"relic_stats":{"counters":[3,20],"obtain_stats":[{"Burning Blood":0},{"Burning Blood":0},{"Burning Blood":0}],"Burning Blood":12},"card_choices":[{"not_picked":["Exhume","Demon Form"],"picked":"Impervious","floor":0},{"not_picked":["Clothesline","Flex"],"picked":"Warcry","floor":1},{"not_picked":["Havoc","Entrench"],"picked":"Spot Weakness","floor":2}],"player_experience":1646597,"relics_obtained":[],"event_choices":[{"damage_healed":0,"gold_gain":0,"cards_transformed":["Strike_R"],"player_choice":"Change","damage_taken":0,"max_hp_gain":0,"max_hp_loss":0,"event_name":"Living Wall","floor":3,"gold_loss":0,"cards_obtained":["Double Tap"]},{"damage_healed":0,"gold_gain":75,"player_choice":"Gather Gold","damage_taken":11,"max_hp_gain":0,"max_hp_loss":0,"event_name":"World of Goop","floor":4,"gold_loss":0},{"damage_healed":0,"gold_gain":0,"player_choice":"Donut","damage_taken":0,"max_hp_gain":5,"max_hp_loss":0,"event_name":"Big Fish","floor":5,"gold_loss":0}],"is_beta":false,"boss_relics":[],"items_purged_floors":[],"is_endless":false,"potions_floor_spawned":[2],"killed_by":"3 Sentries","ascension_level":20}}