{"host":"zdx3mk58qfaqn5dx","time":1614295419,"event":{"mods":["BaseMod","Bestiary","Better Third Choice","Colored Map","Colored Powertips","Dark Map","Downfall","Hermit","Highlight Path","Minty Spire (QoL Compilation)","Practice Mode","Quick Restart","Relic Stats","StSLib","SuperFastMode"],"gold_per_floor":[12,29,29,47,47,47,67,96,96,96,114,103,121,71,71,166,166,177,190,190],"floor_reached":19,"language":"ENG","playtime":1252,"items_purged":[],"score":182,"play_id":"5ebb903e-52a3-4130-b7b0-1d218f21bad4","local_time":"20210226002339","is_ascension_mode":true,"campfire_choices":[{"floor":6,"key":"REST"},{"floor":15,"key":"REST"}],"circlet_count":0,"master_deck":["Strike_P","Strike_P","Defend_P","Defend_P","Defend_P","Defend_P","ForeignInfluence","Protect","DeceiveReality","ClearTheMind","Indignation","Machine Learning","ThirdEye","Devotion","EmptyFist","WaveOfTheHand+1","SandsOfTime","Brilliance"],"relics":["PureWater","Nunchaku","Torii","Toxic Egg 2","Frozen Egg 2","Busted Crown"],"acts_visited":["Exordium","TheCity"],"potions_floor_usage":[7,16,16],"damage_taken":[{"damage":0,"enemies":"2 Louse","floor":1,"turns":3},{"damage":0,"enemies":"Jaw Worm","floor":2,"turns":5},{"damage":0,"enemies":"Small Slimes","floor":4,"turns":2},{"damage":1,"enemies":"Looter","floor":7,"turns":3},{"damage":46,"enemies":"Lagavulin","floor":8,"turns":8},{"damage":0,"enemies":"Blue Slaver","floor":11,"turns":4},{"damage":2,"enemies":"Exordium Thugs","floor":12,"turns":4},{"damage":15,"enemies":"Exordium Wildlife","floor":13,"turns":6},{"damage":18,"enemies":"The Guardian","floor":16,"turns":11},{"damage":12,"enemies":"3 Byrds","floor":18,"turns":9},{"damage":3,"enemies":"Chosen","floor":19,"turns":8}],"seed_played":"3664027247462421773","potions_obtained":[{"floor":2,"key":"Ancient Potion"},{"floor":4,"key":"AttackPotion"},{"floor":7,"key":"SkillPotion"},{"floor":12,"key":"ColorlessPotion"}],"is_trial":false,"path_per_floor":["M","M","?","M","?","R","M","E","T","$","M","M","M","?","R","B",null,"M","M"],"character_chosen":"WATCHER","items_purchased":[],"campfire_rested":2,"item_purchase_floors":[],"current_hp_per_floor":[72,72,72,72,46,67,66,20,20,20,20,18,3,3,24,6,72,60,57,57],"gold":190,"neow_bonus":"TRANSFORM_TWO_CARDS","is_daily":false,"chose_seed":false,"campfire_upgraded":0,"win_rate":0.0,"timestamp":1614295419,"path_taken":["M","M","?","M","?","R","M","E","T","?","M","?","M","?","R","BOSS","M","M"],"items_purchased_type":[],"build_version":"2020-12-22","purchased_purges":0,"victory":false,"max_hp_per_floor":[72,72,72,72,72,72,72,72,72,72,72,72,72,72,72,72,72,72,72,72],"relic_stats":{"Nunchaku":[5],"Busted Crown":4,"Torii":28,"counters":[11,63],"obtain_stats":[{"Nunchaku":5,"Busted Crown":17,"Torii":5,"PureWater":0,"Toxic Egg 2":8,"Frozen Egg 2":9},{"Nunchaku":3,"Busted Crown":9,"Torii":3,"PureWater":0,"Toxic Egg 2":5,"Frozen Egg 2":5},{"Nunchaku":10,"Busted Crown":46,"Torii":10,"PureWater":0,"Toxic Egg 2":21,"Frozen Egg 2":21}]},"card_choices":[{"not_picked":["PathToVictory","CutThroughFate"],"picked":"DeceiveReality","floor":1},{"not_picked":["Consecrate","FlurryOfBlows"],"picked":"ClearTheMind","floor":2},{"not_picked":["JustLucky","Swivel","Evaluate"],"picked":"SKIP","floor":4},{"not_picked":["FollowUp","Scrawl"],"picked":"ThirdEye","floor":7},{"not_picked":["BattleHymn","Consecrate"],"picked":"Devotion","floor":8},{"not_picked":["Vengeance+1","Fasting2+1"],"picked":"EmptyFist","floor":11},{"not_picked":["JustLucky","Consecrate"],"picked":"WaveOfTheHand+1","floor":12},{"not_picked":["ThirdEye+1","FlurryOfBlows"],"picked":"SandsOfTime","floor":13},{"not_picked":["MasterReality+1","ConjureBlade+1"],"picked":"Brilliance","floor":16},{"not_picked":["FlurryOfBlows+1"],"picked":"SKIP","floor":18},{"not_picked":["ThirdEye+1"],"picked":"SKIP","floor":19}],"player_experience":213261,"relics_obtained":[{"floor":8,"key":"Toxic Egg 2"},{"floor":9,"key":"Frozen Egg 2"}],"event_choices":[{"damage_healed":0,"gold_gain":0,"cards_transformed":["Vigilance"],"player_choice":"Change","damage_taken":0,"max_hp_gain":0,"max_hp_loss":0,"event_name":"Living Wall","floor":3,"gold_loss":0,"cards_obtained":["Indignation"]},{"damage_healed":0,"gold_gain":1,"player_choice":"Relic Card Relic ","damage_taken":26,"max_hp_gain":0,"max_hp_loss":0,"event_name":"betterThird:BetterScrap","floor":5,"gold_loss":0,"cards_obtained":["Machine Learning","Doppelganger"]},{"cards_removed":["Strike_P"],"damage_healed":0,"gold_gain":0,"player_choice":"Card Removal","damage_taken":0,"max_hp_gain":0,"max_hp_loss":0,"event_name":"The Cleric","floor":14,"gold_loss":50}],"is_beta":false,"boss_relics":[{"not_picked":["Velvet Choker","Cursed Key"],"picked":"Busted Crown"}],"items_purged_floors":[],"is_endless":false,"potions_floor_spawned":[2,4,7,12],"killed_by":"Chosen","ascension_level":1}}