{"host":"yx5rao87132cy5xq","time":1614259309,"event":{"mods":["2.2 Compatiblity","AchievementEnabler","BaseMod","Bestiary","Colored Map","Colored Powertips","Highlight Path","Minty Spire (QoL Compilation)","Quick Restart","Relic Stats","Slay-I","SuperFastMode"],"gold_per_floor":[116,134,309,309,322,356,44,9,9,35,35,100,100,129,129,234,234,244,244,244,244,22,57,57,68,94,121,139,154,154,154,154,255,255,273,273,18,18,18,18,31,48,101,126,139,16,29,57,57,57],"floor_reached":51,"language":"ENG","playtime":2896,"items_purged":["Doubt","Strike_G","Grand Finale"],"score":822,"play_id":"6bf27388-b889-44a6-aa99-7db242ecbe09","local_time":"20210225142149","is_ascension_mode":true,"campfire_choices":[{"data":"Blade Dance","floor":11.0,"key":"SMITH"},{"data":"Noxious Fumes","floor":13.0,"key":"SMITH"},{"floor":15.0,"key":"REST"},{"floor":24,"key":"REST"},{"data":"Adrenaline","floor":30,"key":"SMITH"},{"floor":32,"key":"REST"},{"data":"Terror","floor":40,"key":"SMITH"},{"data":"Neutralize","floor":49,"key":"SMITH"}],"circlet_count":0,"master_deck":["Strike_G","Strike_G","Strike_G+1","Defend_G","Defend_G+1","Defend_G","Survivor","Neutralize+1","Unload","Cloak And Dagger","Bouncing Flask","Cloak And Dagger","Blade Dance+1","Dodge and Roll+1","Blur","All Out Attack","Noxious Fumes+1","Adrenaline+1","After Image+1","Backflip","Crippling Poison","Caltrops+1","Footwork+1","Dodge and Roll","Terror+1","Dodge and Roll","After Image+1","Blade Dance+1","PanicButton","Leg Sweep+1","Backflip+1","Blade Dance+1"],"relics":["Ring of the Snake","Orichalcum","Mercury Hourglass","Ancient Tea Set","Frozen Egg 2","SlaversCollar","Nilry\u0027s Codex","Bronze Scales","Smiling Mask","Question Card","Black Star","Shuriken","PreservedInsect","Molten Egg 2","Pen Nib","Oddly Smooth Stone","Vajra"],"acts_visited":["Exordium","TheCity","TheBeyond"],"potions_floor_usage":[23,27,27,27,29,45,48,50],"damage_taken":[{"damage":0.0,"enemies":"Cultist","floor":1.0,"turns":4.0},{"damage":0.0,"enemies":"Small Slimes","floor":2.0,"turns":3.0},{"damage":4.0,"enemies":"2 Louse","floor":5.0,"turns":3.0},{"damage":22.0,"enemies":"Lagavulin","floor":6.0,"turns":6.0},{"damage":1.0,"enemies":"3 Sentries","floor":10.0,"turns":5.0},{"damage":12.0,"enemies":"Lagavulin","floor":14.0,"turns":5.0},{"damage":19.0,"enemies":"The Guardian","floor":16.0,"turns":9.0},{"damage":8.0,"enemies":"2 Thieves","floor":18.0,"turns":4.0},{"damage":16,"enemies":"Book of Stabbing","floor":23,"turns":5},{"damage":0,"enemies":"Shell Parasite","floor":25,"turns":4},{"damage":3,"enemies":"Slavers","floor":27,"turns":5},{"damage":3,"enemies":"Snake Plant","floor":28,"turns":4},{"damage":5,"enemies":"Snecko","floor":29,"turns":7},{"damage":40,"enemies":"Collector","floor":33,"turns":9},{"damage":13,"enemies":"3 Shapes","floor":35,"turns":6},{"damage":0,"enemies":"Orb Walker","floor":41,"turns":4},{"damage":0,"enemies":"Maw","floor":42,"turns":9},{"damage":0,"enemies":"Nemesis","floor":44,"turns":5},{"damage":17,"enemies":"Sphere and 2 Shapes","floor":45,"turns":6},{"damage":0,"enemies":"Writhing Mass","floor":47,"turns":7},{"damage":0,"enemies":"Giant Head","floor":48,"turns":7},{"damage":40,"enemies":"Time Eater","floor":50,"turns":13}],"seed_played":"1148923988811372486","potions_obtained":[{"floor":2.0,"key":"DistilledChaos"},{"floor":10.0,"key":"Poison Potion"},{"floor":16.0,"key":"SkillPotion"},{"floor":23,"key":"BlessingOfTheForge"},{"floor":25,"key":"Swift Potion"},{"floor":27,"key":"Swift Potion"},{"floor":28,"key":"FearPotion"},{"floor":41,"key":"BlessingOfTheForge"},{"floor":42,"key":"DistilledChaos"},{"floor":44,"key":"SpeedPotion"},{"floor":47,"key":"LiquidMemories"}],"is_trial":false,"path_per_floor":["M","M","?","?","M","E","$","?","T","E","R","?","R","E","R","B",null,"M","?","?","?","$","E","R","M","T","E","M","M","R","T","R","B",null,"M","?","$","$","?","R","M","M","T","E","M","$","M","E","R","B",null],"character_chosen":"THE_SILENT","items_purchased":["Dodge and Roll","Blur","All Out Attack","AttackPotion","SpeedPotion","Caltrops+1","Shuriken","Regen Potion"],"campfire_rested":3,"item_purchase_floors":[7,7,7,7,22,22,37,46],"current_hp_per_floor":[70,70,70,56,52,30,30,30,30,29,29,29,29,17,38,19,70,62,49,49,33,33,17,39,39,39,36,33,28,28,28,50,10,75,62,62,62,62,62,62,62,62,62,62,45,45,45,60,60,20],"gold":57,"neow_bonus":"TRANSFORM_CARD","is_daily":false,"chose_seed":false,"campfire_upgraded":5,"win_rate":0.0,"timestamp":1614259309,"path_taken":["M","M","?","?","M","E","$","?","T","E","R","?","R","E","R","BOSS","M","?","?","?","$","E","R","M","T","E","M","M","R","?","R","BOSS","M","?","?","$","?","R","M","M","T","E","M","$","M","E","R","BOSS"],"items_purchased_type":["Card","Card","Card","Potion","Potion","Card","Relic","Potion"],"build_version":"2020-12-22","purchased_purges":3,"victory":true,"max_hp_per_floor":[70,70,70,70,70,70,70,70,70,70,70,70,70,70,70,70,70,70,75,75,75,75,75,75,75,75,75,75,75,75,75,75,75,75,75,75,75,75,75,75,75,75,75,75,75,75,75,75,75,75],"relic_stats":{"counters":[22,130],"Shuriken":[26],"Bronze Scales":[250],"PreservedInsect":172,"Pen Nib":[8],"Black Star":2,"Orichalcum":[18],"Smiling Mask":75,"Question Card":11,"obtain_stats":[{"Nilry\u0027s Codex":21,"Oddly Smooth Stone":48,"Vajra":48,"PreservedInsect":43,"Pen Nib":44,"Orichalcum":6,"Frozen Egg 2":14,"Ancient Tea Set":10,"Smiling Mask":26,"Question Card":27,"Mercury Hourglass":9,"SlaversCollar":17,"Shuriken":37,"Bronze Scales":23,"Molten Egg 2":44,"Black Star":34,"Ring of the Snake":0},{"Nilry\u0027s Codex":8,"Oddly Smooth Stone":21,"Vajra":21,"PreservedInsect":17,"Pen Nib":18,"Orichalcum":4,"Frozen Egg 2":6,"Ancient Tea Set":5,"Smiling Mask":10,"Question Card":11,"Mercury Hourglass":4,"SlaversCollar":7,"Shuriken":15,"Bronze Scales":9,"Molten Egg 2":18,"Black Star":14,"Ring of the Snake":0},{"Nilry\u0027s Codex":39,"Oddly Smooth Stone":117,"Vajra":117,"PreservedInsect":92,"Pen Nib":97,"Orichalcum":16,"Frozen Egg 2":26,"Ancient Tea Set":21,"Smiling Mask":48,"Question Card":53,"Mercury Hourglass":16,"SlaversCollar":35,"Shuriken":79,"Bronze Scales":44,"Molten Egg 2":97,"Black Star":73,"Ring of the Snake":0}],"Ring of the Snake":[44],"Mercury Hourglass":[377]},"card_choices":[{"not_picked":["Bane","Prepared"],"picked":"Cloak And Dagger","floor":1.0},{"not_picked":["Deflect","Distraction"],"picked":"Bouncing Flask","floor":2.0},{"not_picked":["Flying Knee","Sucker Punch"],"picked":"Cloak And Dagger","floor":5.0},{"not_picked":["Prepared","Unload"],"picked":"Blade Dance","floor":6.0},{"not_picked":["Endless Agony","Die Die Die"],"picked":"Noxious Fumes","floor":10.0},{"not_picked":["Bane","Outmaneuver"],"picked":"Adrenaline","floor":14.0},{"not_picked":["Envenom+1","Adrenaline"],"picked":"After Image+1","floor":16.0},{"not_picked":["Deflect","Noxious Fumes+1"],"picked":"Backflip","floor":18.0},{"not_picked":["Deadly Poison","Expertise+1"],"picked":"Footwork+1","floor":23},{"not_picked":["Poisoned Stab","Endless Agony+1"],"picked":"Dodge and Roll","floor":25},{"not_picked":["Backflip+1","Choke"],"picked":"Terror","floor":27},{"not_picked":["Deflect","Sucker Punch","Reflex"],"picked":"Dodge and Roll","floor":28},{"not_picked":["Outmaneuver","Bane","Bouncing Flask","Crippling Poison"],"picked":"SKIP","floor":29},{"not_picked":["Tools of the Trade+1","Malaise","Night Terror"],"picked":"After Image+1","floor":33},{"not_picked":["Sucker Punch+1","Setup+1","Noxious Fumes+1"],"picked":"Blade Dance+1","floor":35},{"not_picked":["Dramatic Entrance","Swift Strike","Enlightenment"],"picked":"PanicButton","floor":39},{"not_picked":["Expertise+1","Sucker Punch+1","Dagger Spray+1"],"picked":"Leg Sweep+1","floor":41},{"not_picked":["Endless Agony","Dash","Flying Knee"],"picked":"Backflip+1","floor":42},{"not_picked":["Quick Slash+1","Flying Knee+1","Acrobatics+1"],"picked":"Blade Dance+1","floor":44},{"not_picked":["Bane+1","Tactician","Crippling Poison","Underhanded Strike+1"],"picked":"SKIP","floor":45},{"not_picked":["Sucker Punch+1","Outmaneuver","Flying Knee+1","Blade Dance"],"picked":"SKIP","floor":47},{"not_picked":["Setup","Dagger Spray+1","Caltrops+1","Outmaneuver"],"picked":"SKIP","floor":48}],"player_experience":1182304,"relics_obtained":[{"floor":6.0,"key":"Orichalcum"},{"floor":9.0,"key":"Mercury Hourglass"},{"floor":10.0,"key":"Ancient Tea Set"},{"floor":14.0,"key":"Frozen Egg 2"},{"floor":21.0,"key":"Nilry\u0027s Codex"},{"floor":23,"key":"Bronze Scales"},{"floor":26,"key":"Smiling Mask"},{"floor":27,"key":"Question Card"},{"floor":43,"key":"PreservedInsect"},{"floor":44,"key":"Molten Egg 2"},{"floor":44,"key":"Pen Nib"},{"floor":48,"key":"Oddly Smooth Stone"},{"floor":48,"key":"Vajra"}],"event_choices":[{"damage_healed":0.0,"max_hp_gain":0.0,"max_hp_loss":0.0,"gold_gain":175.0,"event_name":"Liars Game","player_choice":"AGREE","floor":3.0,"gold_loss":0.0,"damage_taken":0.0,"cards_obtained":["Doubt"]},{"damage_healed":0.0,"max_hp_gain":0.0,"max_hp_loss":0.0,"gold_gain":0.0,"event_name":"Shining Light","player_choice":"Entered Light","floor":4.0,"gold_loss":0.0,"damage_taken":14.0,"cards_upgraded":["Defend_G","Strike_G"]},{"damage_healed":0.0,"max_hp_gain":0.0,"max_hp_loss":0.0,"gold_gain":0.0,"event_name":"World of Goop","player_choice":"Left Gold","floor":8.0,"gold_loss":35.0,"damage_taken":0.0},{"damage_healed":0.0,"max_hp_gain":0.0,"max_hp_loss":0.0,"gold_gain":65.0,"event_name":"Golden Wing","player_choice":"Gained Gold","floor":12.0,"gold_loss":0.0,"damage_taken":0.0},{"damage_healed":0.0,"max_hp_gain":5.0,"max_hp_loss":0.0,"gold_gain":0.0,"event_name":"Forgotten Altar","player_choice":"Shed Blood","floor":19.0,"gold_loss":0.0,"damage_taken":18.0},{"damage_healed":0.0,"max_hp_gain":0.0,"max_hp_loss":0.0,"gold_gain":0.0,"cards_transformed":["Strike_G","Defend_G"],"event_name":"Drug Dealer","player_choice":"Became Test Subject","floor":20.0,"gold_loss":0.0,"damage_taken":0.0,"cards_obtained":["Grand Finale","Crippling Poison"]},{"damage_healed":0.0,"max_hp_gain":0.0,"max_hp_loss":0.0,"gold_gain":0.0,"event_name":"Cursed Tome","player_choice":"Obtained Book","floor":21.0,"gold_loss":0.0,"damage_taken":16.0},{"damage_healed":0,"gold_gain":0,"player_choice":"Forge","damage_taken":0,"max_hp_gain":0,"max_hp_loss":0,"event_name":"Accursed Blacksmith","floor":36,"gold_loss":0,"cards_upgraded":["Dodge and Roll"]},{"damage_healed":0,"gold_gain":0,"player_choice":"Memory 1","damage_taken":0,"max_hp_gain":0,"max_hp_loss":0,"event_name":"SensoryStone","floor":39,"gold_loss":0}],"is_beta":false,"boss_relics":[{"not_picked":["Tiny House","Calling Bell"],"picked":"SlaversCollar"},{"not_picked":["Snecko Eye","Philosopher\u0027s Stone"],"picked":"Black Star"}],"items_purged_floors":[7,22,46],"is_endless":false,"potions_floor_spawned":[2,10,16,23,25,27,28,41,42,44,47],"ascension_level":1}}