{"host":"80x1ozqd5wpd4nvo","time":1614295265,"event":{"mods":["2.2 Compatiblity","Act Like it!","Aspiration","BaseMod","Better Altar","Better Match","Better Note","Better Sensory Stone","Better Skull","Better Third Choice","BetterRewards","Card Forge","Custom Start","DNKmod","Defuse TimeMaze Blight","Dota2Spire","Energized Spire","Friendly Minions","GifTheSpireLib","Hubris","Infinite Spire","Jedi Mod","Library of Ruina","Minty Spire (QoL Compilation)","MostiFishMod","Permanent Neow","Poor People Problems","Ruina","Shop Mod","Spicy Shops","StSLib","The Blue Laboratory","??????REMEMod"],"gold_per_floor":[1220,1220,1220,1239,1256,1287,1307,1307,1307,1332,1351,1367,1382,1382,1382,1477,1477,1492,603,616,616,627,653,653,667,667,667,592,610,627,151,151,249,249,259,304,304,323,342,377,377,391,391,391,422,422,12,27,27,27,27,27,27,55,55],"floor_reached":56,"language":"ENG","playtime":4029,"items_purged":["LightAttack","LightAttack","LightDefense"],"score":1541,"play_id":"50ff5730-b4a0-4ff2-b85b-0dcb184b3166","local_time":"20210226002105","is_ascension_mode":false,"campfire_choices":[{"data":"HandlingWork","floor":15,"key":"SMITH"},{"data":"ForTheFamily","floor":32,"key":"SMITH"},{"floor":41,"key":"RECALL"},{"data":"SenseQuarry","floor":44,"key":"SMITH"},{"data":"FleetFootsteps","floor":46,"key":"SMITH"},{"data":"REME_ShortnessOfBreath","floor":49,"key":"SMITH"},{"data":"DarkCloud","floor":52,"key":"SMITH"}],"circlet_count":0,"master_deck":["Dodge","LightDefense","LightAttack","LightDefense","LightDefense+1","ChargeAndCover","FocusedStrikes","BattleCommand","infinitespire:NeuralNetwork","FleetFootsteps+1","TendonChords","BiXi","Fence+1","HandlingWork+1","SenseQuarry+1","CookingPrep","Suppress","GatherIntel","WillOfThePrescript","StructuralAnalysis+1","DarkCloud+1","ChopItOff+1","ForTheFamily+1","Deflect_lor","SnakesPrey","SunsetBlade+1","SharpenedBlade","YoureTooSlow+1","BiAn","Parry2","FrontalAssault","REME_ShortnessOfBreath+1","Struggle+1","PreparedMind+1"],"relics":["PageOfLibrarian","REME_ComplimentaryCards","DaveBox","aspiration:Nostalgia","infinitespire:DarkRift","SynthV:TestCard","aspiration:BabyByrd","aspiration:ArtOfWarUpgrade","hubris:Towel","Singing Bowl","War Paint","Meat on the Bone","hubris:Backtick","hubris:Potato","PageOfTheSilentOrchestra","ClockworkSouvenir","jedi:cryingmask","Blue Candle","PageOfBigBird","hubris:EmptyBottle","jedi:archwizardhat","Dota2Spire:Bloodstone","Dota2Spire:AssaultCuirass","infinitespire:Beetle Shell","PageOfTodaysShyLook","infinitespire:Lucky Rock"],"acts_visited":["Exordium","Exordium","TheBeyond","TheEnding"],"potions_floor_usage":[6,10,10,19,20,22,33,33,33,55,55,55,55,55],"damage_taken":[{"damage":0,"enemies":"2 Louse","floor":1,"turns":2},{"damage":0,"enemies":"Jaw Worm","floor":4,"turns":2},{"damage":0,"enemies":"Small Slimes","floor":5,"turns":3},{"damage":8,"enemies":"3 Sentries","floor":6,"turns":4},{"damage":0,"enemies":"Blue Slaver","floor":7,"turns":2},{"damage":0,"enemies":"Lagavulin","floor":10,"turns":4},{"damage":0,"enemies":"Exordium Wildlife","floor":11,"turns":5},{"damage":4,"enemies":"Large Slime","floor":12,"turns":4},{"damage":8,"enemies":"Exordium Thugs","floor":13,"turns":5},{"damage":9,"enemies":"Hexaghost","floor":16,"turns":8},{"damage":2,"enemies":"ruina:Nosferatu","floor":18,"turns":6},{"damage":0,"enemies":"ruina:3_Bats","floor":20,"turns":8},{"damage":5,"enemies":"ruina:3_Scarecrows","floor":22,"turns":9},{"damage":12,"enemies":"ruina:RoadHome","floor":23,"turns":6},{"damage":0,"enemies":"ruina:KingOfGreed","floor":25,"turns":6},{"damage":0,"enemies":"ruina:Woodsman","floor":29,"turns":6},{"damage":19,"enemies":"ruina:KnightOfDespair","floor":30,"turns":4},{"damage":0,"enemies":"ruina:Red_and_Wolf","floor":33,"turns":7},{"damage":0,"enemies":"3 Shapes","floor":35,"turns":5},{"damage":2,"enemies":"2 Orb Walkers","floor":36,"turns":5},{"damage":0,"enemies":"Orb Walker","floor":38,"turns":3},{"damage":9,"enemies":"Jaw Worm Horde","floor":39,"turns":9},{"damage":4,"enemies":"Reptomancer","floor":40,"turns":8},{"damage":0,"enemies":"Writhing Mass","floor":42,"turns":3},{"damage":0,"enemies":"Nemesis","floor":45,"turns":5},{"damage":0,"enemies":"Maw","floor":48,"turns":4},{"damage":29,"enemies":"Donu and Deca","floor":50,"turns":14},{"damage":13,"enemies":"Shield and Spear","floor":54,"turns":5},{"damage":0,"enemies":"The Heart","floor":55,"turns":8}],"seed_played":"-8935707945664330151","potions_obtained":[{"floor":5,"key":"blueLaboratory:EmptyBottle"},{"floor":6,"key":"PowerPotion"},{"floor":7,"key":"DistilledChaos"},{"floor":16,"key":"blueLaboratory:PhilterOfMotion"},{"floor":18,"key":"Strength Potion"},{"floor":25,"key":"blueLaboratory:ImpenetrablePotion"},{"floor":29,"key":"LiquidBronze"}],"is_trial":false,"path_per_floor":["M","?","?","M","M","E","M","?","T","E","M","M","M","T","R","B",null,"M","$","M","?","M","E","R","M","T","R","?","M","M","$","R","B",null,"M","?","?","M","M","E","R","M","T","R","E","R","$","M","R","B",null,"R","$","E","B",null],"character_chosen":"Librarian","items_purchased":["PageOfTheSilentOrchestra","Energy Potion","REME_GoldPotion","ClockworkSouvenir","DistilledChaos","jedi:cryingmask","hubris:EmptyBottle","jedi:archwizardhat","ForTheFamily","Parry2","FrontalAssault","REME_ShortnessOfBreath"],"campfire_rested":0,"item_purchase_floors":[19,19,19,19,19,19,31,31,31,47,47,47],"current_hp_per_floor":[100,100,73,73,73,68,71,71,71,77,84,80,75,75,75,72,120,122,122,124,124,119,113,113,118,118,118,118,124,105,105,105,105,124,124,126,126,126,120,122,122,122,122,122,128,128,128,128,128,102,128,128,128,115,115],"gold":55,"neow_bonus":"NOSTALGIA","is_daily":false,"chose_seed":false,"campfire_upgraded":6,"win_rate":0.0,"timestamp":1614295265,"path_taken":["M","?","?","M","M","E","M","?","T","E","?","M","M","?","R","BOSS","M","$","M","?","M","E","R","?","T","R","?","M","M","?","R","BOSS","M","?","?","?","M","E","R","M","T","R","E","R","?","M","R","BOSS","R","$","E","BOSS"],"items_purchased_type":["Relic","Potion","Potion","Relic","Potion","Relic","Relic","Relic","Card","Card","Card","Card"],"build_version":"2020-12-22","purchased_purges":3,"victory":true,"max_hp_per_floor":[105,105,105,105,118,118,118,118,118,118,105,105,120,120,120,120,120,122,122,124,124,124,124,124,124,124,124,124,124,124,124,124,124,124,124,126,126,126,126,126,126,126,126,126,128,128,128,128,128,128,128,128,128,128,128],"card_choices":[{"not_picked":["Parry2","ShockingBlow","CumulusWall","GrazeTheGrass","OpportunitySpotted","FrontalAssault","Unlock1","Rampage_lor"],"picked":"BattleCommand","floor":1},{"not_picked":["infinitespire:Oblivion","infinitespire:DeathsTouch"],"picked":"infinitespire:NeuralNetwork","floor":3},{"not_picked":["BiAn","LoosenUp","CoordinatedAssault","YouOnlyLiveOnce","PinpointShot","GuardingStance","Commandeering","TimeForALittleTest","DefenseOrder","FervidEmotions"],"picked":"FleetFootsteps","floor":4},{"not_picked":["Parry2","Rewind","CoordinatedAssault","BiAn","ScatteringSlash","DesperateStruggle","PreemptiveStrike","Reload","StrongStrike","Pound"],"picked":"TendonChords","floor":5},{"not_picked":["AutonomousRush","BiteOff","Bvapour","BlowItUp","InnerArdor","FrontalAssault","Faith","SearingSword","Crush","FierceCharge"],"picked":"BiXi","floor":6},{"not_picked":["BackstreetsDash","Disposal","SnakeSlit","TendonChords","SnakesPrey","CookingPrep","Standoff","Bvapour","FieryWaltz","EndlessBattle"],"picked":"Fence","floor":7},{"not_picked":["ToWhereThePrescriptPoints","SerpentSwordTechnique","BladeWhirl","Outburst","Creak","BackstreetsDash","EnergyConversion","Punishment","EnergyShield","Eliminate"],"picked":"HandlingWork","floor":10},{"not_picked":["ICanCookAnything","Pound","Reload","Unlock1","MindWhip","CumulusWall","Duel_lor","Track","Standoff","Thrust","HandleRequest"],"picked":"Singing Bowl","floor":11},{"not_picked":["Outburst","SerpentSwordTechnique","StrongStrike","RulesOfTheBackstreets","CircusKnives","DesperateStruggle","Retaliate","UpbeatPerformance","ExtractFuel","GaleKick"],"picked":"SenseQuarry","floor":12},{"not_picked":["Crush","Wallop_lor","IngredientHunt","ScratchThat","GuidanceOfTheGears","DesperateStruggle","RhinoRam","SerpentSwordTechnique","FlashingStrike","Pound"],"picked":"CookingPrep","floor":13},{"not_picked":["SilentNight","ScratchThat","EnergyBeam","CrackOfDawn"],"picked":"Suppress","floor":16},{"not_picked":["GrazeTheGrass+1","NightInTheBackstreets+1","StrongStrike","StartinOutLightly+1","AutonomousRush","Feast","SmokingPipe","AlloutWar","Unlock1","Wallop_lor+1","SpearedSweep+1"],"picked":"Singing Bowl","floor":18},{"not_picked":["BlowItUp","Wallop_lor+1","Unlock1","TendonChords","QuickSuppression","MindWhip","DesperateStruggle","BulkyImpact","CleanUp","GrazeTheGrass","Creak"],"picked":"Singing Bowl","floor":20},{"not_picked":["Reload","EnergyConversion+1","Leap_lor+1","ChargeUp","SteelKnuckles+1","BladeWhirl","FleetFootsteps","CoordinatedAssault+1","ToWhereThePrescriptPoints","ExtremeEdge"],"picked":"GatherIntel","floor":22},{"not_picked":["ViolentFlame","Bvapour","ChargeUp","Disposal","SpearedSweep","StartinOutLightly","TrimTheIngredients","YoureAHindrance","IngredientHunt","HiddenBlade"],"picked":"WillOfThePrescript","floor":23},{"not_picked":["PreemptiveStrike","Wallop_lor","ViolentFlame","Clone","BizarreAttack","FleetFootsteps","InhaleSmoke+1","GuidanceOfTheGears","GreatSerpentsImpact","ButterflySlash"],"picked":"StructuralAnalysis+1","floor":25},{"not_picked":["PreemptiveStrike","VioletBlade","GreatSerpentsImpact","SharpSwipe+1","StrongStrike","StructuralAnalysis","Unlock1","NonstopAssault+1","Creak","AbsorbImpact"],"picked":"DarkCloud","floor":29},{"not_picked":["Disposal","Thrust","TendonChords+1","Leap_lor","AbsorbImpact","BulkyImpact","HiddenBlade","Outburst","FleetFootsteps+1","ClassAndRespect+1"],"picked":"ChopItOff+1","floor":30},{"not_picked":["CrackOfDawn","FleshFillet","Cruelty","BoundaryOfDeath"],"picked":"Deflect_lor","floor":33},{"not_picked":["Preparation+1","FervidEmotions","PinpointShot+1","DevastatingThrash","EnergyStrike","FleetFootsteps+1","BackAttack","StrikeDown+1","AbsorbImpact","CoordinatedAssault+1"],"picked":"SnakesPrey","floor":35},{"not_picked":["EnergyShield","HighKick+1","CookingPrep+1","SetFire+1","Castigation","EndlessBattle+1","AbsorbImpact","HandlingWork","WrathOfTorment","SuppressingShot+1","StrongStrike"],"picked":"Singing Bowl","floor":36},{"not_picked":["HighKick+1","Unlock1+1","Tailoring","Rewind","RipSpace","SomberProcuration","DesperateStruggle+1","ToWhereThePrescriptPoints","BiAn","SerpentSwordTechnique+1"],"picked":"SunsetBlade+1","floor":38},{"not_picked":["FleetEdge+1","StrongStrike+1","HiddenBlade+1","StructuralAnalysis","Standoff+1","GreatSerpentsImpact+1","CoordinatedAssault+1","SavageMode","Parry+1","DevastatingThrash+1"],"picked":"SharpenedBlade","floor":39},{"not_picked":["PreemptiveStrike","SkitterAway+1","ChiWen","Quickness","SerpentineBarrier","PinpointShot+1","GreatSerpentsImpact","WillBeTasty","Faith+1","HandleRequest+1"],"picked":"YoureTooSlow+1","floor":40},{"not_picked":["QuickSuppression+1","GrazeTheGrass+1","SteelKnuckles","FlowOfTheSword+1","ChargeUp","YouOnlyLiveOnce","GuardingStance","BindingChains","TrimTheIngredients+1","GuidanceOfTheGears"],"picked":"BiAn","floor":42},{"not_picked":["ScratchThat","BiXi","TendonChords","HighKick+1","QuickAttack+1","Decapitation","BladeWhirl","SinglePointStab+1","SerpentSwordTechnique","SetFire+1","DefenseOrder+1"],"picked":"Singing Bowl","floor":45},{"not_picked":["SharpSwipe","Outburst+1","Tailoring","EnergyCycle+1","Standoff","SerpentSwordTechnique","MindCrush","RulesOfTheBackstreets","RhinoRam","BiAn"],"picked":"Struggle+1","floor":48},{"not_picked":["DesperateStruggle+1","Rewind+1","GutHarvesting","Thrust+1","Parry2","Struggle","CoordinatedAssault","HardRehearsal","SparkingSpear","ClassAndRespect"],"picked":"PreparedMind+1","floor":54}],"player_experience":261153,"relics_obtained":[{"floor":1,"key":"SynthV:TestCard"},{"floor":6,"key":"Art of War"},{"floor":9,"key":"Singing Bowl"},{"floor":10,"key":"War Paint"},{"floor":14,"key":"Meat on the Bone"},{"floor":23,"key":"Blue Candle"},{"floor":26,"key":"PageOfBigBird"},{"floor":36,"key":"Dota2Spire:AssaultCuirass"},{"floor":40,"key":"infinitespire:Beetle Shell"},{"floor":45,"key":"PageOfTodaysShyLook"},{"floor":54,"key":"infinitespire:Lucky Rock"}],"event_choices":[{"damage_healed":0,"gold_gain":0,"player_choice":"2","damage_taken":0,"max_hp_gain":0,"max_hp_loss":0,"event_name":"betterMatch:BetterMatch","floor":28,"gold_loss":0,"cards_obtained":[]},{"damage_healed":0,"gold_gain":0,"player_choice":"Fight","damage_taken":0,"max_hp_gain":0,"max_hp_loss":0,"event_name":"Mysterious Sphere","floor":36,"gold_loss":0},{"damage_healed":0,"gold_gain":0,"player_choice":"Ignored","damage_taken":0,"max_hp_gain":0,"max_hp_loss":0,"event_name":"Tomb of Lord Red Mask","floor":37,"gold_loss":0}],"is_beta":false,"boss_relics":[{"not_picked":["REME_ChargedStone","energizedSpire:DeadBattery"],"picked":"hubris:Backtick"},{"not_picked":["Empty Cage","MoonlightInvasionPlan"],"picked":"Dota2Spire:Bloodstone"}],"items_purged_floors":[19,19,47],"is_endless":false,"potions_floor_spawned":[5,6,7,13,16,18,20,25,29,36,40,42,45,48,54],"ascension_level":0}}