{"host":"51f0ad793vly1w6u","time":1614248184,"event":{"mods":["BaseMod","Colored Map","DeckTracker","Minty Spire (QoL Compilation)","StSLib","SuperFastMode"],"gold_per_floor":[110,110,37,37,54,54,64,64,87,119,70,86,86,119,119,222,222,232,331,31,31,51,51,83,83,83,83,94,105,5,23,23,119,119,133,8,34,34,34,34,45,77,77,77,132,148,148,168,168,168],"floor_reached":51,"language":"KOR","playtime":1372,"items_purged":["Strike_R","Strike_R","Strike_R"],"score":1055,"play_id":"136d9940-34c3-402f-ba6e-71e8182ecf42","local_time":"20210225191624","is_ascension_mode":true,"campfire_choices":[{"data":"True Grit","floor":6,"key":"SMITH"},{"data":"Flame Barrier","floor":8,"key":"SMITH"},{"data":"Heavy Blade","floor":13,"key":"SMITH"},{"data":"Blood for Blood","floor":15,"key":"SMITH"},{"data":"Apotheosis","floor":23,"key":"SMITH"},{"data":"Barricade","floor":25,"key":"SMITH"},{"data":"Dual Wield","floor":27,"key":"SMITH"},{"data":"Shockwave","floor":32,"key":"SMITH"},{"data":"Offering","floor":40,"key":"SMITH"},{"data":"Secret Technique","floor":49,"key":"SMITH"}],"circlet_count":0,"master_deck":["Defend_R","Defend_R","Defend_R","Bash","Clash+1","True Grit+1","Flame Barrier+1","Inflame+1","Pommel Strike+1","Blood for Blood+1","Shrug It Off","Heavy Blade+1","Body Slam","Barricade+1","Apotheosis+1","Shrug It Off","Shrug It Off","Dual Wield+1","Shockwave+1","Warcry+1","Offering+1","Secret Technique+1","Discovery","Master of Strategy","Iron Wave","Flame Barrier","Rage+1","Battle Trance","Shrug It Off+1"],"relics":["Burning Blood","Toy Ornithopter","Bottled Tornado","Tiny Chest","Coffee Dripper","CultistMask","Whetstone","Matryoshka","SacredBark","Bronze Scales","Oddly Smooth Stone","FossilizedHelix","Omamori","Centennial Puzzle","Ornamental Fan","Unceasing Top"],"acts_visited":["Exordium","TheCity","TheBeyond"],"potions_floor_usage":[14,14,29,35,45,50,50,50,50,50],"damage_taken":[{"damage":3,"enemies":"Small Slimes","floor":1,"turns":6},{"damage":0,"enemies":"Jaw Worm","floor":5,"turns":3},{"damage":3,"enemies":"2 Louse","floor":7,"turns":2},{"damage":35,"enemies":"Gremlin Nob","floor":10,"turns":5},{"damage":8,"enemies":"Blue Slaver","floor":12,"turns":3},{"damage":3,"enemies":"3 Sentries","floor":14,"turns":3},{"damage":14,"enemies":"The Guardian","floor":16,"turns":13},{"damage":7,"enemies":"Chosen","floor":18,"turns":4},{"damage":12,"enemies":"Shell Parasite","floor":22,"turns":5},{"damage":25,"enemies":"Slavers","floor":24,"turns":6},{"damage":4,"enemies":"Snecko","floor":28,"turns":8},{"damage":2,"enemies":"3 Cultists","floor":29,"turns":3},{"damage":6,"enemies":"Sentry and Sphere","floor":31,"turns":4},{"damage":15,"enemies":"Collector","floor":33,"turns":9},{"damage":16,"enemies":"3 Darklings","floor":35,"turns":5},{"damage":6,"enemies":"3 Shapes","floor":41,"turns":5},{"damage":9,"enemies":"Nemesis","floor":42,"turns":11},{"damage":65,"enemies":"2 Orb Walkers","floor":45,"turns":7},{"damage":2,"enemies":"3 Darklings","floor":46,"turns":7},{"damage":6,"enemies":"4 Shapes","floor":48,"turns":5},{"damage":24,"enemies":"Time Eater","floor":50,"turns":15}],"seed_played":"8614955494806237792","potions_obtained":[{"floor":5,"key":"BloodPotion"},{"floor":10,"key":"ColorlessPotion"},{"floor":22,"key":"BloodPotion"},{"floor":24,"key":"Block Potion"},{"floor":28,"key":"AttackPotion"},{"floor":35,"key":"BloodPotion"},{"floor":46,"key":"EntropicBrew"}],"is_trial":false,"path_per_floor":["M","?","$","?","M","R","M","R","T","E","$","M","R","E","R","B",null,"M","?","$","?","M","R","E","R","T","R","M","M","$","M","R","B",null,"M","$","T","?","?","R","M","E","T","T","?","M","?","M","R","B",null],"character_chosen":"IRONCLAD","items_purchased":["Inflame","Shrug It Off","Apotheosis","Shrug It Off"],"campfire_rested":0,"item_purchase_floors":[3,11,20,20],"current_hp_per_floor":[54,47,47,47,53,53,56,56,56,27,27,25,25,54,54,46,72,71,71,71,71,65,65,46,46,46,46,48,57,57,57,57,48,72,67,67,67,57,57,57,57,54,54,54,32,36,56,56,56,62],"gold":168,"neow_bonus":"TRANSFORM_TWO_CARDS","is_daily":false,"chose_seed":false,"campfire_upgraded":10,"win_rate":0.0,"timestamp":1614248184,"path_taken":["M","?","$","?","M","R","M","R","T","E","?","M","R","E","R","BOSS","M","?","$","?","M","R","E","R","T","R","M","M","$","?","R","BOSS","M","$","?","?","?","R","?","E","T","?","?","M","?","M","R","BOSS"],"items_purchased_type":["Card","Card","Card","Card"],"build_version":"2020-12-22","purchased_purges":3,"victory":true,"max_hp_per_floor":[80,80,80,80,80,80,80,80,80,80,80,80,80,80,80,80,80,80,80,80,80,80,80,80,80,80,80,80,80,80,80,80,80,80,80,80,80,80,80,80,80,80,80,80,80,80,80,80,80,80],"card_choices":[{"not_picked":["Pommel Strike","Blood for Blood"],"picked":"Flame Barrier","floor":1},{"not_picked":["Metallicize","Clash","Headbutt"],"picked":"SKIP","floor":5},{"not_picked":["Fire Breathing","Armaments"],"picked":"Pommel Strike","floor":7},{"not_picked":["Headbutt","Armaments"],"picked":"Blood for Blood","floor":10},{"not_picked":["Sever Soul","Iron Wave"],"picked":"Heavy Blade","floor":12},{"not_picked":["Hemokinesis","Cleave"],"picked":"Body Slam","floor":14},{"not_picked":["Fiend Fire","Demon Form"],"picked":"Barricade","floor":16},{"not_picked":["Perfected Strike","Heavy Blade","Flex"],"picked":"SKIP","floor":18},{"not_picked":["Twin Strike","Thunderclap"],"picked":"Shrug It Off","floor":22},{"not_picked":["Wild Strike","Warcry"],"picked":"Dual Wield","floor":24},{"not_picked":["Spot Weakness","Headbutt+1","Clash"],"picked":"SKIP","floor":28},{"not_picked":["Pommel Strike+1","Exhume"],"picked":"Shockwave","floor":29},{"not_picked":["Dark Embrace","Disarm"],"picked":"Warcry+1","floor":31},{"not_picked":["Juggernaut","Berserk"],"picked":"Offering","floor":33},{"not_picked":["Cleave","Whirlwind","Second Wind"],"picked":"SKIP","floor":35},{"not_picked":["Discovery","Flash of Steel"],"picked":"Secret Technique","floor":38},{"not_picked":["Violence","Chrysalis"],"picked":"Discovery","floor":38},{"not_picked":["Sadistic Nature","Dramatic Entrance"],"picked":"Master of Strategy","floor":38},{"not_picked":["Heavy Blade+1","Iron Wave+1"],"picked":"Flame Barrier","floor":41},{"not_picked":["Havoc+1","Headbutt","Bludgeon"],"picked":"SKIP","floor":42},{"not_picked":["Searing Blow","Clothesline"],"picked":"Rage+1","floor":45},{"not_picked":["Wild Strike+1","Evolve"],"picked":"Battle Trance","floor":46},{"not_picked":["Rampage+1","Heavy Blade+1"],"picked":"Shrug It Off+1","floor":48}],"player_experience":1473158,"relics_obtained":[{"floor":9,"key":"Toy Ornithopter"},{"floor":10,"key":"Bottled Tornado"},{"floor":14,"key":"Tiny Chest"},{"floor":24,"key":"Whetstone"},{"floor":26,"key":"Matryoshka"},{"floor":37,"key":"Bronze Scales"},{"floor":37,"key":"Oddly Smooth Stone"},{"floor":42,"key":"FossilizedHelix"},{"floor":43,"key":"Omamori"},{"floor":43,"key":"Centennial Puzzle"},{"floor":44,"key":"Ornamental Fan"},{"floor":45,"key":"Unceasing Top"}],"event_choices":[{"cards_removed":["Defend_R"],"damage_healed":0,"gold_gain":0,"player_choice":"Card Removal","damage_taken":7,"max_hp_gain":0,"max_hp_loss":0,"event_name":"Golden Wing","floor":2,"gold_loss":0},{"damage_healed":0,"gold_gain":0,"player_choice":"Grow","damage_taken":0,"max_hp_gain":0,"max_hp_loss":0,"event_name":"Living Wall","floor":4,"gold_loss":0,"cards_upgraded":["Inflame"]},{"damage_healed":0,"gold_gain":99,"player_choice":"Stole From Cult","damage_taken":0,"max_hp_gain":0,"max_hp_loss":0,"event_name":"Nest","floor":19,"gold_loss":0},{"damage_healed":0,"gold_gain":0,"player_choice":"Trade","damage_taken":0,"relics_obtained":["CultistMask"],"max_hp_gain":0,"max_hp_loss":0,"event_name":"FaceTrader","floor":21,"gold_loss":0},{"damage_healed":0,"gold_gain":0,"player_choice":"Memory 3","damage_taken":10,"max_hp_gain":0,"max_hp_loss":0,"event_name":"SensoryStone","floor":38,"gold_loss":0},{"damage_healed":0,"gold_gain":0,"player_choice":"1 cards matched","damage_taken":0,"max_hp_gain":0,"max_hp_loss":0,"event_name":"Match and Keep!","floor":39,"gold_loss":0,"cards_obtained":["Iron Wave"]},{"damage_healed":0,"gold_gain":0,"player_choice":"Fight","damage_taken":0,"max_hp_gain":0,"max_hp_loss":0,"event_name":"Mysterious Sphere","floor":45,"gold_loss":0},{"damage_healed":20,"gold_gain":0,"player_choice":"Writhe","damage_taken":0,"max_hp_gain":0,"max_hp_loss":0,"event_name":"Winding Halls","floor":47,"gold_loss":0,"cards_obtained":["Writhe"]}],"is_beta":false,"boss_relics":[{"not_picked":["SlaversCollar","Sozu"],"picked":"Coffee Dripper"},{"not_picked":["Black Blood","Calling Bell"],"picked":"SacredBark"}],"items_purged_floors":[20,30,36],"is_endless":false,"potions_floor_spawned":[5,10,22,24,28,35,46],"ascension_level":9}}