{"host":"bsvw3vj5tq13pxxj","time":1614271859,"event":{"mods":["AchievementEnabler","BaseMod","Colored Map","Curses Come First","DeckTracker","Good Game Mod","Hermit","KOR Keyword Fix","Minty Spire (QoL Compilation)","Permanent Neow","StSLib","SuperFastMode","everything is the same but u backflip on backflip"],"gold_per_floor":[111,121,140,158,172,172,197,210,259,292,367,367,386,403,403,508,508,525,525,525,67,83,83,83,83],"floor_reached":24,"language":"KOR","playtime":840,"items_purged":["Defend_R"],"score":259,"play_id":"70b81505-f0ef-49dd-94e7-6f3aabb004c0","local_time":"20210226015059","is_ascension_mode":true,"campfire_choices":[{"floor":6,"key":"REST"},{"floor":12,"key":"REST"},{"floor":15,"key":"REST"},{"data":"DevaForm","floor":23,"key":"SMITH"}],"circlet_count":0,"master_deck":["Strike_R","Strike_R","Strike_R","Defend_R","Defend_R","Defend_R","Bash","DevaForm+1","Warcry","Bludgeon","Battle Trance","Ghostly Armor","Burning Pact","Sentinel","Pommel Strike","Inflame","Feel No Pain","Armaments","Feed","Inflame+1","Offering","Pummel","Madness"],"relics":["REME:ComplimentaryCards","Philosopher\u0027s Stone","Juzu Bracelet","Orichalcum","Bottled Tornado","SlaversCollar","Toy Ornithopter","MealTicket"],"acts_visited":["Exordium","TheCity"],"potions_floor_usage":[10,16,24],"damage_taken":[{"damage":6,"enemies":"Small Slimes","floor":1,"turns":3},{"damage":2,"enemies":"Cultist","floor":2,"turns":3},{"damage":0,"enemies":"2 Louse","floor":3,"turns":3},{"damage":30,"enemies":"Exordium Thugs","floor":4,"turns":4},{"damage":5,"enemies":"2 Fungi Beasts","floor":5,"turns":4},{"damage":23,"enemies":"Lagavulin","floor":7,"turns":7},{"damage":8,"enemies":"Exordium Wildlife","floor":8,"turns":3},{"damage":0,"enemies":"3 Sentries","floor":10,"turns":4},{"damage":18,"enemies":"Blue Slaver","floor":13,"turns":3},{"damage":13,"enemies":"3 Louse","floor":14,"turns":5},{"damage":40,"enemies":"The Guardian","floor":16,"turns":7},{"damage":18,"enemies":"Chosen","floor":18,"turns":5},{"damage":24,"enemies":"Spheric Guardian","floor":22,"turns":4},{"damage":37,"enemies":"Slavers","floor":24,"turns":3}],"seed_played":"-6752309874644267177","potions_obtained":[{"floor":4,"key":"BloodPotion"},{"floor":5,"key":"SpeedPotion"},{"floor":8,"key":"SneckoOil"},{"floor":10,"key":"ElixirPotion"}],"is_trial":false,"path_per_floor":["M","M","M","M","M","R","E","M","T","E","?","R","M","M","R","B",null,"M","?","?","$","M","R","E"],"character_chosen":"IRONCLAD","items_purchased":["Toy Ornithopter","MealTicket","Madness"],"campfire_rested":3,"item_purchase_floors":[21,21,21],"current_hp_per_floor":[74,72,72,42,37,61,38,30,30,30,22,46,28,15,39,15,80,65,65,49,49,25,25,0,0],"gold":83,"neow_bonus":"BOSS_RELIC","is_daily":false,"chose_seed":false,"campfire_upgraded":1,"win_rate":0.0,"timestamp":1614271859,"path_taken":["M","M","M","M","M","R","E","M","T","E","?","R","M","M","R","BOSS","M","?","?","$","M","R","E"],"items_purchased_type":["Relic","Relic","Card"],"build_version":"2020-12-22","purchased_purges":1,"victory":false,"max_hp_per_floor":[80,80,80,80,80,80,80,80,80,80,80,80,80,80,80,80,80,83,83,88,88,88,88,91,91],"card_choices":[{"not_picked":["Hemokinesis","Clothesline"],"picked":"Warcry","floor":1},{"not_picked":["Thunderclap","Warcry"],"picked":"Bludgeon","floor":2},{"not_picked":["Inflame","Sword Boomerang"],"picked":"Battle Trance","floor":3},{"not_picked":["Seeing Red","Combust"],"picked":"Ghostly Armor","floor":4},{"not_picked":["Thunderclap","True Grit"],"picked":"Burning Pact","floor":5},{"not_picked":["Spot Weakness","Hemokinesis"],"picked":"Sentinel","floor":7},{"not_picked":["Flex","Perfected Strike"],"picked":"Pommel Strike","floor":8},{"not_picked":["Perfected Strike","Combust"],"picked":"Inflame","floor":10},{"not_picked":["Limit Break","Whirlwind"],"picked":"Feel No Pain","floor":13},{"not_picked":["Twin Strike","Shrug It Off"],"picked":"Armaments","floor":14},{"not_picked":["Impervious","Exhume"],"picked":"Feed","floor":16},{"not_picked":["Searing Blow+1","Iron Wave"],"picked":"Inflame+1","floor":18},{"not_picked":["Pummel","Perfected Strike+1","Thunderclap"],"picked":"SKIP","floor":22}],"player_experience":49659,"relics_obtained":[{"floor":7,"key":"Juzu Bracelet"},{"floor":9,"key":"Orichalcum"},{"floor":10,"key":"Bottled Tornado"}],"event_choices":[{"damage_healed":0,"gold_gain":75,"player_choice":"Touch","damage_taken":8,"max_hp_gain":0,"max_hp_loss":0,"event_name":"FaceTrader","floor":11,"gold_loss":0},{"damage_healed":0,"gold_gain":0,"cards_transformed":["Strike_R","Strike_R"],"player_choice":"Became Test Subject","damage_taken":0,"max_hp_gain":0,"max_hp_loss":0,"event_name":"Drug Dealer","floor":19,"gold_loss":0,"cards_obtained":["Offering","Pummel"]},{"damage_healed":0,"gold_gain":0,"player_choice":"Shed Blood","damage_taken":21,"max_hp_gain":5,"max_hp_loss":0,"event_name":"Forgotten Altar","floor":20,"gold_loss":0}],"is_beta":false,"boss_relics":[{"not_picked":["Runic Pyramid","Runic Dome"],"picked":"SlaversCollar"}],"items_purged_floors":[21],"is_endless":false,"potions_floor_spawned":[4,5,8,10],"killed_by":"Slavers","ascension_level":2}}