{"host":"sc0o2qwpf9j16a4i","time":1614260034,"event":{"mods":["AchievementEnabler","BaseMod","BetterRewards","Block Reminder","Colored Map","Colored Powertips","Custom Start","Highlight Path","Minty Spire (QoL Compilation)","Relic Stats"],"gold_per_floor":[117,117,292,306,306,347,283,303,327,362,374,420,14,55,55,179,179,202,202,202,226,250,288,288,323,349,349,365,398,414,458,458,578,578,599,658,682,1681,797,797,832,832,832,36,36,80,80,118,118,118],"floor_reached":51,"language":"ENG","playtime":1314,"items_purged":["Normality"],"score":1210,"play_id":"802205dc-1ab2-4cd7-acc7-ae8e6b8fbb3f","local_time":"20210225153354","daily_mods":["Cursed Run","Diverse","Elite Swarm"],"is_ascension_mode":false,"campfire_choices":[{"data":"Neutralize","floor":11,"key":"SMITH"},{"data":"Immolate","floor":15,"key":"SMITH"},{"data":"Wraith Form v2","floor":24,"key":"SMITH"},{"data":"Spot Weakness","floor":27,"key":"SMITH"},{"data":"Juggernaut","floor":32,"key":"SMITH"},{"data":"Pommel Strike","floor":40,"key":"SMITH"},{"data":"BattleHymn","floor":45,"key":"SMITH"},{"data":"Blind","floor":47,"key":"SMITH"},{"data":"Leap","floor":49,"key":"SMITH"}],"circlet_count":0,"master_deck":["Strike_G","Strike_G","Strike_G","Strike_G","Strike_G","Defend_G","Defend_G","Defend_G","Defend_G","Defend_G","Survivor","Neutralize+1","Perfected Strike+1","Doubt","Thunderclap","Injury","Reaper","FlyingSleeves","Decay","Juggernaut+1","Double Tap","Pommel Strike+1","Immolate+1","Clumsy","Wraith Form v2+1","Spot Weakness+1","DeceiveReality+1","Doubt","Doubt","Normality","Conclude","Leap+1","Shame","Decay","BattleHymn+1","Perfected Strike","Blind+1","Die Die Die","Injury"],"relics":["Cursed Key","Darkstone Periapt","Du-Vu Doll","Golden Idol","Happy Flower","Dream Catcher","Potion Belt","MawBank","Gambling Chip","Singing Bowl","Busted Crown","Nloth\u0027s Gift","Torii","Lizard Tail","Tiny Chest","Letter Opener","Mummified Hand","SlaversCollar","Mango","Snake Skull","Lee\u0027s Waffle","Bottled Lightning","Tough Bandages","Bag of Marbles","StrikeDummy","Blood Vial","CaptainsWheel","Orichalcum","Bag of Preparation"],"acts_visited":["Exordium","TheCity","TheBeyond"],"potions_floor_usage":[6,10,12,23,23,33,39,41,46,46,46,50,50,50],"damage_taken":[{"damage":0,"enemies":"Small Slimes","floor":1,"turns":3},{"damage":2,"enemies":"2 Louse","floor":4,"turns":2},{"damage":8,"enemies":"Lagavulin","floor":6,"turns":7},{"damage":0,"enemies":"Cultist","floor":8,"turns":3},{"damage":0,"enemies":"Gremlin Nob","floor":10,"turns":2},{"damage":0,"enemies":"3 Sentries","floor":12,"turns":4},{"damage":16,"enemies":"Gremlin Nob","floor":14,"turns":3},{"damage":7,"enemies":"Slime Boss","floor":16,"turns":6},{"damage":2,"enemies":"2 Thieves","floor":18,"turns":4},{"damage":0,"enemies":"Chosen","floor":21,"turns":3},{"damage":0,"enemies":"Snake Plant","floor":22,"turns":2},{"damage":12,"enemies":"Slavers","floor":23,"turns":4},{"damage":22,"enemies":"Gremlin Leader","floor":25,"turns":6},{"damage":10,"enemies":"Centurion and Healer","floor":28,"turns":3},{"damage":4,"enemies":"Book of Stabbing","floor":29,"turns":4},{"damage":7,"enemies":"3 Cultists","floor":30,"turns":3},{"damage":0,"enemies":"Gremlin Leader","floor":31,"turns":3},{"damage":4,"enemies":"Collector","floor":33,"turns":8},{"damage":0,"enemies":"3 Darklings","floor":35,"turns":2},{"damage":72,"enemies":"2 Orb Walkers","floor":36,"turns":5},{"damage":0,"enemies":"Orb Walker","floor":37,"turns":3},{"damage":44,"enemies":"Nemesis","floor":41,"turns":7},{"damage":0,"enemies":"Reptomancer","floor":46,"turns":3},{"damage":6,"enemies":"Nemesis","floor":48,"turns":3},{"damage":14,"enemies":"Donu and Deca","floor":50,"turns":5}],"seed_played":"-6858753090581112272","potions_obtained":[{"floor":4,"key":"SpeedPotion"},{"floor":6,"key":"Block Potion"},{"floor":8,"key":"SteroidPotion"},{"floor":16,"key":"Explosive Potion"},{"floor":22,"key":"LiquidBronze"},{"floor":23,"key":"FearPotion"},{"floor":29,"key":"LiquidBronze"},{"floor":36,"key":"Fire Potion"},{"floor":46,"key":"Dexterity Potion"}],"is_trial":true,"path_per_floor":["M","?","?","M","?","E","?","M","T","E","R","E","$","E","R","B",null,"M","?","?","M","M","E","R","E","T","R","M","E","M","E","R","B",null,"M","?","M","?","$","R","E","T","T","$","R","E","R","E","R","B",null],"character_chosen":"THE_SILENT","items_purchased":["Gambling Chip","Pommel Strike","PowerPotion","Snake Skull","Lee\u0027s Waffle","Bottled Lightning","Conclude","Leap","Fruit Juice","SkillPotion","Blood Vial","BattleHymn","CaptainsWheel","Perfected Strike","Blind","Strength Potion","Fruit Juice"],"campfire_rested":0,"item_purchase_floors":[13,13,13,39,39,39,39,39,39,39,44,44,44,44,44,44,44],"current_hp_per_floor":[70,70,76,74,80,72,72,76,82,82,82,95,95,79,79,83,101,101,101,101,101,103,95,95,103,109,109,101,99,94,105,105,118,131,133,77,93,105,175,175,133,139,145,145,145,147,147,145,145,144],"gold":118,"neow_bonus":"","is_daily":false,"chose_seed":false,"campfire_upgraded":9,"win_rate":0.0,"timestamp":1614260034,"path_taken":["M","?","?","M","?","E","?","?","T","E","R","E","?","E","R","BOSS","M","?","?","M","M","E","R","E","T","R","?","E","M","E","R","BOSS","M","?","M","?","$","R","E","?","T","?","R","E","R","E","R","BOSS"],"items_purchased_type":["Relic","Card","Potion","Relic","Relic","Relic","Card","Card","Potion","Potion","Relic","Card","Relic","Card","Card","Potion","Potion"],"build_version":"2020-12-22","purchased_purges":1,"victory":true,"max_hp_per_floor":[70,70,76,76,82,82,82,82,88,88,88,95,95,95,95,101,101,103,103,103,103,105,107,107,109,115,115,117,119,121,123,123,131,131,133,149,151,163,175,175,177,183,189,189,189,189,189,191,191,202],"relic_stats":{"Darkstone Periapt":66,"Lee\u0027s Waffle":65,"Happy Flower":[28],"Singing Bowl":28,"Torii":15,"counters":[25,98],"Golden Idol":206,"Snake Skull":[0],"Bag of Preparation":[2],"Letter Opener":[50],"Orichalcum":[6],"Cursed Key":4,"MawBank":36,"Blood Vial":6,"Dream Catcher":0,"Lizard Tail":0,"Tough Bandages":[18],"Busted Crown":32,"Mummified Hand":[13],"Gambling Chip":[57],"Tiny Chest":1,"Nloth\u0027s Gift":0,"obtain_stats":[{"Darkstone Periapt":0,"Singing Bowl":14,"Torii":23,"Mango":36,"Snake Skull":39,"Bag of Preparation":48,"Cursed Key":0,"Blood Vial":44,"Dream Catcher":7,"Lizard Tail":25,"Tough Bandages":41,"Mummified Hand":31,"Strawberry":12,"Gambling Chip":13,"Tiny Chest":26,"Potion Belt":9,"Lee\u0027s Waffle":39,"Happy Flower":6,"Golden Idol":5,"Letter Opener":29,"Orichalcum":46,"MawBank":10,"Du-Vu Doll":0,"SlaversCollar":34,"CaptainsWheel":44,"Busted Crown":17,"Nloth\u0027s Gift":20,"Bag of Marbles":42,"Bottled Lightning":39,"StrikeDummy":43},{"Darkstone Periapt":0,"Singing Bowl":7,"Torii":12,"Mango":20,"Snake Skull":21,"Bag of Preparation":24,"Cursed Key":0,"Blood Vial":22,"Dream Catcher":3,"Lizard Tail":13,"Tough Bandages":22,"Mummified Hand":17,"Strawberry":6,"Gambling Chip":6,"Tiny Chest":13,"Potion Belt":4,"Lee\u0027s Waffle":21,"Happy Flower":3,"Golden Idol":2,"Letter Opener":15,"Orichalcum":23,"MawBank":5,"Du-Vu Doll":0,"SlaversCollar":18,"CaptainsWheel":22,"Busted Crown":8,"Nloth\u0027s Gift":9,"Bag of Marbles":22,"Bottled Lightning":21,"StrikeDummy":22},{"Darkstone Periapt":0,"Singing Bowl":24,"Torii":43,"Mango":77,"Snake Skull":80,"Bag of Preparation":93,"Cursed Key":0,"Blood Vial":87,"Dream Catcher":12,"Lizard Tail":49,"Tough Bandages":87,"Mummified Hand":62,"Strawberry":21,"Gambling Chip":21,"Tiny Chest":49,"Potion Belt":15,"Lee\u0027s Waffle":80,"Happy Flower":12,"Golden Idol":5,"Letter Opener":56,"Orichalcum":90,"MawBank":17,"Du-Vu Doll":0,"SlaversCollar":70,"CaptainsWheel":87,"Busted Crown":30,"Nloth\u0027s Gift":34,"Bag of Marbles":87,"Bottled Lightning":80,"StrikeDummy":87}]},"card_choices":[{"not_picked":["LikeWater","Reckless Charge"],"picked":"Perfected Strike","floor":1},{"not_picked":["FollowUp","Armaments"],"picked":"Thunderclap","floor":4},{"not_picked":["Storm of Steel","Grand Finale"],"picked":"Reaper","floor":6},{"not_picked":["Clash","Acrobatics"],"picked":"FlyingSleeves","floor":8},{"not_picked":["Burst","Fission"],"picked":"Juggernaut","floor":10},{"not_picked":["Brilliance","MasterReality"],"picked":"Double Tap","floor":12},{"not_picked":["Thunder Strike","Die Die Die"],"picked":"Immolate","floor":14},{"not_picked":["Storm of Steel","Corruption"],"picked":"Wraith Form v2","floor":16},{"not_picked":["Iron Wave"],"picked":"Singing Bowl","floor":18},{"not_picked":[],"picked":"DeceiveReality+1","floor":21},{"not_picked":["Thunderclap"],"picked":"Singing Bowl","floor":22},{"not_picked":["Establishment"],"picked":"Singing Bowl","floor":23},{"not_picked":["Machine Learning"],"picked":"Singing Bowl","floor":25},{"not_picked":["Go for the Eyes"],"picked":"Singing Bowl","floor":28},{"not_picked":["Phantasmal Killer"],"picked":"Singing Bowl","floor":29},{"not_picked":["Thunderclap"],"picked":"Singing Bowl","floor":30},{"not_picked":["Burst"],"picked":"Singing Bowl","floor":31},{"not_picked":["Core Surge"],"picked":"Singing Bowl","floor":33},{"not_picked":["Underhanded Strike"],"picked":"Singing Bowl","floor":35},{"not_picked":["FollowUp+1"],"picked":"Singing Bowl","floor":36},{"not_picked":["EmptyBody+1"],"picked":"Singing Bowl","floor":37},{"not_picked":["Brilliance"],"picked":"Singing Bowl","floor":41},{"not_picked":[],"picked":"Die Die Die","floor":46},{"not_picked":["Unload"],"picked":"Singing Bowl","floor":48}],"player_experience":1547382,"relics_obtained":[{"floor":6,"key":"Happy Flower"},{"floor":9,"key":"Potion Belt"},{"floor":10,"key":"MawBank"},{"floor":12,"key":"Strawberry"},{"floor":14,"key":"Singing Bowl"},{"floor":23,"key":"Torii"},{"floor":25,"key":"Lizard Tail"},{"floor":26,"key":"Tiny Chest"},{"floor":29,"key":"Letter Opener"},{"floor":31,"key":"Mummified Hand"},{"floor":36,"key":"Mango"},{"floor":41,"key":"Tough Bandages"},{"floor":42,"key":"Bag of Marbles"},{"floor":43,"key":"StrikeDummy"},{"floor":46,"key":"Orichalcum"},{"floor":48,"key":"Bag of Preparation"}],"event_choices":[{"damage_healed":0,"gold_gain":0,"player_choice":"Grow","damage_taken":0,"max_hp_gain":0,"max_hp_loss":0,"event_name":"Living Wall","floor":2,"gold_loss":0,"cards_upgraded":["Perfected Strike"]},{"damage_healed":0,"gold_gain":175,"player_choice":"AGREE","damage_taken":0,"max_hp_gain":0,"max_hp_loss":0,"event_name":"Liars Game","floor":3,"gold_loss":0,"cards_obtained":["Doubt"]},{"damage_healed":0,"gold_gain":0,"player_choice":"Take Wound","damage_taken":0,"relics_obtained":["Golden Idol"],"max_hp_gain":0,"max_hp_loss":0,"event_name":"Golden Idol","floor":5,"gold_loss":0,"cards_obtained":["Injury"]},{"damage_healed":0,"gold_gain":0,"player_choice":"Paid Gold","damage_taken":0,"relics_obtained":["Dream Catcher"],"max_hp_gain":0,"max_hp_loss":0,"event_name":"WeMeetAgain","floor":7,"gold_loss":64},{"damage_healed":0,"gold_gain":0,"player_choice":"Read","damage_taken":0,"max_hp_gain":0,"max_hp_loss":0,"event_name":"The Library","floor":19,"gold_loss":0,"cards_obtained":["Spot Weakness"]},{"damage_healed":0,"gold_gain":0,"player_choice":"Traded Relic","damage_taken":0,"relics_obtained":["Nloth\u0027s Gift"],"max_hp_gain":0,"max_hp_loss":0,"event_name":"N\u0027loth","floor":20,"relics_lost":["Strawberry"],"gold_loss":0},{"damage_healed":0,"gold_gain":0,"player_choice":"Fight","damage_taken":0,"max_hp_gain":0,"max_hp_loss":0,"event_name":"Mysterious Sphere","floor":36,"gold_loss":0},{"damage_healed":0,"gold_gain":999,"player_choice":"Gold","damage_taken":0,"max_hp_gain":0,"max_hp_loss":0,"event_name":"MindBloom","floor":38,"gold_loss":0,"cards_obtained":["Normality","Normality"]}],"is_beta":false,"boss_relics":[{"not_picked":["SacredBark","Runic Dome"],"picked":"Busted Crown"},{"not_picked":["Sozu","Velvet Choker"],"picked":"SlaversCollar"}],"items_purged_floors":[39],"is_endless":false,"potions_floor_spawned":[4,6,8,16,22,23,29,36,46],"ascension_level":0}}