{"host":"5bsc0nab6whpyrbj","time":1614292969,"event":{"mods":["AchievementEnabler","BaseMod","Colored Map","Dark Map","Highlight Path","Minty Spire (QoL Compilation)"],"gold_per_floor":[115,115,115,115,115,146,146,161,161,174,190,222,50,67,67,67,67],"floor_reached":16,"language":"ENG","playtime":619,"items_purged":[],"score":110,"play_id":"90798278-3d35-423e-b4ae-2f8e01a93d20","local_time":"20210225174249","is_ascension_mode":false,"campfire_choices":[{"floor":7,"key":"REST"},{"floor":15,"key":"REST"}],"circlet_count":0,"master_deck":["Strike_G+1","Strike_G","Strike_G","Strike_G","Strike_G","Defend_G","Defend_G","Defend_G","Defend_G+1","Defend_G","Survivor","Neutralize","Dagger Throw","Reflex","Prepared","Underhanded Strike","Storm of Steel","Finisher","Prepared","Expertise","Flechettes","Tactician"],"relics":["Snecko Eye","Blood Vial","Ancient Tea Set"],"acts_visited":["Exordium"],"potions_floor_usage":[12,12],"damage_taken":[{"damage":3,"enemies":"Cultist","floor":1,"turns":5},{"damage":24,"enemies":"Lagavulin","floor":6,"turns":9},{"damage":0,"enemies":"Jaw Worm","floor":8,"turns":3},{"damage":0,"enemies":"Small Slimes","floor":10,"turns":2},{"damage":0,"enemies":"Exordium Wildlife","floor":11,"turns":4},{"damage":10,"enemies":"3 Sentries","floor":12,"turns":5},{"damage":13,"enemies":"Lots of Slimes","floor":14,"turns":3},{"damage":73,"enemies":"Hexaghost","floor":16,"turns":11}],"seed_played":"3889939069612904254","potions_obtained":[{"floor":1,"key":"SmokeBomb"},{"floor":6,"key":"LiquidMemories"},{"floor":10,"key":"Explosive Potion"}],"is_trial":false,"path_per_floor":["M","$","?","?","?","E","R","M","T","M","M","E","$","M","R","B"],"character_chosen":"THE_SILENT","items_purchased":["Prepared","Expertise","Flechettes"],"campfire_rested":2,"item_purchase_floors":[13,13,13],"current_hp_per_floor":[67,67,53,53,70,46,67,69,69,70,70,60,60,49,70,0,0],"gold":67,"neow_bonus":"BOSS_RELIC","is_daily":false,"chose_seed":false,"campfire_upgraded":0,"win_rate":0.0,"timestamp":1614292969,"path_taken":["M","$","?","?","?","E","R","?","T","M","?","E","?","M","R","BOSS"],"items_purchased_type":["Card","Card","Card"],"build_version":"2020-12-22","purchased_purges":0,"victory":false,"max_hp_per_floor":[70,70,70,70,70,70,70,70,70,70,70,70,70,70,70,70,70],"card_choices":[{"not_picked":["Heel Hook","Deflect"],"picked":"Dagger Throw","floor":1},{"not_picked":["Infinite Blades","Sucker Punch"],"picked":"Reflex","floor":6},{"not_picked":["Dagger Throw","Blade Dance"],"picked":"Prepared","floor":8},{"not_picked":["Endless Agony","Backstab"],"picked":"Underhanded Strike","floor":10},{"not_picked":["Well Laid Plans","Underhanded Strike"],"picked":"Storm of Steel","floor":11},{"not_picked":["Backstab","Footwork"],"picked":"Finisher","floor":12},{"not_picked":["Quick Slash","Deadly Poison"],"picked":"Tactician","floor":14}],"player_experience":121542,"relics_obtained":[{"floor":6,"key":"Blood Vial"},{"floor":12,"key":"Ancient Tea Set"}],"event_choices":[{"damage_healed":0,"gold_gain":0,"player_choice":"Entered Light","damage_taken":14,"max_hp_gain":0,"max_hp_loss":0,"event_name":"Shining Light","floor":3,"gold_loss":0,"cards_upgraded":["Defend_G","Strike_G"]},{"damage_healed":0,"gold_gain":0,"player_choice":"Fled","damage_taken":0,"max_hp_gain":0,"max_hp_loss":0,"event_name":"Scrap Ooze","floor":4,"gold_loss":0},{"damage_healed":23,"gold_gain":0,"player_choice":"Banana","damage_taken":0,"max_hp_gain":0,"max_hp_loss":0,"event_name":"Big Fish","floor":5,"gold_loss":0}],"is_beta":false,"boss_relics":[],"items_purged_floors":[],"is_endless":false,"potions_floor_spawned":[1,6,10],"killed_by":"Hexaghost","ascension_level":0}}