{"host":"o9lehcdjc4u6j9un","time":1614275871,"event":{"mods":["Aspiration","BaseMod","Better-Laid Plans","Bossed Relics","Colored Map","Hermit","Marisa£®ÏF”Í°°ƒß¿Ì…≥£©","Minty Spire (QoL Compilation)","StSLib","The Alterego","The Marked","The Runesmith"],"gold_per_floor":[361,61,61,76,94,94,94,94,94,94,111,111,127,137,137,241,241,259,259,259,276,291,321,143,143,170,170,170,170,187,201,201,201,201],"floor_reached":33,"language":"ZHS","playtime":3788,"items_purged":["Strike_G","Defend_G+1"],"score":257,"play_id":"8c3d71b7-fad9-4daf-b7c6-fa50f75c623e","local_time":"20210226015751","is_ascension_mode":false,"campfire_choices":[{"data":"Cloak And Dagger","floor":6.0,"key":"SMITH"},{"data":"Finisher","floor":8.0,"key":"SMITH"},{"floor":15.0,"key":"REST"},{"data":"Bullet Time","floor":25,"key":"SMITH"},{"floor":32,"key":"REST"}],"circlet_count":0,"master_deck":["Strike_G+1","Strike_G+1","Strike_G+1","Defend_G+1","Defend_G+1","Defend_G+1","Defend_G+1","Survivor","Neutralize","Clumsy","Infinite Blades+1","Cloak And Dagger+1","Finisher+1","Terror","Die Die Die","Quick Slash","Bullet Time+1","Quick Slash","Accuracy","Riddle With Holes+1","Quick Slash"],"relics":["Ring of the Snake","Nunchaku","War Paint","GremlinMask","Ginger","Black Star","StoneCalendar","aspiration:ChemicalBlood","Boot","Incense Burner","aspiration:RitualStick","Juzu Bracelet"],"acts_visited":["Exordium","TheCity"],"potions_floor_usage":[30,33,33,33,33],"damage_taken":[{"damage":0.0,"enemies":"2 Louse","floor":1.0,"turns":2.0},{"damage":5.0,"enemies":"Jaw Worm","floor":4.0,"turns":4.0},{"damage":0.0,"enemies":"Small Slimes","floor":5.0,"turns":3.0},{"damage":0.0,"enemies":"Exordium Wildlife","floor":11.0,"turns":3.0},{"damage":0.0,"enemies":"Blue Slaver","floor":13.0,"turns":3.0},{"damage":2.0,"enemies":"Looter","floor":14.0,"turns":4.0},{"damage":1.0,"enemies":"Slime Boss","floor":16.0,"turns":8.0},{"damage":12,"enemies":"Shell Parasite","floor":18,"turns":5},{"damage":14,"enemies":"Spheric Guardian","floor":21,"turns":4},{"damage":6,"enemies":"3 Cultists","floor":22,"turns":5},{"damage":2,"enemies":"Gremlin Leader","floor":23,"turns":4},{"damage":0,"enemies":"Cultist and Chosen","floor":30,"turns":4},{"damage":2,"enemies":"Centurion and Healer","floor":31,"turns":4},{"damage":47,"enemies":"Automaton","floor":33,"turns":6}],"seed_played":"-8870508657554338004","potions_obtained":[{"floor":1.0,"key":"LiquidBronze"},{"floor":13.0,"key":"Explosive Potion"},{"floor":21,"key":"SpeedPotion"},{"floor":30,"key":"SpeedPotion"}],"is_trial":false,"path_per_floor":["M","$","?","M","M","R","?","R","T","?","M","T","M","M","R","B",null,"M","?","?","M","M","E","$","R","T","?","?","T","M","M","R","B"],"character_chosen":"THE_SILENT","items_purchased":["Infinite Blades","Nunchaku","Accuracy"],"campfire_rested":2,"item_purchase_floors":[2,2,24],"current_hp_per_floor":[70,70,56,51,51,51,39,39,39,39,39,39,39,37,58,57,70,58,58,58,44,38,36,36,36,36,36,22,22,22,20,41,0,0],"gold":201,"neow_bonus":"TWO_FIFTY_GOLD","is_daily":false,"chose_seed":false,"campfire_upgraded":3,"win_rate":0.0,"timestamp":1614275871,"path_taken":["M","$","?","M","M","R","?","R","T","?","?","?","M","M","R","BOSS","M","?","?","?","M","E","$","R","T","?","?","?","M","M","R","BOSS"],"items_purchased_type":["Card","Relic","Card"],"build_version":"2020-12-22","purchased_purges":2,"victory":false,"max_hp_per_floor":[70,70,70,70,70,70,70,70,70,70,70,70,70,70,70,70,70,70,70,70,70,70,70,70,70,70,70,70,70,70,70,70,70,70],"card_choices":[{"not_picked":["Acrobatics","Noxious Fumes","Poisoned Stab"],"picked":"SKIP","floor":1.0},{"not_picked":["Deadly Poison","PiercingWail"],"picked":"Cloak And Dagger","floor":4.0},{"not_picked":["Backflip","Sucker Punch"],"picked":"Finisher","floor":5.0},{"not_picked":["Prepared","Eviscerate"],"picked":"Terror","floor":11.0},{"not_picked":["Eviscerate","Deadly Poison","Corpse Explosion"],"picked":"SKIP","floor":13.0},{"not_picked":["Prepared","Calculated Gamble","Outmaneuver"],"picked":"SKIP","floor":14.0},{"not_picked":["Unload","Corpse Explosion"],"picked":"Die Die Die","floor":16.0},{"not_picked":["All Out Attack","Acrobatics","Deflect"],"picked":"SKIP","floor":18},{"not_picked":["Dagger Spray","Underhanded Strike+1"],"picked":"Quick Slash","floor":21},{"not_picked":["Deflect","Crippling Poison"],"picked":"Bullet Time","floor":22},{"not_picked":["Acrobatics","Poisoned Stab"],"picked":"Quick Slash","floor":23},{"not_picked":["Bane","Blur+1"],"picked":"Riddle With Holes+1","floor":30},{"not_picked":["Prepared","PiercingWail+1"],"picked":"Quick Slash","floor":31}],"player_experience":187615,"relics_obtained":[{"floor":12.0,"key":"Ginger"},{"floor":23,"key":"StoneCalendar"},{"floor":23,"key":"aspiration:ChemicalBlood"},{"floor":26,"key":"Boot"},{"floor":29,"key":"Juzu Bracelet"}],"event_choices":[{"damage_healed":0.0,"max_hp_gain":0.0,"max_hp_loss":0.0,"gold_gain":0.0,"event_name":"Shining Light","player_choice":"Entered Light","floor":3.0,"gold_loss":0.0,"damage_taken":14.0,"cards_upgraded":["Infinite Blades","Defend_G"]},{"damage_healed":0.0,"max_hp_gain":0.0,"max_hp_loss":0.0,"gold_gain":0.0,"event_name":"Scrap Ooze","player_choice":"Success","floor":7.0,"gold_loss":0.0,"damage_taken":12.0,"relics_obtained":["War Paint"]},{"damage_healed":0.0,"max_hp_gain":0.0,"max_hp_loss":0.0,"gold_gain":0.0,"event_name":"FaceTrader","player_choice":"Trade","floor":10.0,"gold_loss":0.0,"damage_taken":0.0,"relics_obtained":["GremlinMask"]},{"damage_healed":0,"gold_gain":0,"player_choice":"Simplicity","damage_taken":0,"max_hp_gain":0,"max_hp_loss":0,"event_name":"Back to Basics","floor":19,"gold_loss":0,"cards_upgraded":["Strike_G","Strike_G","Strike_G","Strike_G","Defend_G","Defend_G"]},{"cards_removed":["Strike_G"],"damage_healed":0,"gold_gain":0,"player_choice":"Purged","damage_taken":0,"max_hp_gain":0,"max_hp_loss":0,"event_name":"Purifier","floor":20,"gold_loss":0},{"damage_healed":0,"gold_gain":0,"player_choice":"Opened","damage_taken":0,"relics_obtained":["Incense Burner"],"max_hp_gain":0,"max_hp_loss":0,"event_name":"The Mausoleum","floor":27,"gold_loss":0}],"is_beta":false,"boss_relics":[{"not_picked":["aspiration:SecretTechniqueScroll","Cursed Key"],"picked":"Black Star"}],"items_purged_floors":[2,24],"is_endless":false,"potions_floor_spawned":[1,13,21,30],"killed_by":"Automaton","ascension_level":0}}