{"host":"1xo5g347e5o4auts","time":1614241519,"event":{"mods":["BaseMod","Minty Spire (QoL Compilation)","Permanent Neow","StSLib"],"gold_per_floor":[12,12,79,97,147,190,220,245,245,309,359,359,382,404,404,404,404],"floor_reached":16,"language":"ENG","playtime":394,"items_purged":[],"score":228,"play_id":"99cc7bce-7c79-446a-96d4-45d6474e9773","local_time":"20210225102519","is_ascension_mode":true,"campfire_choices":[{"floor":12,"key":"REST"},{"data":"Noxious Fumes","floor":15,"key":"SMITH"}],"circlet_count":0,"master_deck":["AscendersBane","Strike_G","Strike_G","Strike_G","Strike_G","Strike_G","Defend_G","Defend_G","Defend_G","Defend_G","Defend_G","Survivor","Neutralize","Glass Knife","Skewer","Blade Dance","Terror","Caltrops","Noxious Fumes+1"],"relics":["Ring of the Snake","SsserpentHead","Golden Idol","CeramicFish","Gremlin Horn","StoneCalendar"],"acts_visited":["Exordium"],"potions_floor_usage":[11,11,16],"damage_taken":[{"damage":0.0,"enemies":"2 Louse","floor":1.0,"turns":3.0},{"damage":0.0,"enemies":"Cultist","floor":3.0,"turns":3.0},{"damage":5.0,"enemies":"Small Slimes","floor":4.0,"turns":4.0},{"damage":32.0,"enemies":"3 Sentries","floor":6.0,"turns":9.0},{"damage":4.0,"enemies":"2 Fungi Beasts","floor":8.0,"turns":4.0},{"damage":0.0,"enemies":"Lots of Slimes","floor":10.0,"turns":2.0},{"damage":8,"enemies":"Gremlin Nob","floor":11,"turns":3},{"damage":2,"enemies":"Exordium Thugs","floor":13,"turns":4},{"damage":2,"enemies":"Large Slime","floor":14,"turns":5},{"damage":28,"enemies":"Hexaghost","floor":16,"turns":9}],"seed_played":"1478015360762855008","potions_obtained":[{"floor":3.0,"key":"Swift Potion"},{"floor":4.0,"key":"FearPotion"},{"floor":6.0,"key":"Dexterity Potion"},{"floor":7.0,"key":"LiquidMemories"},{"floor":8.0,"key":"Explosive Potion"},{"floor":11,"key":"LiquidMemories"}],"is_trial":false,"path_per_floor":["M","?","M","M","?","E","?","M","T","M","E","R","M","M","R","B"],"character_chosen":"THE_SILENT","items_purchased":[],"campfire_rested":1,"item_purchase_floors":[],"current_hp_per_floor":[59,59,59,54,54,22,22,18,18,18,10,28,26,24,24,0,0],"gold":404,"neow_bonus":"THREE_RARE_CARDS","is_daily":false,"chose_seed":false,"campfire_upgraded":1,"win_rate":0.0,"timestamp":1614241519,"path_taken":["M","?","?","M","?","E","?","M","T","?","E","R","M","M","R","BOSS"],"items_purchased_type":[],"build_version":"2020-12-22","purchased_purges":0,"victory":false,"max_hp_per_floor":[66,66,66,66,60,60,60,60,60,60,60,60,60,60,60,60,60],"card_choices":[{"not_picked":["Night Terror","Adrenaline"],"picked":"Glass Knife","floor":0.0},{"not_picked":["Flying Knee","Dodge and Roll","Riddle With Holes"],"picked":"SKIP","floor":1.0},{"not_picked":["Reflex","Flying Knee"],"picked":"Skewer","floor":3.0},{"not_picked":["Terror","PiercingWail"],"picked":"Blade Dance","floor":4.0},{"not_picked":["Quick Slash","Accuracy","Flying Knee"],"picked":"SKIP","floor":6.0},{"not_picked":["Escape Plan","Acrobatics"],"picked":"Terror","floor":8.0},{"not_picked":["Concentrate","Eviscerate","Flying Knee"],"picked":"SKIP","floor":10.0},{"not_picked":["A Thousand Cuts","Bane"],"picked":"Caltrops","floor":11},{"not_picked":["Infinite Blades","Flechettes","Acrobatics"],"picked":"SKIP","floor":13},{"not_picked":["Crippling Poison","Blade Dance"],"picked":"Noxious Fumes","floor":14}],"player_experience":1513345,"relics_obtained":[{"floor":6.0,"key":"CeramicFish"},{"floor":9.0,"key":"Gremlin Horn"},{"floor":11,"key":"StoneCalendar"}],"event_choices":[{"damage_healed":0.0,"max_hp_gain":0.0,"max_hp_loss":0.0,"gold_gain":0.0,"event_name":"FaceTrader","player_choice":"Trade","floor":2.0,"gold_loss":0.0,"damage_taken":0.0,"relics_obtained":["SsserpentHead"]},{"damage_healed":0.0,"max_hp_gain":0.0,"max_hp_loss":6.0,"gold_gain":0.0,"event_name":"Golden Idol","player_choice":"Lose Max HP","floor":5.0,"gold_loss":0.0,"damage_taken":0.0,"relics_obtained":["Golden Idol"]},{"damage_healed":0.0,"max_hp_gain":0.0,"max_hp_loss":0.0,"gold_gain":0.0,"event_name":"The Woman in Blue","player_choice":"Bought 1 Potion","floor":7.0,"gold_loss":0.0,"damage_taken":0.0}],"is_beta":false,"boss_relics":[],"items_purged_floors":[],"is_endless":false,"potions_floor_spawned":[3,4,6,8,11],"killed_by":"Hexaghost","ascension_level":20}}