{"host":"0iey8v53xvwqxh5z","time":1614237505,"event":{"mods":["BaseMod","BetterRewards","Hubris","Minty Spire (QoL Compilation)","Relic Stats","Replay The Spire","Shop Mod","StSLib"],"gold_per_floor":[109,122,122,86,101,101,132,142,142,176,176,5,39,57,57,154,154,167,167,180,279,279,279,306,139,191,217,217,248,248,265,265,368,368,387,406,417,433,445,445,478,478,502,502,513,513,532,543,543,543,543,543,26,53,53],"floor_reached":56,"language":"ENG","playtime":3453,"items_purged":["Strike_R","Strike_R","Parasite"],"score":2166,"play_id":"0ccd2521-6729-4707-934d-c32aed7f9783","local_time":"20210225021825","is_ascension_mode":true,"campfire_choices":[{"data":"Apotheosis","floor":11.0,"key":"SMITH"},{"data":"Rage","floor":15.0,"key":"SMITH"},{"data":"Feel No Pain","floor":23.0,"key":"SMITH"},{"data":"Rage","floor":28.0,"key":"SMITH"},{"data":"Juggernaut","floor":32.0,"key":"SMITH"},{"data":"Corruption","floor":40.0,"key":"SMITH"},{"floor":42.0,"key":"RECALL"},{"data":"Sentinel","floor":46.0,"key":"SMITH"},{"data":"True Grit","floor":49,"key":"SMITH"},{"data":"Bloodletting","floor":52,"key":"SMITH"}],"circlet_count":0,"master_deck":["Strike_R","Strike_R","Strike_R+1","Defend_R","Defend_R","Defend_R","Defend_R","Bash","Shrug It Off+1","Shrug It Off","Apotheosis+1","Anger","Warcry+1","Iron Wave+1","Intimidate+1","Flex","Metallicize","Feel No Pain+1","Rage+1","Dark Embrace+1","True Grit+1","Rage+1","Second Wind","Bloodletting+1","Bloodletting","Trip","Juggernaut+1","Corruption+1","Shrug It Off+1","Sentinel+1","Warcry+1","Shrug It Off+1","Feel No Pain","Feel No Pain","Evolve","Seeing Red"],"relics":["Burning Blood","TungstenRod","Membership Card","Anchor","Unceasing Top","Torii","hubris:BundleOfHerbs","FossilizedHelix","Gambling Chip","hubris:Towel","hubris:OldNail","Pet Ghost","hubris:TenFootPole","hubris:EmptyBottle","MealTicket","Coffee Dripper","hubris:CuriousFeather","Pondfish Scales","HornCleat","hubris:Metronome","hubris:ScarierMask","The Courier","ReplayTheSpireMod:Lightbulb","ClockworkSouvenir","InkBottle","Bottled Lightning","Iron Hammer","hubris:CrystalStatue"],"acts_visited":["Exordium","TheCity","TheBeyond","TheEnding"],"potions_floor_usage":[],"damage_taken":[{"damage":0.0,"enemies":"Small Slimes","floor":1.0,"turns":2.0},{"damage":0.0,"enemies":"Jaw Worm","floor":2.0,"turns":3.0},{"damage":0.0,"enemies":"2 Louse","floor":5.0,"turns":3.0},{"damage":9.0,"enemies":"3 Sentries","floor":7.0,"turns":5.0},{"damage":0.0,"enemies":"Looter","floor":8.0,"turns":3.0},{"damage":6.0,"enemies":"Gremlin Nob","floor":10.0,"turns":4.0},{"damage":0.0,"enemies":"Lagavulin","floor":13.0,"turns":6.0},{"damage":0.0,"enemies":"3 Louse","floor":14.0,"turns":3.0},{"damage":0.0,"enemies":"Hexaghost","floor":16.0,"turns":11.0},{"damage":0.0,"enemies":"Chosen","floor":18.0,"turns":6.0},{"damage":0.0,"enemies":"3 Byrds","floor":20.0,"turns":6.0},{"damage":0.0,"enemies":"Gremlin Leader","floor":24.0,"turns":11.0},{"damage":0.0,"enemies":"Slavers","floor":27.0,"turns":7.0},{"damage":6.0,"enemies":"Gremlin Leader","floor":29.0,"turns":5.0},{"damage":0.0,"enemies":"3 Cultists","floor":31.0,"turns":4.0},{"damage":16.0,"enemies":"hubris:MusketHawk","floor":33.0,"turns":5.0},{"damage":2.0,"enemies":"3 Shapes","floor":35.0,"turns":2.0},{"damage":0.0,"enemies":"Orb Walker","floor":36.0,"turns":2.0},{"damage":0.0,"enemies":"Sphere and 2 Shapes","floor":37.0,"turns":1.0},{"damage":2.0,"enemies":"Writhing Mass","floor":38.0,"turns":4.0},{"damage":4.0,"enemies":"4 Shapes","floor":39.0,"turns":2.0},{"damage":0.0,"enemies":"Giant Head","floor":41.0,"turns":4.0},{"damage":0.0,"enemies":"3 Darklings","floor":45.0,"turns":2.0},{"damage":0.0,"enemies":"Sphere and 2 Shapes","floor":47.0,"turns":2.0},{"damage":0.0,"enemies":"Maw","floor":48.0,"turns":4.0},{"damage":11,"enemies":"hubris:GrandSnecko","floor":50,"turns":3},{"damage":2,"enemies":"Shield and Spear","floor":54,"turns":4},{"damage":4,"enemies":"The Heart","floor":55,"turns":6}],"seed_played":"-3965097248742292036","potions_obtained":[{"floor":1.0,"key":"PowerPotion"},{"floor":7.0,"key":"PowerPotion"},{"floor":8.0,"key":"SpeedPotion"},{"floor":45.0,"key":"Explosive Potion"},{"floor":54,"key":"Block Potion"}],"is_trial":false,"path_per_floor":["M","M","?","?","M","?","E","M","T","E","R","$","E","M","R","B",null,"M","?","M","?","?","R","E","$","T","E","R","E","T","M","R","B",null,"M","M","M","M","M","R","E","R","T","?","M","R","M","M","R","B",null,"R","$","E","B",null],"character_chosen":"IRONCLAD","items_purchased":["Shrug It Off","Membership Card","Anchor","Apotheosis","Anger","Warcry+1","FossilizedHelix","Iron Wave+1","hubris:EmptyBottle","Feel No Pain","Rage","PowerPotion","Second Wind","Bloodletting","Trip","Feel No Pain","Feel No Pain","Evolve","ClockworkSouvenir","InkBottle","Bottled Lightning","Iron Hammer"],"campfire_rested":0,"item_purchase_floors":[0,0,0,0,0,0,0,0,12,12,12,12,25,25,25,53,53,53,53,53,53,53],"current_hp_per_floor":[38,44,29,29,35,35,32,38,38,38,38,38,44,50,50,56,80,80,80,80,80,76,76,82,85,85,85,85,85,85,85,85,75,85,85,85,85,85,85,85,85,85,85,85,85,85,85,85,85,80,85,85,82,82,82],"gold":53,"neow_bonus":"","is_daily":false,"chose_seed":false,"campfire_upgraded":9,"win_rate":0.0,"timestamp":1614237505,"path_taken":["M","M","?","?","?","?","E","M","T","E","R","$","E","M","R","BOSS","M","?","M","?","?","R","E","$","T","E","R","E","?","M","R","BOSS","M","M","M","M","M","R","E","R","T","?","M","R","M","M","R","BOSS","R","$","E","BOSS"],"items_purchased_type":["Card","Relic","Relic","Card","Card","Card","Relic","Card","Relic","Card","Card","Potion","Card","Card","Card","Card","Card","Card","Relic","Relic","Relic","Relic"],"build_version":"2020-12-22","purchased_purges":3,"victory":true,"max_hp_per_floor":[80,80,80,80,80,80,80,80,80,80,80,80,80,80,80,80,80,80,80,80,80,85,85,85,85,85,85,85,85,85,85,85,85,85,85,85,85,85,85,85,85,85,85,85,85,85,85,85,85,85,85,85,82,82,82],"relic_stats":{"Torii":3,"counters":[106,464],"Gambling Chip":[91],"MealTicket":3,"obtain_stats":[{"Golden Egg":45,"hubris:CrystalStatue":9,"CeramicFish":10,"Vajra":6,"hubris:VirtuousBlindfold":17,"Spirit Poop":47,"Whetstone":20,"Boot":46,"hubris:TerracottaHorce":17,"Replay:Wanted Poster":34,"HornCleat":23,"DollysMirror":29,"Strawberry":54,"MealTicket":13,"Iron Hammer":13,"Kunai":52,"Girya":9,"Oddly Smooth Stone":44,"Eternal Feather":7,"War Paint":53,"WarpedTongs":2,"hubris:Zylophone":54,"Runic Dome":0,"Replay:Baseball":15,"ReplayTheSpireMod:Shallot":25,"Molten Egg 2":23,"ReplayTheSpireMod:TigerMarble":0,"hubris:ToyBattleship":26,"hubris:TenFootPole":10,"Grinning Jar":26,"Unceasing Top":0,"Meat on the Bone":26,"hubris:Reverence":31,"ReplayFunnel":21,"Regal Pillow":44,"hubris:Metronome":30,"Torii":0,"Blue Doll":32,"Juzu Bracelet":14,"hubris:SlimyHat":43,"Replay:Mystery Machine":37,"hubris:EmptyBottle":12,"Smiling Mask":41,"Pet Ghost":11,"Burning Blood":0,"ClockworkSouvenir":53,"Replay:Bandana":41,"Shovel":0,"hubris:Icosahedron":4,"Matryoshka":9,"Gambling Chip":47,"Ring of Peace":41,"hubris:ScarierMask":34,"hubris:CuriousFeather":24,"Replay:Bottled Eggs":43,"Replay:Drink Me":17,"InkBottle":53,"Potion Belt":40,"Lee\u0027s Waffle":45,"The Courier":41,"Ring of Greed":41,"Frozen Egg 2":48,"hubris:Towel":6,"Pondfish Scales":27,"Anchor":45,"Orrery":38,"hubris:BundleOfHerbs":0,"Snack Pack":6,"Garlic":30,"Coffee Dripper":17,"Bottled Lightning":30,"Membership Card":0,"PureWater":0,"ReplayTheSpireMod:Lightbulb":53,"TungstenRod":0,"FossilizedHelix":0,"hubris:OldNail":7},{"Golden Egg":25,"hubris:CrystalStatue":5,"CeramicFish":36,"Vajra":34,"hubris:VirtuousBlindfold":40,"Spirit Poop":75,"Whetstone":12,"Boot":75,"hubris:TerracottaHorce":59,"Replay:Wanted Poster":18,"HornCleat":13,"DollysMirror":48,"Strawberry":29,"MealTicket":85,"Iron Hammer":8,"Kunai":28,"Girya":35,"Oddly Smooth Stone":73,"Eternal Feather":55,"War Paint":76,"WarpedTongs":52,"hubris:Zylophone":77,"Runic Dome":30,"Replay:Baseball":9,"ReplayTheSpireMod:Shallot":64,"Molten Egg 2":62,"ReplayTheSpireMod:TigerMarble":0,"hubris:ToyBattleship":46,"hubris:TenFootPole":84,"Grinning Jar":64,"Unceasing Top":78,"Meat on the Bone":64,"hubris:Reverence":66,"ReplayFunnel":12,"Regal Pillow":25,"hubris:Metronome":92,"Torii":78,"Blue Doll":17,"Juzu Bracelet":58,"hubris:SlimyHat":72,"Replay:Mystery Machine":20,"hubris:EmptyBottle":84,"Smiling Mask":71,"Pet Ghost":6,"Burning Blood":0,"ClockworkSouvenir":104,"Replay:Bandana":71,"Shovel":0,"hubris:Icosahedron":2,"Matryoshka":56,"Gambling Chip":26,"Ring of Peace":71,"hubris:ScarierMask":67,"hubris:CuriousFeather":90,"Replay:Bottled Eggs":24,"Replay:Drink Me":10,"InkBottle":104,"Potion Belt":22,"Lee\u0027s Waffle":25,"The Courier":100,"Ring of Greed":71,"Frozen Egg 2":27,"hubris:Towel":81,"Pondfish Scales":15,"Anchor":25,"Orrery":20,"hubris:BundleOfHerbs":78,"Snack Pack":4,"Garlic":16,"Coffee Dripper":87,"Bottled Lightning":49,"Membership Card":78,"PureWater":0,"ReplayTheSpireMod:Lightbulb":28,"TungstenRod":78,"FossilizedHelix":78,"hubris:OldNail":82},{"Golden Egg":101,"hubris:CrystalStatue":14,"CeramicFish":152,"Vajra":143,"hubris:VirtuousBlindfold":166,"Spirit Poop":321,"Whetstone":40,"Boot":321,"hubris:TerracottaHorce":237,"Replay:Wanted Poster":65,"HornCleat":43,"DollysMirror":191,"Strawberry":124,"MealTicket":370,"Iron Hammer":27,"Kunai":119,"Girya":146,"Oddly Smooth Stone":310,"Eternal Feather":215,"War Paint":330,"WarpedTongs":203,"hubris:Zylophone":336,"Runic Dome":132,"Replay:Baseball":29,"ReplayTheSpireMod:Shallot":261,"Molten Egg 2":252,"ReplayTheSpireMod:TigerMarble":0,"hubris:ToyBattleship":184,"hubris:TenFootPole":364,"Grinning Jar":261,"Unceasing Top":344,"Meat on the Bone":261,"hubris:Reverence":271,"ReplayFunnel":40,"Regal Pillow":101,"hubris:Metronome":419,"Torii":344,"Blue Doll":59,"Juzu Bracelet":226,"hubris:SlimyHat":303,"Replay:Mystery Machine":73,"hubris:EmptyBottle":364,"Smiling Mask":296,"Pet Ghost":21,"Burning Blood":0,"ClockworkSouvenir":454,"Replay:Bandana":296,"Shovel":0,"hubris:Icosahedron":4,"Matryoshka":219,"Gambling Chip":105,"Ring of Peace":296,"hubris:ScarierMask":277,"hubris:CuriousFeather":407,"Replay:Bottled Eggs":95,"Replay:Drink Me":35,"InkBottle":454,"Potion Belt":86,"Lee\u0027s Waffle":101,"The Courier":443,"Ring of Greed":296,"Frozen Egg 2":110,"hubris:Towel":352,"Pondfish Scales":51,"Anchor":101,"Orrery":73,"hubris:BundleOfHerbs":344,"Snack Pack":12,"Garlic":55,"Coffee Dripper":384,"Bottled Lightning":194,"Membership Card":344,"PureWater":0,"ReplayTheSpireMod:Lightbulb":119,"TungstenRod":344,"FossilizedHelix":344,"hubris:OldNail":357}],"Burning Blood":224,"TungstenRod":24,"Unceasing Top":[67],"InkBottle":[9]},"card_choices":[{"not_picked":["Thunderclap","Twin Strike"],"picked":"Intimidate","floor":1.0},{"not_picked":["hubris:SharpeningStone","Warcry"],"picked":"Flex","floor":2.0},{"not_picked":["ReplayTheSpireMod:LeadingStrike","Combust","Battle Trance"],"picked":"SKIP","floor":5.0},{"not_picked":["Blood for Blood","Clash","Combust"],"picked":"SKIP","floor":7.0},{"not_picked":["Pommel Strike","Twin Strike","Abandon"],"picked":"SKIP","floor":8.0},{"not_picked":["Battle Trance","Power Through"],"picked":"Metallicize","floor":10.0},{"not_picked":["Headbutt","Flex","Armaments"],"picked":"SKIP","floor":13.0},{"not_picked":["Uppercut","Sever Soul","Cleave"],"picked":"SKIP","floor":14.0},{"not_picked":["Heavy Blade","Replay:Undeath\u0027s Touch"],"picked":"Dark Embrace+1","floor":18.0},{"not_picked":["Pommel Strike","Shockwave+1"],"picked":"Rage","floor":20.0},{"not_picked":["Havoc","Uppercut","hubris:SharpeningStone"],"picked":"SKIP","floor":24.0},{"not_picked":["Clash","Perfected Strike","Cleave+1"],"picked":"SKIP","floor":27.0},{"not_picked":["Headbutt+1","Seeing Red"],"picked":"Juggernaut","floor":29.0},{"not_picked":["Sword Boomerang+1","Pommel Strike+1","Reckless Charge"],"picked":"SKIP","floor":31.0},{"not_picked":["Replay:Many Hands","Feed"],"picked":"Corruption","floor":33.0},{"not_picked":["Rupture","Blood for Blood+1","Replay:Undeath\u0027s Touch"],"picked":"SKIP","floor":35.0},{"not_picked":["Iron Wave","Cleave+1","Clash+1"],"picked":"SKIP","floor":36.0},{"not_picked":["Run Through","Armaments+1"],"picked":"Shrug It Off+1","floor":37.0},{"not_picked":["Shrug It Off","hubris:ReadiedAction+1"],"picked":"Sentinel","floor":38.0},{"not_picked":["ReplayTheSpireMod:Strike From Hell+1","Run Through","Entrench"],"picked":"SKIP","floor":39.0},{"not_picked":["Clash+1","ReplayTheSpireMod:Strike From Hell","Heavy Blade+1"],"picked":"SKIP","floor":41.0},{"not_picked":["Perfected Strike+1","Dropkick"],"picked":"Warcry+1","floor":45.0},{"not_picked":["Second Wind","Cleave+1"],"picked":"Shrug It Off+1","floor":47.0},{"not_picked":["Inflame","Headbutt+1","Pommel Strike+1"],"picked":"SKIP","floor":48.0},{"not_picked":["Perfected Strike+1","Feel No Pain"],"picked":"Seeing Red","floor":54}],"player_experience":80081,"relics_obtained":[{"floor":7.0,"key":"hubris:OldNail"},{"floor":9.0,"key":"Pet Ghost"},{"floor":10.0,"key":"hubris:TenFootPole"},{"floor":13.0,"key":"MealTicket"},{"floor":24.0,"key":"hubris:CuriousFeather"},{"floor":27.0,"key":"Pondfish Scales"},{"floor":29.0,"key":"HornCleat"},{"floor":30.0,"key":"hubris:Metronome"},{"floor":41.0,"key":"The Courier"},{"floor":43.0,"key":"ReplayTheSpireMod:Lightbulb"},{"floor":54,"key":"hubris:CrystalStatue"}],"event_choices":[{"damage_healed":0.0,"max_hp_gain":0.0,"max_hp_loss":0.0,"gold_gain":0.0,"event_name":"Shining Light","player_choice":"Entered Light","floor":3.0,"gold_loss":0.0,"damage_taken":16.0,"cards_upgraded":["Strike_R","Shrug It Off"]},{"damage_healed":0.0,"max_hp_gain":0.0,"max_hp_loss":0.0,"gold_gain":0.0,"event_name":"World of Goop","player_choice":"Left Gold","floor":4.0,"gold_loss":36.0,"damage_taken":0.0},{"damage_healed":0.0,"max_hp_gain":0.0,"max_hp_loss":0.0,"gold_gain":0.0,"event_name":"The Library","player_choice":"Read","floor":19.0,"gold_loss":0.0,"damage_taken":0.0,"cards_obtained":["True Grit"]},{"damage_healed":0.0,"max_hp_gain":0.0,"max_hp_loss":0.0,"gold_gain":99.0,"event_name":"Nest","player_choice":"Stole From Cult","floor":21.0,"gold_loss":0.0,"damage_taken":0.0},{"damage_healed":0.0,"max_hp_gain":5.0,"max_hp_loss":0.0,"gold_gain":0.0,"event_name":"Forgotten Altar","player_choice":"Shed Blood","floor":22.0,"gold_loss":0.0,"damage_taken":20.0},{"damage_healed":0.0,"max_hp_gain":0.0,"max_hp_loss":0.0,"gold_gain":0.0,"event_name":"Upgrade Shrine","player_choice":"Upgraded","floor":44.0,"gold_loss":0.0,"damage_taken":0.0,"cards_upgraded":["Intimidate"]}],"is_beta":false,"boss_relics":[{"not_picked":["Replay:Drink Me","Calling Bell"],"picked":"Coffee Dripper"},{"not_picked":["ChewingGum","Snecko Eye"],"picked":"hubris:ScarierMask"}],"items_purged_floors":[0,25,53],"is_endless":false,"potions_floor_spawned":[1,7,8,24,31,35,38,39,45,54],"ascension_level":3}}