{"host":"8akdrwfmzu5ai7mr","time":1614258873,"event":{"mods":["100% Spire Juice","Act Like it!","BaseMod","Colored Powertips","Downfall","Gensokyo","Marisa£®ÏF”Í°°ƒß¿Ì…≥£©","Minty Spire (QoL Compilation)","Quick Restart","Reimu£®≤©¿ˆ¡È√Œ£©","Remilia£®¿Ÿ√◊¿Ú—«£©","Replay The Spire","StSLib","The Administrix","The Marked","The Runesmith","The Servant 0.9.4","Youmu£®ªÍ∆«—˝√Œ£©","°æ“≈ŒÔø®≈∆°øREMEMod"],"gold_per_floor":[99,111,123,123,138,138,138,156,156,187,207,207,207,227,239,239,239],"floor_reached":16,"language":"ZHS","playtime":1060,"items_purged":[],"score":104,"play_id":"f611c845-3983-494b-bb0e-50d5af692bbb","local_time":"20210225211433","is_ascension_mode":false,"campfire_choices":[{"floor":1,"key":"RECALL"},{"data":"theMarked:GodGivenPower","floor":6,"key":"SMITH"},{"data":"theMarked:SoldierOfQuellstein","floor":9,"key":"SMITH"},{"data":"theMarked:TurnInvisible","floor":13,"key":"SMITH"}],"circlet_count":0,"master_deck":["theMarked:Strike","theMarked:Strike","theMarked:Strike","theMarked:Strike","theMarked:Strike","theMarked:Defend","theMarked:Defend","theMarked:Defend","theMarked:Defend","theMarked:SoldierOfQuellstein+1","FlawlessForm","theMarked:MysticalArsenal+1","theMarked:ElectricStrings","theMarked:GodGivenPower+1","theMarked:TurnInvisible+1","theMarked:EmpowerWeapon","theMarked:SelfDefenseTraining","theMarked:Heritage","bronze:FineTuning"],"relics":["theMarked:ArtifactOfAir","REME_ComplimentaryCards","Onion Ring","Matryoshka","PrismaticShard"],"acts_visited":["Exordium"],"potions_floor_usage":[10,16,16],"damage_taken":[{"damage":7,"enemies":"2 Louse","floor":2,"turns":2},{"damage":5,"enemies":"Cultist","floor":3,"turns":4},{"damage":5,"enemies":"Small Slimes","floor":5,"turns":4},{"damage":12,"enemies":"Exordium Wildlife","floor":8,"turns":2},{"damage":24,"enemies":"Gremlin Nob","floor":10,"turns":5},{"damage":14,"enemies":"Lots of Slimes","floor":11,"turns":4},{"damage":7,"enemies":"2 Fungi Beasts","floor":14,"turns":3},{"damage":7,"enemies":"Blue Slaver","floor":15,"turns":2},{"damage":12,"enemies":"SI_SHIV_ARCHETYPE","floor":16,"turns":7}],"seed_played":"-7492153550750842450","potions_obtained":[{"floor":5,"key":"Regen Potion"},{"floor":11,"key":"SkillPotion"},{"floor":15,"key":"AttackPotion"}],"is_trial":false,"path_per_floor":["R","M","M","?","M","R","T","M","R","E","M","?","R","M","M","B"],"character_chosen":"THE_DEFAULT","items_purchased":[],"campfire_rested":0,"item_purchase_floors":[],"current_hp_per_floor":[79,72,67,67,62,62,62,50,50,40,26,26,26,19,12,0,0],"gold":239,"neow_bonus":"TEN_PERCENT_HP_BONUS","is_daily":false,"chose_seed":false,"campfire_upgraded":3,"win_rate":0.0,"timestamp":1614258873,"path_taken":["R","M","M","?","M","R","T","M","R","E","?","?","R","M","M","BOSS"],"items_purchased_type":[],"build_version":"2020-12-22","purchased_purges":0,"victory":false,"max_hp_per_floor":[79,79,79,79,79,79,79,79,79,79,79,79,79,79,79,79,79],"card_choices":[{"not_picked":["theMarked:ChainLightning","theMarked:Memento"],"picked":"theMarked:MysticalArsenal","floor":2},{"not_picked":["theMarked:Overcharge","theMarked:WardOff"],"picked":"theMarked:ElectricStrings","floor":3},{"not_picked":["theMarked:ResourceFulStrike","theMarked:Memento"],"picked":"theMarked:GodGivenPower","floor":5},{"not_picked":["theMarked:BanishingStrike","theMarked:ElectricStrings"],"picked":"theMarked:TurnInvisible","floor":8},{"not_picked":["theMarked:MysticalArsenal","theMarked:SelfDefenseTraining"],"picked":"theMarked:EmpowerWeapon","floor":10},{"not_picked":["theMarked:EmpowerWeapon","theMarked:WardOff"],"picked":"theMarked:SelfDefenseTraining","floor":11},{"not_picked":["BloodHunter","Guardian:WalkerClaw"],"picked":"theMarked:Heritage","floor":14},{"not_picked":["Runesmith:Repurpose","RedRainbow"],"picked":"bronze:FineTuning","floor":15}],"player_experience":154429,"relics_obtained":[{"floor":7,"key":"Onion Ring"},{"floor":10,"key":"Matryoshka"}],"event_choices":[],"is_beta":false,"boss_relics":[],"items_purged_floors":[],"is_endless":false,"potions_floor_spawned":[5,11,15],"killed_by":"SI_SHIV_ARCHETYPE","ascension_level":0}}