{"host":"l3lzhw5qete3bz2v","time":1614246177,"event":{"mods":["BaseMod","Colored Map","Colored Powertips","Minty Spire (QoL Compilation)","StSLib","SuperFastMode"],"gold_per_floor":[110,110,10,20,39,72,37,37,109,136,155,218,218,62,62,158,158,177,177,164,89,102,102,131,144,144,170,18,53,53,80,80,177,177,196,214,226,243,255,283,283,300,300,300,318,352,352,652,652,652],"floor_reached":51,"language":"ENG","playtime":3129,"items_purged":[],"score":1369,"play_id":"e98d0e02-ad70-4314-8cb7-aabb25db0c4d","local_time":"20210225184257","is_ascension_mode":true,"campfire_choices":[{"data":"Barrage","floor":8.0,"key":"SMITH"},{"data":"Coolheaded","floor":13.0,"key":"SMITH"},{"data":"Conserve Battery","floor":15.0,"key":"SMITH"},{"data":"Ghostly","floor":23.0,"key":"SMITH"},{"data":"Defragment","floor":30,"key":"SMITH"},{"data":"Sunder","floor":32,"key":"SMITH"},{"data":"Biased Cognition","floor":41,"key":"SMITH"},{"data":"Skim","floor":44,"key":"SMITH"},{"data":"Zap","floor":49,"key":"SMITH"}],"circlet_count":0,"master_deck":["Strike_B","Strike_B","Strike_B","Defend_B","Defend_B","Defend_B","Defend_B","Zap+1","Dualcast","Barrage+1","Cold Snap+1","Sweeping Beam+1","Coolheaded+1","Conserve Battery+1","Cold Snap","Skim+1","All For One","Turbo","Ghostly+1","Ghostly","Ghostly","Ghostly","Ghostly","Redo+1","Compile Driver","Defragment+1","Sunder+1","Cold Snap+1","Biased Cognition+1","Go for the Eyes+1","Glacier+1","Steam+1","Aggregate+1","Ball Lightning+1","Compile Driver+1"],"relics":["Inserter","Ancient Tea Set","Whetstone","Bottled Lightning","Oddly Smooth Stone","Tiny Chest","Vajra","Philosopher\u0027s Stone","Bag of Marbles","Smiling Mask","Lantern","ClockworkSouvenir","Shuriken","Darkstone Periapt","Coffee Dripper","HornCleat","Meat on the Bone","Art of War","Old Coin"],"acts_visited":["Exordium","TheCity","TheBeyond"],"potions_floor_usage":[29,33,40,50,50,50],"damage_taken":[{"damage":7.0,"enemies":"Jaw Worm","floor":1.0,"turns":4.0},{"damage":0.0,"enemies":"Small Slimes","floor":4.0,"turns":4.0},{"damage":7.0,"enemies":"2 Louse","floor":5.0,"turns":2.0},{"damage":21.0,"enemies":"Gremlin Nob","floor":6.0,"turns":5.0},{"damage":9.0,"enemies":"3 Sentries","floor":10.0,"turns":6.0},{"damage":4.0,"enemies":"Exordium Wildlife","floor":11.0,"turns":4.0},{"damage":6.0,"enemies":"3 Sentries","floor":12.0,"turns":6.0},{"damage":10.0,"enemies":"Hexaghost","floor":16.0,"turns":10.0},{"damage":2.0,"enemies":"Shell Parasite","floor":18.0,"turns":5.0},{"damage":0.0,"enemies":"2 Thieves","floor":20.0,"turns":4.0},{"damage":9.0,"enemies":"Snecko","floor":22.0,"turns":6.0},{"damage":3.0,"enemies":"Book of Stabbing","floor":24.0,"turns":7.0},{"damage":0.0,"enemies":"Centurion and Healer","floor":25.0,"turns":8.0},{"damage":0,"enemies":"Slavers","floor":29,"turns":6},{"damage":0,"enemies":"Gremlin Leader","floor":31,"turns":7},{"damage":10,"enemies":"Collector","floor":33,"turns":9},{"damage":0,"enemies":"3 Shapes","floor":35,"turns":3},{"damage":0,"enemies":"Orb Walker","floor":36,"turns":4},{"damage":0,"enemies":"Spire Growth","floor":37,"turns":5},{"damage":2,"enemies":"Sphere and 2 Shapes","floor":38,"turns":10},{"damage":0,"enemies":"Jaw Worm Horde","floor":39,"turns":4},{"damage":0,"enemies":"Reptomancer","floor":40,"turns":6},{"damage":0,"enemies":"Maw","floor":42,"turns":7},{"damage":0,"enemies":"Sphere and 2 Shapes","floor":45,"turns":5},{"damage":0,"enemies":"Giant Head","floor":46,"turns":7},{"damage":0,"enemies":"Awakened One","floor":50,"turns":11}],"seed_played":"4043257757875254945","potions_obtained":[{"floor":1.0,"key":"SmokeBomb"},{"floor":5.0,"key":"EssenceOfSteel"},{"floor":10.0,"key":"Swift Potion"},{"floor":18.0,"key":"Block Potion"},{"floor":20.0,"key":"BlessingOfTheForge"},{"floor":25.0,"key":"Fire Potion"},{"floor":29,"key":"PotionOfCapacity"},{"floor":37,"key":"EssenceOfSteel"},{"floor":38,"key":"Swift Potion"},{"floor":39,"key":"SpeedPotion"},{"floor":40,"key":"Dexterity Potion"},{"floor":42,"key":"FearPotion"}],"is_trial":false,"path_per_floor":["M","?","$","M","M","E","?","R","T","E","M","?","R","$","R","B",null,"M","?","M","?","M","R","E","M","T","T","$","E","R","E","R","B",null,"M","M","M","M","M","E","R","M","T","R","M","E","?","T","R","B",null],"character_chosen":"DEFECT","items_purchased":["Cold Snap","Fire Potion","Vajra","ClockworkSouvenir"],"campfire_rested":0,"item_purchase_floors":[3,3,14,28],"current_hp_per_floor":[61,54,54,54,47,26,44,44,44,35,31,25,25,25,25,15,60,58,37,37,37,28,28,25,25,25,25,25,25,25,25,25,15,32,32,32,32,30,30,30,30,30,30,30,30,30,30,30,30,30],"gold":652,"neow_bonus":"BOSS_RELIC","is_daily":false,"chose_seed":false,"campfire_upgraded":9,"win_rate":0.0,"timestamp":1614246177,"path_taken":["M","?","$","M","M","E","?","R","T","E","M","?","R","?","R","BOSS","M","?","M","?","M","R","E","M","T","?","$","E","R","E","R","BOSS","M","?","M","M","?","E","R","M","T","R","M","E","?","?","R","BOSS"],"items_purchased_type":["Card","Potion","Relic","Relic"],"build_version":"2020-12-22","purchased_purges":0,"victory":true,"max_hp_per_floor":[75,75,75,75,75,75,75,75,75,75,75,75,75,75,75,75,75,75,37,37,37,37,37,37,37,37,37,37,37,37,37,37,37,37,37,37,37,37,37,37,37,37,37,37,37,37,37,37,37,37],"card_choices":[{"not_picked":["Rebound","Redo"],"picked":"Barrage","floor":1.0},{"not_picked":["Skim","Chaos"],"picked":"Sweeping Beam","floor":4.0},{"not_picked":["Steam","Turbo"],"picked":"Coolheaded","floor":5.0},{"not_picked":["Stack","Thunder Strike"],"picked":"Conserve Battery","floor":6.0},{"not_picked":["Blizzard","Sweeping Beam"],"picked":"Cold Snap","floor":10.0},{"not_picked":["Steam","Scrape","Cold Snap"],"picked":"SKIP","floor":11.0},{"not_picked":["Hello World","Rip and Tear"],"picked":"Skim","floor":12.0},{"not_picked":["Fission","Creative AI"],"picked":"All For One","floor":16.0},{"not_picked":["Blizzard+1","Compile Driver"],"picked":"Turbo","floor":18.0},{"not_picked":["Leap+1","Rebound"],"picked":"Redo+1","floor":20.0},{"not_picked":["Lockon","Static Discharge"],"picked":"Compile Driver","floor":22.0},{"not_picked":["Compile Driver","Capacitor+1"],"picked":"Defragment","floor":24.0},{"not_picked":["Streamline","Storm"],"picked":"Sunder","floor":25.0},{"not_picked":["Gash","Thunder Strike"],"picked":"Barrage","floor":29},{"not_picked":["Chaos","Barrage"],"picked":"Cold Snap+1","floor":31},{"not_picked":["Meteor Strike","Core Surge"],"picked":"Biased Cognition","floor":33},{"not_picked":["Sunder","Beam Cell"],"picked":"Go for the Eyes+1","floor":35},{"not_picked":["Leap+1","Streamline"],"picked":"Glacier+1","floor":36},{"not_picked":["Stack","Barrage"],"picked":"Steam+1","floor":37},{"not_picked":["Cold Snap","Rip and Tear","Beam Cell"],"picked":"SKIP","floor":38},{"not_picked":["Redo+1","Go for the Eyes","Steam+1"],"picked":"SKIP","floor":39},{"not_picked":["Glacier+1","Compile Driver"],"picked":"Aggregate+1","floor":40},{"not_picked":["Rebound+1","Auto Shields"],"picked":"Ball Lightning+1","floor":42},{"not_picked":["Buffer","Aggregate+1","Redo+1"],"picked":"SKIP","floor":45},{"not_picked":["Steam","Leap+1"],"picked":"Compile Driver+1","floor":46}],"player_experience":170686,"relics_obtained":[{"floor":6.0,"key":"Whetstone"},{"floor":9.0,"key":"Bottled Lightning"},{"floor":10.0,"key":"Oddly Smooth Stone"},{"floor":24.0,"key":"Bag of Marbles"},{"floor":26.0,"key":"Smiling Mask"},{"floor":27.0,"key":"Lantern"},{"floor":29,"key":"Shuriken"},{"floor":31,"key":"Darkstone Periapt"},{"floor":40,"key":"HornCleat"},{"floor":43,"key":"Meat on the Bone"},{"floor":46,"key":"Art of War"},{"floor":48,"key":"Old Coin"}],"event_choices":[{"damage_healed":0.0,"max_hp_gain":0.0,"max_hp_loss":0.0,"gold_gain":0.0,"event_name":"Scrap Ooze","player_choice":"Success","floor":2.0,"gold_loss":0.0,"damage_taken":7.0,"relics_obtained":["Ancient Tea Set"]},{"damage_healed":18.0,"max_hp_gain":0.0,"max_hp_loss":0.0,"gold_gain":0.0,"event_name":"The Cleric","player_choice":"Healed","floor":7.0,"gold_loss":35.0,"damage_taken":0.0},{"damage_healed":0.0,"max_hp_gain":0.0,"max_hp_loss":0.0,"gold_gain":0.0,"event_name":"Dead Adventurer","player_choice":"Searched \u00273\u0027 times","floor":12.0,"gold_loss":0.0,"damage_taken":0.0,"relics_obtained":["Tiny Chest"]},{"damage_healed":0.0,"max_hp_gain":0.0,"max_hp_loss":38.0,"gold_gain":0.0,"event_name":"Ghosts","player_choice":"Became a Ghost","floor":19.0,"gold_loss":0.0,"damage_taken":0.0,"cards_obtained":["Ghostly","Ghostly","Ghostly","Ghostly","Ghostly"]},{"cards_removed":["Strike_B"],"damage_healed":0.0,"max_hp_gain":0.0,"max_hp_loss":0.0,"gold_gain":0.0,"event_name":"Beggar","player_choice":"Gave Gold","floor":21.0,"gold_loss":75.0,"damage_taken":0.0},{"cards_removed":["Barrage"],"damage_healed":0,"gold_gain":0,"player_choice":"Removed Attack","damage_taken":0,"max_hp_gain":0,"max_hp_loss":0,"event_name":"Falling","floor":47,"gold_loss":0}],"is_beta":false,"boss_relics":[{"not_picked":["SlaversCollar","Tiny House"],"picked":"Philosopher\u0027s Stone"},{"not_picked":["Black Star","Busted Crown"],"picked":"Coffee Dripper"}],"items_purged_floors":[],"is_endless":false,"potions_floor_spawned":[1,5,10,18,20,25,29,37,38,39,40,42,45],"ascension_level":9}}