{"host":"8piv3t5bmy3h6dgk","time":1614288793,"event":{"mods":["AchievementEnabler","Astrologer","Bard","BaseMod","Better Altar","Better Match","BetterRewards","Colored Map","Colored Powertips","Faster Ascension Climbing","Gold Saver","Hermit","Minty Spire (QoL Compilation)","Remove Card Discount Mod","StSLib","The Disciple","The Hierophant","The Marked","The Necromancer","The Problem Sleuth","The Valiant","The Wild Card"],"gold_per_floor":[118,135,153,171,171,206,220,237,263,8,71,89,89,102,102,203,203,221,221,237,253,253,253,271,271,271,271,284,284,284,284],"floor_reached":30,"language":"ENG","playtime":1587,"items_purged":["hermit:Defend_Hermit","hermit:Defend_Hermit","hermit:Defend_Hermit","hermit:Defend_Hermit"],"score":236,"play_id":"7b0740c7-d966-468e-b761-f792668ed1bd","local_time":"20210225163313","is_ascension_mode":false,"campfire_choices":[{"floor":13,"key":"REST"},{"floor":15,"key":"REST"},{"floor":23,"key":"REST"},{"floor":25,"key":"REST"}],"circlet_count":0,"master_deck":["hermit:Strike_Hermit","hermit:Strike_Hermit","hermit:Strike_Hermit","hermit:Strike_Hermit","hermit:Snapshot","hermit:Covet","hermit:Glare","hermit:BigShot","hermit:CalledShot","hermit:Grudge","hermit:TakeAim","hermit:Headshot","hermit:WideOpen","hermit:HighCaliber","hermit:TrackingShot","hermit:Combo","hermit:Ricochet","hermit:PistolWhip","hermit:Deadeye","hermit:Magnum","hermit:Dive","hermit:OverwhelmingPower","hermit:Determination","hermit:FatalDesire","hermit:SprayPray+1","hermit:Malice+1","hermit:Misfire","Decay","hermit:Desperado+1","hermit:Headshot"],"relics":["hermit:Momento","Blood Vial","Bag of Preparation","Lantern","SlaversCollar","hermit:Spyglass","Prayer Beads"],"acts_visited":["Exordium","TheCity"],"potions_floor_usage":[6,16,16,16,28,28],"damage_taken":[{"damage":0,"enemies":"Cultist","floor":1,"turns":2},{"damage":3,"enemies":"Small Slimes","floor":2,"turns":2},{"damage":11,"enemies":"Jaw Worm","floor":3,"turns":2},{"damage":13,"enemies":"Red Slaver","floor":4,"turns":2},{"damage":18,"enemies":"Lagavulin","floor":6,"turns":3},{"damage":10,"enemies":"Looter","floor":7,"turns":2},{"damage":0,"enemies":"Exordium Wildlife","floor":8,"turns":2},{"damage":18,"enemies":"Lagavulin Event","floor":11,"turns":3},{"damage":10,"enemies":"Large Slime","floor":12,"turns":3},{"damage":0,"enemies":"3 Louse","floor":14,"turns":2},{"damage":46,"enemies":"Hexaghost","floor":16,"turns":5},{"damage":10,"enemies":"Spheric Guardian","floor":18,"turns":3},{"damage":18,"enemies":"Chosen","floor":20,"turns":4},{"damage":27,"enemies":"Snecko","floor":21,"turns":5},{"damage":43,"enemies":"3 Cultists","floor":24,"turns":4},{"damage":16,"enemies":"Cultist and Chosen","floor":28,"turns":3},{"damage":0,"enemies":"Chosen and Byrds","floor":30,"turns":1}],"seed_played":"1605103892032206275","potions_obtained":[{"floor":1,"key":"SteroidPotion"},{"floor":6,"key":"Block Potion"},{"floor":8,"key":"BlessingOfTheForge"},{"floor":14,"key":"Explosive Potion"},{"floor":16,"key":"SteroidPotion"},{"floor":18,"key":"LiquidMemories"},{"floor":20,"key":"BlessingOfTheForge"}],"is_trial":false,"path_per_floor":["M","M","M","M","?","E","M","M","T","$","?","M","R","M","R","B",null,"M","?","M","M","?","R","M","R","T","T","M","?","M"],"character_chosen":"HERMIT","items_purchased":["hermit:Glare","hermit:BigShot","hermit:CalledShot","hermit:Grudge","hermit:TakeAim","hermit:Headshot","hermit:Deadeye","hermit:Magnum","hermit:Dive"],"campfire_rested":4,"item_purchase_floors":[0,0,0,0,0,0,10,10,10],"current_hp_per_floor":[75,72,61,48,73,55,47,49,49,49,33,25,47,49,71,27,75,65,65,49,24,24,46,5,27,27,27,13,13,15,15],"gold":284,"neow_bonus":"","is_daily":false,"chose_seed":false,"campfire_upgraded":0,"win_rate":0.0,"timestamp":1614288793,"path_taken":["M","?","?","M","?","E","M","M","T","$","?","M","R","M","R","BOSS","M","?","?","M","?","R","M","R","T","?","M","?","M"],"items_purchased_type":["Card","Card","Card","Card","Card","Card","Card","Card","Card"],"build_version":"2020-12-22","purchased_purges":4,"victory":false,"max_hp_per_floor":[75,75,75,75,75,75,75,75,75,75,75,75,75,75,75,75,75,75,75,75,75,75,75,75,75,75,75,75,75,75,75],"card_choices":[{"not_picked":["hermit:Shortfuse","hermit:HoleUp"],"picked":"hermit:WideOpen","floor":1},{"not_picked":["hermit:Misfire","hermit:CalledShot"],"picked":"hermit:HighCaliber","floor":2},{"not_picked":["hermit:SprayPray","hermit:Shortfuse"],"picked":"hermit:TrackingShot","floor":3},{"not_picked":["hermit:BodyArmor","hermit:Brawl"],"picked":"hermit:Combo","floor":4},{"not_picked":["hermit:LoneWolf","hermit:Magnum"],"picked":"hermit:Ricochet","floor":6},{"not_picked":["hermit:CalledShot","hermit:Glare"],"picked":"hermit:FullyLoaded","floor":7},{"not_picked":["hermit:TakeCover","hermit:Coalescence"],"picked":"hermit:PistolWhip","floor":8},{"not_picked":["hermit:HighCaliber","hermit:Horror"],"picked":"hermit:OverwhelmingPower","floor":11},{"not_picked":["hermit:Maintenance","hermit:TakeCover","hermit:Roulette"],"picked":"SKIP","floor":12},{"not_picked":["hermit:Quickdraw","hermit:DeadMansHand"],"picked":"hermit:Determination","floor":14},{"not_picked":["hermit:Adapt","hermit:OverwhelmingPower"],"picked":"hermit:FatalDesire","floor":16},{"not_picked":["hermit:GhostlyPresence","hermit:Ricochet"],"picked":"hermit:SprayPray+1","floor":18},{"not_picked":["hermit:LowProfile+1","hermit:FlashPowder"],"picked":"hermit:Malice+1","floor":20},{"not_picked":["hermit:Quickdraw+1","hermit:HoleUp+1"],"picked":"hermit:Misfire","floor":21},{"not_picked":["hermit:Coalescence","hermit:Roulette"],"picked":"hermit:Desperado+1","floor":24},{"not_picked":["hermit:Manifest","hermit:OverwhelmingPower"],"picked":"hermit:Headshot","floor":28}],"player_experience":156577,"relics_obtained":[{"floor":6,"key":"Blood Vial"},{"floor":9,"key":"Bag of Preparation"},{"floor":11,"key":"Lantern"},{"floor":26,"key":"hermit:Spyglass"},{"floor":27,"key":"Prayer Beads"}],"event_choices":[{"damage_healed":25,"gold_gain":0,"player_choice":"Banana","damage_taken":0,"max_hp_gain":0,"max_hp_loss":0,"event_name":"Big Fish","floor":5,"gold_loss":0},{"damage_healed":0,"gold_gain":0,"player_choice":"Searched \u00271\u0027 times","damage_taken":0,"max_hp_gain":0,"max_hp_loss":0,"event_name":"Dead Adventurer","floor":11,"gold_loss":0},{"cards_removed":["hermit:FullyLoaded"],"damage_healed":0,"gold_gain":0,"player_choice":"Purged","damage_taken":0,"max_hp_gain":0,"max_hp_loss":0,"event_name":"Purifier","floor":19,"gold_loss":0},{"damage_healed":0,"gold_gain":0,"player_choice":" Defy","damage_taken":0,"max_hp_gain":0,"max_hp_loss":0,"event_name":"betterAltar:BetterAltar","floor":22,"gold_loss":0,"cards_obtained":["Decay"]},{"damage_healed":0,"gold_gain":0,"player_choice":"Ignored","damage_taken":0,"max_hp_gain":0,"max_hp_loss":0,"event_name":"Cursed Tome","floor":29,"gold_loss":0}],"is_beta":false,"boss_relics":[{"not_picked":["Velvet Choker","Calling Bell"],"picked":"SlaversCollar"}],"items_purged_floors":[0,0,0,0],"is_endless":false,"potions_floor_spawned":[1,6,8,14,16,18,20],"killed_by":"Chosen and Byrds","ascension_level":0}}