{"host":"3h49aoss7u87eyhw","time":1614237385,"event":{"mods":["AchievementEnabler","Act Like it!","BaseMod","Library of Ruina","Library of Ruina Extra","Minty Spire (QoL Compilation)","StSLib"],"gold_per_floor":[219,271,271,289,305,305,319,146,196,228,238,258,275,295,295,393,393,413,40,40,50,50,67,67,98,122,139,152,152,152,163,163,268,268,284,302,224,241,241,241,268,282,282,282,282,292,305,332,332,332,332],"floor_reached":50,"language":"ZHS","playtime":4192,"items_purged":["GuidanceOfTheGears"],"score":605,"play_id":"2a3636ec-695b-4124-82b8-9a75f5cd173a","local_time":"20210225151625","is_ascension_mode":false,"campfire_choices":[{"floor":6,"key":"REST"},{"data":"GuidanceOfTheGears","floor":15,"key":"SMITH"},{"floor":24,"key":"REST"},{"data":"InhaleSmoke","floor":30,"key":"SMITH"},{"data":"Multislash","floor":32,"key":"SMITH"},{"floor":40,"key":"REST"},{"floor":45,"key":"REST"},{"floor":49,"key":"REST"}],"circlet_count":0,"master_deck":["Dodge","LightDefense","LightAttack","LightAttack","LightAttack","LightDefense","LightDefense","LightDefense","ChargeAndCover","FocusedStrikes","Gamble","FervidEmotions","GuardingStance","DefenseOrder","EnergyCycle","GuidanceOfTheGears+1","Multislash+1","Outburst","WillBeTasty","FleshFillet","Shame","Standoff+1","CircusKnives+1","WrathOfTorment+1","JiaoTu","InhaleSmoke+1","UnavoidableGaze+1","Observe","CurseOfTheBell","StrikeDown+1","Faith+1","ToWhereThePrescriptPoints","Parasite","FrontalAssault+1","Tttonst","Eliminate+1","Writhe","Reload+1","HiddenBlade","Cruelty","FocusFire+1"],"relics":["PageOfLibrarian","Toolbox","PageOfBloodbath","SlaversCollar","PageOfRedShoes","Vajra","Nloth\u0027s Gift","Ancient Tea Set","Calling Bell","PageOfTodaysShyLook","PageOfWayBackHome","FossilizedHelix","Potion Belt","PageOfUniverseFragment","Dream Catcher"],"acts_visited":["Exordium","TheCity","TheBeyond"],"potions_floor_usage":[16,50,50,50,50,50],"damage_taken":[{"damage":5,"enemies":"Jaw Worm","floor":1,"turns":5},{"damage":0,"enemies":"Small Slimes","floor":4,"turns":3},{"damage":1,"enemies":"Cultist","floor":5,"turns":3},{"damage":3,"enemies":"Looter","floor":7,"turns":3},{"damage":11,"enemies":"Lagavulin","floor":10,"turns":4},{"damage":0,"enemies":"2 Fungi Beasts","floor":11,"turns":3},{"damage":0,"enemies":"Large Slime","floor":12,"turns":4},{"damage":1,"enemies":"Exordium Wildlife","floor":13,"turns":2},{"damage":0,"enemies":"Gremlin Gang","floor":14,"turns":4},{"damage":14,"enemies":"Slime Boss","floor":16,"turns":8},{"damage":15,"enemies":"2 Thieves","floor":18,"turns":3},{"damage":0,"enemies":"Spheric Guardian","floor":21,"turns":2},{"damage":18,"enemies":"3 Cultists","floor":23,"turns":4},{"damage":0,"enemies":"Slavers","floor":25,"turns":3},{"damage":6,"enemies":"Snecko","floor":27,"turns":3},{"damage":10,"enemies":"Shelled Parasite and Fungi","floor":28,"turns":2},{"damage":6,"enemies":"Centurion and Healer","floor":31,"turns":4},{"damage":58,"enemies":"KingOfGreed","floor":33,"turns":7},{"damage":0,"enemies":"3 Shapes","floor":35,"turns":4},{"damage":28,"enemies":"3 Darklings","floor":36,"turns":3},{"damage":38,"enemies":"Writhing Mass","floor":38,"turns":8},{"damage":48,"enemies":"Reptomancer","floor":41,"turns":3},{"damage":0,"enemies":"Sphere and 2 Shapes","floor":42,"turns":4},{"damage":0,"enemies":"Spire Growth","floor":46,"turns":3},{"damage":9,"enemies":"4 Shapes","floor":47,"turns":4},{"damage":42,"enemies":"Nemesis","floor":48,"turns":3},{"damage":35,"enemies":"Awakened One","floor":50,"turns":4}],"seed_played":"3403770695033147340","potions_obtained":[{"floor":1,"key":"Fruit Juice"},{"floor":4,"key":"CultistPotion"},{"floor":11,"key":"GamblersBrew"},{"floor":14,"key":"Strength Potion"},{"floor":16,"key":"SkillPotion"},{"floor":42,"key":"PowerPotion"},{"floor":48,"key":"AttackPotion"}],"is_trial":false,"path_per_floor":["M","?","?","M","M","R","M","$","T","E","M","M","M","M","R","B",null,"M","$","?","M","?","M","R","E","T","M","M","?","R","M","R","B",null,"M","M","$","M","?","R","E","M","T","?","R","M","M","E","R","B"],"character_chosen":"Librarian","items_purchased":["Toolbox","EnergyCycle","PageOfRedShoes","ToWhereThePrescriptPoints"],"campfire_rested":5,"item_purchase_floors":[8,8,19,37],"current_hp_per_floor":[55,55,55,55,54,79,76,76,76,65,65,65,64,64,64,57,89,74,74,74,74,74,58,84,84,84,82,72,72,72,66,66,23,86,86,58,58,22,22,48,2,2,2,24,50,50,43,1,27,0,0],"gold":332,"neow_bonus":"HUNDRED_GOLD","is_daily":false,"chose_seed":false,"campfire_upgraded":3,"win_rate":0.0,"timestamp":1614237385,"path_taken":["M","?","?","M","M","R","M","$","T","E","M","M","M","M","R","BOSS","M","$","?","M","?","M","R","E","T","?","M","?","R","M","R","BOSS","M","M","$","M","?","R","E","M","T","?","R","M","M","E","R","BOSS"],"items_purchased_type":["Relic","Card","Relic","Card"],"build_version":"2020-12-22","purchased_purges":1,"victory":false,"max_hp_per_floor":[61,61,61,84,84,84,84,84,84,84,84,84,84,84,84,89,89,89,89,89,89,89,89,89,89,89,89,89,89,89,75,89,86,86,86,86,86,86,86,89,89,89,89,89,89,89,89,89,89,89,89],"card_choices":[{"not_picked":["DarkCloud","ElectricShock","StructuralAnalysis","CoordinatedAssault","Leap_lor","FleetEdge","Parry2","Wallop_lor"],"picked":"Gamble","floor":1},{"not_picked":["GuidanceOfTheGears","Faith","Creak","HiddenBlade","Quickness","StrikeDown","Multislash","FleetEdge"],"picked":"FervidEmotions","floor":4},{"not_picked":["NightInTheBackstreets","Mutilate","Pound","Execute_lor","Wallop_lor","SnakesPrey","Parry2","Zzzzzap"],"picked":"GuardingStance","floor":5},{"not_picked":["FleetEdge","BiXi","Mutilate","FierceCharge","HeavyPeaks","Parry2","BayonetCombat","GatherIntel"],"picked":"DefenseOrder","floor":7},{"not_picked":["FaintMemories","Brawl","SuanNi","CoordinatedAssault","DeepDrag","FleetFootsteps","BackAttack","UndertakePrescript"],"picked":"GuidanceOfTheGears","floor":10},{"not_picked":["FaintMemories","SmokingPipe","RulesOfTheBackstreets","HandleRequest","Thrust","NonstopAssault","Clone","HighSpeedStabbing"],"picked":"GuidanceOfTheGears","floor":11},{"not_picked":["FrontalAssault","Pound","UnavoidableGaze","Eject","SkitterAway","HandlingWork","PreemptiveStrike","Diversion"],"picked":"Multislash","floor":12},{"not_picked":["SunsetBlade","Multislash","SomberProcuration","Standoff","Faith","PinpointShot","SuppressingShot","FleetFootsteps"],"picked":"Outburst","floor":13},{"not_picked":["BiAn","Wallop_lor","Rewind","MultiHit","AsThePrescriptOrders","LeRegole","HandleRequest","SturdyDefense"],"picked":"WillBeTasty","floor":14},{"not_picked":["ScratchThat","RagingStormLove"],"picked":"FleshFillet","floor":16},{"not_picked":["CombatPreparation","BulkyImpact","UnavoidableGaze","Wallop_lor","EnergyCycle","HeavyPeaks","StructuralAnalysis","ToOvercomeCrisis"],"picked":"HandleRequest","floor":18},{"not_picked":["SummaryJudgment","Marionette","Overpower","PreemptiveStrike","StrikeDown","SuppressingShot","GuidanceOfTheGears","PinpointShot"],"picked":"Standoff+1","floor":21},{"not_picked":["DarkCloud","CoordinatedAssault","Outburst+1","SharpSwipe","GuardingStance","Diversion","PreemptiveStrike","QuickSuppression+1"],"picked":"CircusKnives+1","floor":23},{"not_picked":["RapidGashes","Tttonst","BiXi+1","Endure+1","TrimTheIngredients+1","Eradication","Faith","ShockingBlow"],"picked":"WrathOfTorment+1","floor":25},{"not_picked":["Standoff","Rampage_lor","ConcentratedFire","FleetFootsteps","SunsetBlade","Multislash+1","PinpointShot","Pound+1"],"picked":"JiaoTu","floor":27},{"not_picked":["TieShanKao","GreatSerpentsImpact","Parry","StrikeDown","Wallop_lor","TheArtOfRapidSteps","BiAn","Laceration"],"picked":"InhaleSmoke","floor":28},{"not_picked":["LossOfSenses","Quickness","LoosenUp+1","ToOvercomeCrisis+1","FendThisOffIfYouCan","PreparedMind","Standoff","BlazingStrike"],"picked":"UnavoidableGaze+1","floor":31},{"not_picked":["FormingStorm","Commandeering"],"picked":"Observe","floor":33},{"not_picked":["GreatSerpentsImpact","Cruelty","SenseQuarry","DesperateStruggle","SinglePointStab+1","DarkCloud","ShockingBlow","AsThePrescriptOrders+1"],"picked":"StrikeDown+1","floor":35},{"not_picked":["Mutilate","MindWhip","FleetEdge+1","SturdyDefense","DesperateStruggle+1","EnergyCycle","EnergyShield+1","WildCard+1"],"picked":"Faith+1","floor":36},{"not_picked":["DimensionalRift","Guardian_lor","BindingArms","PinpointShot","SilentNight","GuidanceOfTheGears","DefenseOrder","Endure+1"],"picked":"FrontalAssault+1","floor":38},{"not_picked":["Feast","ShrineToMusic+1","DefenseOrder","DarkCloud+1","Outburst+1","PinpointShot+1","FrontalAssault+1","Clone"],"picked":"Tttonst","floor":41},{"not_picked":["Parry","YouOnlyLiveOnce+1","Gigigig","SnakesPrey","Faith","Multislash","Riposte+1","SavageMode"],"picked":"Eliminate+1","floor":42},{"not_picked":["DestructiveImpact+1","ForcefulGesture","OpportunitySpotted+1","FierceCharge","Multislash+1","EnergyCycle+1","GroundSmash","FleshFillet"],"picked":"Reload+1","floor":46},{"not_picked":["FleetEdge+1","Parry","SunsetBlade+1","YourShield","FieryWaltz","AbsorbImpact","Rampage_lor","EnergyShield"],"picked":"HiddenBlade","floor":47},{"not_picked":["GuidanceOfTheGears","SinglePointStab","Rewind","Gamble+1","Gigigig+1","FaintMemories","Creak+1","GuardingStance"],"picked":"Cruelty","floor":48},{"not_picked":["SparkingSpear+1","LossOfSenses","DesperateStruggle+1","SpearedSweep","BayonetCombat+1","CoordinatedAssault+1","UnavoidableGaze","AlloutWar+1"],"picked":"FocusFire+1","floor":49}],"player_experience":31007,"relics_obtained":[{"floor":9,"key":"PageOfBloodbath"},{"floor":10,"key":"Regal Pillow"},{"floor":26,"key":"Ancient Tea Set"},{"floor":34,"key":"PageOfTodaysShyLook"},{"floor":34,"key":"PageOfWayBackHome"},{"floor":34,"key":"FossilizedHelix"},{"floor":41,"key":"Potion Belt"},{"floor":43,"key":"PageOfUniverseFragment"},{"floor":48,"key":"Dream Catcher"}],"event_choices":[{"damage_healed":0,"gold_gain":52,"player_choice":"Gained Gold","damage_taken":0,"max_hp_gain":0,"max_hp_loss":0,"event_name":"Golden Wing","floor":2,"gold_loss":0},{"damage_healed":0,"gold_gain":0,"player_choice":"Ignored","damage_taken":0,"max_hp_gain":0,"max_hp_loss":0,"event_name":"Golden Idol","floor":3,"gold_loss":0},{"damage_healed":0,"gold_gain":0,"player_choice":"Stole Relic","damage_taken":0,"relics_obtained":["Vajra"],"max_hp_gain":0,"max_hp_loss":0,"event_name":"Addict","floor":20,"gold_loss":0,"cards_obtained":["Shame"]},{"damage_healed":0,"gold_gain":0,"player_choice":"Traded Relic","damage_taken":0,"relics_obtained":["Nloth\u0027s Gift"],"max_hp_gain":0,"max_hp_loss":0,"event_name":"N\u0027loth","floor":22,"relics_lost":["Regal Pillow"],"gold_loss":0},{"damage_healed":0,"gold_gain":0,"player_choice":"Ignored","damage_taken":0,"max_hp_gain":0,"max_hp_loss":0,"event_name":"The Mausoleum","floor":29,"gold_loss":0},{"cards_removed":["HandleRequest"],"damage_healed":0,"gold_gain":0,"player_choice":"Removed Attack","damage_taken":0,"max_hp_gain":0,"max_hp_loss":0,"event_name":"Falling","floor":39,"gold_loss":0},{"damage_healed":22,"gold_gain":0,"player_choice":"Writhe","damage_taken":0,"max_hp_gain":0,"max_hp_loss":0,"event_name":"Winding Halls","floor":44,"gold_loss":0,"cards_obtained":["Writhe"]}],"is_beta":false,"boss_relics":[{"not_picked":["Snecko Eye","Fusion Hammer"],"picked":"SlaversCollar"},{"not_picked":["Runic Dome","Philosopher\u0027s Stone"],"picked":"Calling Bell"}],"items_purged_floors":[19],"is_endless":false,"potions_floor_spawned":[1,4,11,14,16,21,28,31,38,42,48],"killed_by":"Awakened One","ascension_level":0}}