{"host":"6lsob4l0icwczu35","time":1614249803,"event":{"mods":["BaseMod","Curses Come First","Minty Spire (QoL Compilation)","Relic Stats","StSLib"],"gold_per_floor":[112,112,129,2,13,42,42,73,119,184,184,206,206,390,390,390,390],"floor_reached":16,"language":"ENG","playtime":568,"items_purged":["Defend_G"],"score":124,"play_id":"be06da30-5e01-4055-bc70-4439814a815c","local_time":"20210225124323","is_ascension_mode":true,"campfire_choices":[{"floor":7,"key":"REST"},{"floor":13,"key":"REST"},{"data":"Slice","floor":15,"key":"SMITH"}],"circlet_count":0,"master_deck":["Strike_G","Strike_G","Strike_G","Strike_G","Strike_G","Defend_G+1","Defend_G+1","Defend_G","Defend_G","Survivor","Neutralize","Prepared","Masterful Stab","Flying Knee","Slice+1","Doubt"],"relics":["WristBlade","Mercury Hourglass","PreservedInsect","Bag of Marbles","Dream Catcher","CeramicFish"],"acts_visited":["Exordium"],"potions_floor_usage":[10,16],"damage_taken":[{"damage":4,"enemies":"Jaw Worm","floor":1,"turns":4},{"damage":4,"enemies":"2 Louse","floor":3,"turns":3},{"damage":5,"enemies":"Small Slimes","floor":5,"turns":5},{"damage":18,"enemies":"3 Sentries","floor":6,"turns":12},{"damage":17,"enemies":"Gremlin Nob","floor":8,"turns":4},{"damage":4,"enemies":"Lagavulin Event","floor":10,"turns":3},{"damage":0,"enemies":"Red Slaver","floor":12,"turns":1},{"damage":38,"enemies":"The Guardian","floor":16,"turns":14}],"seed_played":"6452635393294841980","potions_obtained":[{"floor":6,"key":"FearPotion"},{"floor":12,"key":"Explosive Potion"}],"is_trial":false,"path_per_floor":["M","?","M","$","M","E","R","E","T","?","?","M","R","?","R","B"],"character_chosen":"THE_SILENT","items_purchased":["Prepared"],"campfire_rested":2,"item_purchase_floors":[4],"current_hp_per_floor":[66,52,48,48,43,25,46,29,29,25,7,7,28,28,28,0,0],"gold":390,"neow_bonus":"BOSS_RELIC","is_daily":false,"chose_seed":false,"campfire_upgraded":1,"win_rate":0.0,"timestamp":1614249803,"path_taken":["M","?","M","$","M","E","R","E","T","?","?","?","R","?","R","BOSS"],"items_purchased_type":["Card"],"build_version":"2020-12-22","purchased_purges":1,"victory":false,"max_hp_per_floor":[70,70,70,70,70,70,70,70,70,70,70,70,70,70,70,70,70],"relic_stats":{"Dream Catcher":1,"counters":[8,46],"CeramicFish":18,"PreservedInsect":28,"obtain_stats":[{"Dream Catcher":10,"WristBlade":0,"CeramicFish":11,"PreservedInsect":8,"Bag of Marbles":9,"Ring of the Snake":0,"Mercury Hourglass":6},{"Dream Catcher":6,"WristBlade":0,"CeramicFish":6,"PreservedInsect":5,"Bag of Marbles":5,"Ring of the Snake":0,"Mercury Hourglass":4},{"Dream Catcher":31,"WristBlade":0,"CeramicFish":31,"PreservedInsect":28,"Bag of Marbles":28,"Ring of the Snake":0,"Mercury Hourglass":24}],"Mercury Hourglass":[60]},"card_choices":[{"not_picked":["Underhanded Strike","Deadly Poison","Poisoned Stab"],"picked":"SKIP","floor":1},{"not_picked":["Acrobatics","Skewer","Outmaneuver"],"picked":"SKIP","floor":3},{"not_picked":["PiercingWail","Leg Sweep"],"picked":"Masterful Stab","floor":5},{"not_picked":["Bullet Time","Underhanded Strike","Sucker Punch"],"picked":"SKIP","floor":6},{"not_picked":["Outmaneuver","Deflect"],"picked":"Flying Knee","floor":8},{"not_picked":["Deadly Poison","Sucker Punch"],"picked":"Slice","floor":12}],"player_experience":315676,"relics_obtained":[{"floor":6,"key":"Mercury Hourglass"},{"floor":8,"key":"PreservedInsect"},{"floor":9,"key":"Bag of Marbles"},{"floor":10,"key":"Dream Catcher"}],"event_choices":[{"damage_healed":0,"gold_gain":0,"player_choice":"Entered Light","damage_taken":14,"max_hp_gain":0,"max_hp_loss":0,"event_name":"Shining Light","floor":2,"gold_loss":0,"cards_upgraded":["Defend_G","Defend_G"]},{"damage_healed":0,"gold_gain":0,"player_choice":"Searched \u00272\u0027 times","damage_taken":0,"max_hp_gain":0,"max_hp_loss":0,"event_name":"Dead Adventurer","floor":10,"gold_loss":0},{"damage_healed":0,"gold_gain":0,"player_choice":"Success","damage_taken":18,"relics_obtained":["CeramicFish"],"max_hp_gain":0,"max_hp_loss":0,"event_name":"Scrap Ooze","floor":11,"gold_loss":0},{"damage_healed":0,"gold_gain":175,"player_choice":"AGREE","damage_taken":0,"max_hp_gain":0,"max_hp_loss":0,"event_name":"Liars Game","floor":14,"gold_loss":0,"cards_obtained":["Doubt"]}],"is_beta":false,"boss_relics":[],"items_purged_floors":[4],"is_endless":false,"potions_floor_spawned":[6,12],"killed_by":"The Guardian","ascension_level":3}}