{"host":"oz4ht6ec7xzo36kd","time":1614270954,"event":{"mods":["Act Like it!","BaseMod","Friendly Minions","Marisa¡]Ãú«B¡@Å]²z¨F¡^","Minty Spire (QoL Compilation)","Remilia¡]Á¢¦Ì²ú?¡^","StSLib","The Marked","The Servant 0.9.4","WarShipGirlsR/??¤Ö¤kR mod","Youmu¡]»î¾z§¯?¡^"],"gold_per_floor":[114,114,114,39,49,49,75,92,92,92,117,117,148,177,177,275,275,292,217,267,300,300,300,300],"floor_reached":23,"language":"ZHT","playtime":1059,"items_purged":["Regret"],"score":452,"play_id":"41af83e1-cdb1-4c82-956b-cc17c674d138","local_time":"20210226003554","is_ascension_mode":true,"campfire_choices":[{"floor":6,"key":"RECALL"},{"data":"BloodAndWine","floor":10,"key":"SMITH"},{"data":"Septette","floor":15,"key":"SMITH"}],"circlet_count":0,"master_deck":["AscendersBane","Strike_RM+1","Strike_RM","Strike_RM","Strike_RM","Defend_RM","Defend_RM","RedMoon+1","ScarletShoot","GlobalNightmare","BloodAndWine+1","BloodAndWine","FavorOfDestiny","SuperhumanBloodyKnife","Septette+1","ScarletMeister","MiserableFate","HunterOfTheNight"],"relics":["ScarletHat","NeowsBlessing","StrikeDummy","White Beast Statue","Calipers","The Courier","Shuriken","Black Star"],"acts_visited":["Exordium","TheCity"],"potions_floor_usage":[11,11,14,14,18,18,23,23],"damage_taken":[{"damage":0,"enemies":"Cultist","floor":1,"turns":1},{"damage":0,"enemies":"2 Louse","floor":5,"turns":1},{"damage":0,"enemies":"Lagavulin","floor":7,"turns":1},{"damage":2,"enemies":"Jaw Worm","floor":8,"turns":7},{"damage":5,"enemies":"3 Sentries","floor":11,"turns":15},{"damage":1,"enemies":"Exordium Wildlife","floor":13,"turns":6},{"damage":15,"enemies":"Lagavulin","floor":14,"turns":8},{"damage":62,"enemies":"The Guardian","floor":16,"turns":13},{"damage":15,"enemies":"3 Byrds","floor":18,"turns":7},{"damage":8,"enemies":"Spheric Guardian","floor":21,"turns":6},{"damage":67,"enemies":"Slavers","floor":23,"turns":3}],"seed_played":"3990651513154468056","potions_obtained":[{"floor":7,"key":"Swift Potion"},{"floor":8,"key":"SteroidPotion"},{"floor":11,"key":"FearPotion"},{"floor":13,"key":"AttackPotion"},{"floor":14,"key":"Explosive Potion"},{"floor":16,"key":"Fire Potion"},{"floor":18,"key":"Ancient Potion"},{"floor":18,"key":"SpeedPotion"},{"floor":21,"key":"Strength Potion"},{"floor":21,"key":"AttackPotion"}],"is_trial":false,"path_per_floor":["M","?","?","$","M","R","E","M","T","R","E","T","M","E","R","B",null,"M","?","?","M","?","E"],"character_chosen":"REMILIA","items_purchased":[],"campfire_rested":0,"item_purchase_floors":[],"current_hp_per_floor":[63,42,42,42,42,42,45,53,53,53,63,63,65,63,63,30,60,57,57,57,65,65,0,0],"gold":300,"neow_bonus":"THREE_ENEMY_KILL","is_daily":false,"chose_seed":false,"campfire_upgraded":2,"win_rate":0.0,"timestamp":1614270954,"path_taken":["M","?","?","$","M","R","E","M","T","R","E","?","?","E","R","BOSS","M","?","?","M","?","E"],"items_purchased_type":[],"build_version":"2020-12-22","purchased_purges":1,"victory":false,"max_hp_per_floor":[70,70,70,70,70,70,70,70,70,70,70,70,70,70,70,70,70,70,70,70,70,70,70,70],"card_choices":[{"not_picked":["ScarletDevil","ScarletDevilSign"],"picked":"GlobalNightmare","floor":1},{"not_picked":["MastersStateliness","RedNightlessCastle"],"picked":"BloodAndWine","floor":5},{"not_picked":["VampireClaw","ScarletNetherworld"],"picked":"BloodAndWine","floor":7},{"not_picked":["UnderTheZenith","CharismaGuard","BlasphemousPunishment"],"picked":"SKIP","floor":8},{"not_picked":["GlobalNightmare","NightDance"],"picked":"FavorOfDestiny","floor":11},{"not_picked":["BloodHunter","UnstableMagic"],"picked":"SuperhumanBloodyKnife","floor":13},{"not_picked":["UnstableMagic","SuperhumanBloodyKnife"],"picked":"Septette","floor":14},{"not_picked":["ScarletCoffin","HeartBreak"],"picked":"ScarletMeister","floor":16},{"not_picked":["BloodyTrap","UnderTheZenith"],"picked":"MiserableFate","floor":18},{"not_picked":["NightDance","VampireKiss"],"picked":"HunterOfTheNight","floor":21}],"player_experience":435113,"relics_obtained":[{"floor":7,"key":"White Beast Statue"},{"floor":11,"key":"Calipers"},{"floor":12,"key":"The Courier"},{"floor":14,"key":"Shuriken"}],"event_choices":[{"damage_healed":0,"gold_gain":0,"player_choice":"Entered Light","damage_taken":21,"max_hp_gain":0,"max_hp_loss":0,"event_name":"Shining Light","floor":2,"gold_loss":0,"cards_upgraded":["RedMoon","Strike_RM"]},{"damage_healed":0,"gold_gain":0,"player_choice":"Box","damage_taken":0,"relics_obtained":["StrikeDummy"],"max_hp_gain":0,"max_hp_loss":0,"event_name":"Big Fish","floor":3,"gold_loss":0,"cards_obtained":["Regret"]},{"cards_removed":["Defend_RM"],"damage_healed":0,"gold_gain":0,"player_choice":"Gave Gold","damage_taken":0,"max_hp_gain":0,"max_hp_loss":0,"event_name":"Beggar","floor":19,"gold_loss":75},{"damage_healed":0,"gold_gain":50,"player_choice":"Stole From Cult","damage_taken":0,"max_hp_gain":0,"max_hp_loss":0,"event_name":"Nest","floor":20,"gold_loss":0},{"cards_removed":["Defend_RM"],"damage_healed":0,"gold_gain":0,"player_choice":"Card Removal","damage_taken":0,"max_hp_gain":0,"max_hp_loss":0,"event_name":"Wheel of Change","floor":22,"gold_loss":0}],"is_beta":false,"boss_relics":[{"not_picked":["Runic Dome","SlaversCollar"],"picked":"Black Star"}],"items_purged_floors":[4],"is_endless":false,"potions_floor_spawned":[7,8,11,13,14,16,18,21],"killed_by":"Slavers","ascension_level":19}}