{"host":"d744ndivyohnro60","time":1614225546,"event":{"mods":["BaseMod","Bestiary","Colored Powertips","Minty Spire (QoL Compilation)","Relic Stats"],"gold_per_floor":[116,128,1,12,73,73,148,174,256,256,276,295,295,329,329,329,329],"floor_reached":16,"language":"ENG","playtime":3670,"items_purged":["Strike_B"],"score":160,"play_id":"84eded3d-2dd7-415b-917d-0707af03b8dd","local_time":"20210224225906","is_ascension_mode":true,"campfire_choices":[{"floor":6,"key":"REST"},{"floor":10,"key":"REST"},{"floor":13,"key":"REST"},{"floor":15,"key":"REST"}],"circlet_count":0,"master_deck":["Strike_B","Strike_B","Strike_B","Defend_B","Defend_B","Defend_B","Defend_B","Zap","Dualcast","Sweeping Beam","Loop","Beam Cell","Hyperbeam","Turbo","Sweeping Beam","Conserve Battery+1","Creative AI"],"relics":["SacredBark","Bronze Scales","Toxic Egg 2","Ornamental Fan"],"acts_visited":["Exordium"],"potions_floor_usage":[14],"damage_taken":[{"damage":9,"enemies":"Small Slimes","floor":1,"turns":3},{"damage":14,"enemies":"Jaw Worm","floor":2,"turns":3},{"damage":5,"enemies":"2 Louse","floor":4,"turns":3},{"damage":23,"enemies":"Gremlin Nob","floor":8,"turns":4},{"damage":16,"enemies":"2 Fungi Beasts","floor":11,"turns":3},{"damage":16,"enemies":"Blue Slaver","floor":12,"turns":3},{"damage":36,"enemies":"Lagavulin","floor":14,"turns":6},{"damage":34,"enemies":"The Guardian","floor":16,"turns":4}],"seed_played":"6471334137062288853","potions_obtained":[{"floor":11,"key":"LiquidMemories"},{"floor":14,"key":"Explosive Potion"}],"is_trial":false,"path_per_floor":["M","M","$","M","?","R","?","E","T","R","M","M","R","E","R","B"],"character_chosen":"DEFECT","items_purchased":["Beam Cell"],"campfire_rested":4,"item_purchase_floors":[3],"current_hp_per_floor":[59,45,45,40,40,62,51,28,28,50,34,18,40,4,26,0,0],"gold":329,"neow_bonus":"BOSS_RELIC","is_daily":false,"chose_seed":false,"campfire_upgraded":0,"win_rate":0.0,"timestamp":1614225546,"path_taken":["M","M","$","M","?","R","?","E","T","R","M","M","R","E","R","BOSS"],"items_purchased_type":["Card"],"build_version":"2020-12-22","purchased_purges":1,"victory":false,"max_hp_per_floor":[75,75,75,75,75,75,75,75,75,75,75,75,75,75,75,75,75],"relic_stats":{"counters":[8,29],"Ornamental Fan":[0],"Bronze Scales":[24],"obtain_stats":[{"Ornamental Fan":14,"SacredBark":0,"Bronze Scales":8,"Toxic Egg 2":9,"Cracked Core":0},{"Ornamental Fan":7,"SacredBark":0,"Bronze Scales":4,"Toxic Egg 2":4,"Cracked Core":0},{"Ornamental Fan":25,"SacredBark":0,"Bronze Scales":13,"Toxic Egg 2":13,"Cracked Core":0}]},"card_choices":[{"not_picked":["Beam Cell","Go for the Eyes"],"picked":"Sweeping Beam","floor":1},{"not_picked":["Hello World","Cold Snap"],"picked":"Loop","floor":2},{"not_picked":["Darkness","Beam Cell"],"picked":"Hyperbeam","floor":4},{"not_picked":["Gash","Heatsinks"],"picked":"Turbo","floor":8},{"not_picked":["Streamline","Compile Driver"],"picked":"Sweeping Beam","floor":11},{"not_picked":["Leap+1","Sweeping Beam"],"picked":"Conserve Battery+1","floor":12},{"not_picked":["Heatsinks","Auto Shields+1"],"picked":"Creative AI","floor":14}],"player_experience":283364,"relics_obtained":[{"floor":8,"key":"Bronze Scales"},{"floor":9,"key":"Toxic Egg 2"},{"floor":14,"key":"Ornamental Fan"}],"event_choices":[{"damage_healed":0,"gold_gain":61,"player_choice":"Gained Gold","damage_taken":0,"max_hp_gain":0,"max_hp_loss":0,"event_name":"Golden Wing","floor":5,"gold_loss":0},{"damage_healed":0,"gold_gain":75,"player_choice":"Gather Gold","damage_taken":11,"max_hp_gain":0,"max_hp_loss":0,"event_name":"World of Goop","floor":7,"gold_loss":0}],"is_beta":false,"boss_relics":[],"items_purged_floors":[3],"is_endless":false,"potions_floor_spawned":[11,14],"killed_by":"The Guardian","ascension_level":9}}