{"host":"d44gy1wvr06n5dy0","time":1614230589,"event":{"mods":["BaseMod","Better Altar","Better Match","Better Note","Better Sensory Stone","Better Skull","Better Third Choice","Downfall","GifTheSpireLib","Minty Spire (QoL Compilation)","Relic Stats","StSLib","The Animator","The Construct","The Disciple","The Servant 0.9.4"],"gold_per_floor":[0,15,27,42,52,85,85,117,129,140,240,275,175,246,266,374,437,437,461,511,525,594,71,71,71,91,76,102,152,52,78,88,183,183,183,199,218,268,20,36,63,113,13,29,29,99,149,166,166,166],"floor_reached":51,"language":"ENG","playtime":4927,"items_purged":[],"score":902,"play_id":"f28c23c6-32f0-48d8-bd36-50ca6a346cad","local_time":"20210224222309","is_ascension_mode":true,"campfire_choices":[{"data":"Slimebound:Darklings","floor":1,"key":"SMITH"},{"floor":13,"key":"REST"},{"floor":18,"key":"RECALL"},{"data":"Slimebound:Split","floor":25,"key":"SMITH"},{"data":"Slimebound:FirmFortitude","floor":30,"key":"SMITH"},{"data":"Slimebound:LevelUp","floor":35,"key":"SMITH"},{"data":"expansioncontent:Chronoboost","floor":45,"key":"SMITH"}],"circlet_count":0,"master_deck":["Slimebound:Tackle","Slimebound:Split+1","Slimebound:CorrosiveSpit","Slimebound:Darklings+1","Slimebound:GoopSpray","Slimebound:GoopTackle","Slimebound:LivingWall","Slimebound:RollThrough","Slimebound:Repurpose","Slimebound:SlimeSpikes","Slimebound:RollThrough","Slimebound:TagTeam","Slimebound:SplitLeeching","Slimebound:SplitLeeching","Slimebound:SplitLeeching","Slimebound:MinionMaster","Slimebound:DouseInSlime","Slimebound:SplitLeeching","Slimebound:RejuvenatingLick","Slimebound:OozeBath","Slimebound:WasteNot","Slimebound:TagTeam","Slimebound:FirmFortitude+1","Slimebound:LivingWall","Slimebound:LeadByExample+1","Slimebound:SplitBruiser","Slimebound:SlimeSpikes+1","Slimebound:LevelUp+1","Slimebound:Schlurp","Slimebound:Nibble","Slimebound:Repurpose","Slimebound:Overexert","Slimebound:Darklings+1","Slimebound:ServeAndProtect+1","Slimebound:LeechLife","Slimebound:RollThrough+1","Slimebound:GoopSpray+1","Slimebound:Nibble+1","Apotheosis+1","expansioncontent:Chronoboost+1","Slimebound:OozeBath+1","Slimebound:Recollect+1","Slimebound:BestDefense+1","Parasite","Slimebound:GoopSpray+1"],"relics":["Slimebound:AbsorbEndCombat","Toy Ornithopter","Boot","Mercury Hourglass","downfall:CloakOfManyFaces","CultistMask","FaceOfCleric","NlothsMask","GremlinMask","SsserpentHead","downfall:HeartBlessingGreen","Pandora\u0027s Box","Nloth\u0027s Gift","Dead Branch","Strawberry","downfall:HeartBlessingRed","Toxic Egg 2","Slimebound:TarBlob","Vajra","Lantern"],"acts_visited":["Exordium","TheCity","TheBeyond"],"potions_floor_usage":[8,11,11,12,16,23,31,31,38,48,49,50,50],"damage_taken":[{"damage":1,"enemies":"2 Louse","floor":2,"turns":3},{"damage":1,"enemies":"Cultist","floor":3,"turns":4},{"damage":2,"enemies":"Jaw Worm","floor":4,"turns":4},{"damage":10,"enemies":"2 Fungi Beasts","floor":5,"turns":4},{"damage":14,"enemies":"Gremlin Nob","floor":6,"turns":4},{"damage":11,"enemies":"3 Sentries","floor":8,"turns":7},{"damage":1,"enemies":"Exordium Wildlife","floor":9,"turns":4},{"damage":2,"enemies":"Gremlin Gang","floor":10,"turns":3},{"damage":22,"enemies":"downfall:FaceTrader","floor":11,"turns":6},{"damage":7,"enemies":"Gremlin Nob","floor":12,"turns":3},{"damage":0,"enemies":"Large Slime","floor":14,"turns":4},{"damage":0,"enemies":"2 Fungi Beasts","floor":15,"turns":2},{"damage":33,"enemies":"IC_STATUS_ARCHETYPE","floor":16,"turns":6},{"damage":5,"enemies":"downfall:LooterAlt2","floor":19,"turns":4},{"damage":0,"enemies":"Chosen","floor":21,"turns":4},{"damage":8,"enemies":"Centurion and Healer","floor":22,"turns":6},{"damage":2,"enemies":"downfall:FleeingMerchant","floor":23,"turns":4},{"damage":0,"enemies":"3 Cultists","floor":26,"turns":4},{"damage":5,"enemies":"downfall:FleeingMerchant","floor":27,"turns":4},{"damage":9,"enemies":"Book of Stabbing","floor":28,"turns":5},{"damage":12,"enemies":"Slavers","floor":31,"turns":4},{"damage":23,"enemies":"Shelled Parasite and Fungi","floor":32,"turns":4},{"damage":2,"enemies":"SI_MIRROR_ARCHETYPE","floor":33,"turns":7},{"damage":0,"enemies":"3 Shapes","floor":36,"turns":3},{"damage":9,"enemies":"Orb Walker","floor":37,"turns":3},{"damage":23,"enemies":"Orb Walker","floor":38,"turns":5},{"damage":0,"enemies":"downfall:FleeingMerchant","floor":39,"turns":4},{"damage":0,"enemies":"Transient","floor":40,"turns":5},{"damage":9,"enemies":"Jaw Worm Horde","floor":44,"turns":3},{"damage":0,"enemies":"Writhing Mass","floor":46,"turns":4},{"damage":8,"enemies":"3 Darklings","floor":48,"turns":3},{"damage":8,"enemies":"Jaw Worm Horde","floor":49,"turns":3},{"damage":0,"enemies":"WA_ARCHETYPE_DIVINITY","floor":50,"turns":10}],"seed_played":"-2776058500518824908","potions_obtained":[{"floor":4,"key":"Swift Potion"},{"floor":5,"key":"Fire Potion"},{"floor":8,"key":"SkillPotion"},{"floor":9,"key":"BlessingOfTheForge"},{"floor":11,"key":"DistilledChaos"},{"floor":12,"key":"GamblersBrew"},{"floor":16,"key":"FearPotion"},{"floor":21,"key":"Guardian:BlockOnCardUsePotion"},{"floor":22,"key":"DistilledChaos"},{"floor":26,"key":"EssenceOfSteel"},{"floor":33,"key":"LiquidMemories"},{"floor":40,"key":"Block Potion"},{"floor":44,"key":"SmokeBomb"},{"floor":48,"key":"SpeedPotion"}],"is_trial":false,"path_per_floor":["R","M","M","M","M","E","T","E","M","M","?","E","R","M","M","B",null,"R","M","?","M","M","$","T","R","M","$","E","?","R","E","M","B",null,"R","M","M","?","$","M","T","?","$","M","R","M","?","M","M","B",null],"character_chosen":"SLIMEBOUND","items_purchased":["Dead Branch","Slimebound:LevelUp","Slimebound:Schlurp","Slimebound:Nibble","Apotheosis+1","expansioncontent:Chronoboost","Vajra","Slimebound:OozeBath+1","Lantern"],"campfire_rested":1,"item_purchase_floors":[23,23,23,23,39,39,39,39,43],"current_hp_per_floor":[65,64,64,65,55,45,45,41,44,46,38,39,58,59,60,35,69,69,69,69,71,68,73,73,73,74,74,78,78,78,74,56,63,86,86,87,81,70,77,86,86,86,86,84,84,93,93,92,90,96],"gold":166,"neow_bonus":"THREE_RARE_CARDS","is_daily":false,"chose_seed":false,"campfire_upgraded":5,"win_rate":0.0,"timestamp":1614230589,"path_taken":["R","M","M","M","M","E","T","E","M","M","?","E","R","?","M","BOSS","R","M","?","M","?","$","T","R","M","$","E","?","R","E","M","BOSS","R","M","M","?","$","M","T","?","?","M","R","?","?","M","M","BOSS"],"items_purchased_type":["Relic","Card","Card","Card","Card","Card","Relic","Card","Relic"],"build_version":"2020-12-22","purchased_purges":0,"victory":true,"max_hp_per_floor":[65,65,65,65,65,65,65,65,65,65,65,66,66,67,68,69,69,69,70,70,71,72,73,73,73,74,75,83,83,83,84,85,86,86,86,87,88,89,90,91,91,91,91,92,92,93,93,94,95,96],"relic_stats":{"SsserpentHead":450,"FaceOfCleric":24,"counters":[33,139],"Dead Branch":[183],"Pandora\u0027s Box":["Slimebound:DouseInSlime","Slimebound:SplitLeeching","Slimebound:RejuvenatingLick","Slimebound:OozeBath","Slimebound:WasteNot","Slimebound:TagTeam","Slimebound:FirmFortitude"],"Nloth\u0027s Gift":3,"Boot":[35],"obtain_stats":[{"Lantern":43,"downfall:HeartBlessingRed":30,"CeramicFish":12,"Dead Branch":23,"Vajra":39,"GremlinMask":11,"downfall:HeartBlessingGreen":13,"Boot":7,"Mercury Hourglass":8,"Slimebound:TarBlob":34,"SsserpentHead":11,"FaceOfCleric":11,"Strawberry":28,"Pandora\u0027s Box":17,"CultistMask":11,"Slimebound:AbsorbEndCombat":0,"downfall:CloakOfManyFaces":11,"Nloth\u0027s Gift":20,"Toxic Egg 2":31,"Toy Ornithopter":6,"NlothsMask":11},{"Lantern":28,"downfall:HeartBlessingRed":20,"CeramicFish":10,"Dead Branch":17,"Vajra":27,"GremlinMask":9,"downfall:HeartBlessingGreen":10,"Boot":5,"Mercury Hourglass":6,"Slimebound:TarBlob":23,"SsserpentHead":9,"FaceOfCleric":9,"Strawberry":20,"Pandora\u0027s Box":13,"CultistMask":9,"Slimebound:AbsorbEndCombat":0,"downfall:CloakOfManyFaces":9,"Nloth\u0027s Gift":14,"Toxic Egg 2":21,"Toy Ornithopter":5,"NlothsMask":9},{"Lantern":116,"downfall:HeartBlessingRed":84,"CeramicFish":41,"Dead Branch":71,"Vajra":111,"GremlinMask":39,"downfall:HeartBlessingGreen":41,"Boot":19,"Mercury Hourglass":26,"Slimebound:TarBlob":98,"SsserpentHead":39,"FaceOfCleric":39,"Strawberry":84,"Pandora\u0027s Box":53,"CultistMask":39,"Slimebound:AbsorbEndCombat":0,"downfall:CloakOfManyFaces":39,"Nloth\u0027s Gift":57,"Toxic Egg 2":88,"Toy Ornithopter":19,"NlothsMask":39}],"Toy Ornithopter":51,"Mercury Hourglass":[390]},"card_choices":[{"not_picked":["Slimebound:WasteNot","Slimebound:PrepareCrush"],"picked":"Slimebound:Darklings","floor":0},{"not_picked":["Slimebound:SamplingLick","Slimebound:SplitAcid"],"picked":"Slimebound:GoopSpray","floor":2},{"not_picked":["Slimebound:LeechingTouch","Slimebound:ComboTackle"],"picked":"Slimebound:GoopTackle","floor":3},{"not_picked":["Slimebound:SplitAcid","Slimebound:Equalize"],"picked":"Slimebound:LivingWall","floor":4},{"not_picked":["Slimebound:SplitBruiser","Slimebound:GoopTackle"],"picked":"Slimebound:RollThrough","floor":5},{"not_picked":["Slimebound:HungryTackle","Slimebound:ProtectTheBoss","Slimebound:Dissolve"],"picked":"SKIP","floor":6},{"not_picked":["Slimebound:FlameTackle","Slimebound:SplitLeeching"],"picked":"Slimebound:Repurpose","floor":8},{"not_picked":["Slimebound:BestDefense","Slimebound:FinishingTackle"],"picked":"Slimebound:SlimeSpikes","floor":9},{"not_picked":["Slimebound:HauntingLick","Slimebound:PressTheAttack"],"picked":"Slimebound:RollThrough","floor":10},{"not_picked":["Slimebound:FlameTackle","Slimebound:SplitSpecialist"],"picked":"Slimebound:TagTeam","floor":11},{"not_picked":["Slimebound:SplitMire","Slimebound:HauntingLick"],"picked":"Slimebound:SplitLeeching","floor":12},{"not_picked":["Slimebound:GoopTackle","Slimebound:HauntingLick"],"picked":"Slimebound:SplitLeeching","floor":14},{"not_picked":["Slimebound:RollThrough","Slimebound:SlimeSpikes"],"picked":"Slimebound:SplitLeeching","floor":15},{"not_picked":["Slimebound:TagTeam","Slimebound:LeechLife"],"picked":"Slimebound:MinionMaster","floor":16},{"not_picked":["Slimebound:FinishingTackle","Slimebound:ComboTackle"],"picked":"Slimebound:LivingWall","floor":19},{"not_picked":["Slimebound:PressTheAttack","Slimebound:ItLooksTasty"],"picked":"Slimebound:LeadByExample+1","floor":21},{"not_picked":["Slimebound:RollThrough","Slimebound:SplitLeeching"],"picked":"Slimebound:SplitBruiser","floor":22},{"not_picked":["Slimebound:ItLooksTasty+1","Slimebound:Schlurp+1"],"picked":"Slimebound:SlimeSpikes+1","floor":23},{"not_picked":["Slimebound:LeechingTouch+1","Slimebound:SlimeBrawl"],"picked":"Slimebound:Repurpose","floor":26},{"not_picked":["Slimebound:Schlurp","Slimebound:ComboTackle"],"picked":"Slimebound:Overexert","floor":27},{"not_picked":["Slimebound:DisruptingSlam","Slimebound:SlimeBarrage","Slimebound:Equalize+1"],"picked":"SKIP","floor":28},{"not_picked":["Slimebound:SlimeSpikes+1","Slimebound:MinionMaster"],"picked":"Slimebound:Darklings+1","floor":31},{"not_picked":["Slimebound:SplitBruiser+1","Slimebound:GoopTackle"],"picked":"Slimebound:ServeAndProtect+1","floor":32},{"not_picked":["Slimebound:DouseInSlime+1","Slimebound:OneTwoCombo"],"picked":"Slimebound:LeechLife","floor":33},{"not_picked":["Slimebound:SlimeBrawl+1","Slimebound:PressTheAttack+1"],"picked":"Slimebound:RollThrough+1","floor":36},{"not_picked":["Slimebound:LeechEnergy+1","Slimebound:Schlurp+1"],"picked":"Slimebound:GoopSpray+1","floor":37},{"not_picked":["Slimebound:TagTeam","Slimebound:Schlurp+1"],"picked":"Slimebound:Nibble+1","floor":39},{"not_picked":["Slimebound:RollThrough","Slimebound:FinishingTackle"],"picked":"Slimebound:Recollect+1","floor":40},{"not_picked":["Slimebound:AcidTongue","Slimebound:GoopTackle"],"picked":"Slimebound:BestDefense+1","floor":44},{"not_picked":["Slimebound:PressTheAttack+1","Slimebound:OneTwoCombo","Slimebound:ComboTackle"],"picked":"SKIP","floor":46},{"not_picked":["Slimebound:RejuvenatingLick+1","Slimebound:ViciousTackle"],"picked":"Slimebound:GoopSpray+1","floor":48}],"player_experience":413463,"relics_obtained":[{"floor":6,"key":"Toy Ornithopter"},{"floor":7,"key":"Boot"},{"floor":8,"key":"Mercury Hourglass"},{"floor":11,"key":"downfall:CloakOfManyFaces"},{"floor":12,"key":"CeramicFish"},{"floor":28,"key":"Strawberry"},{"floor":31,"key":"Toxic Egg 2"}],"event_choices":[{"damage_healed":0,"gold_gain":0,"player_choice":"Ignored","damage_taken":0,"max_hp_gain":0,"max_hp_loss":0,"event_name":"Vampires","floor":29,"gold_loss":0},{"damage_healed":0,"gold_gain":0,"player_choice":"Ignored","damage_taken":0,"max_hp_gain":0,"max_hp_loss":0,"event_name":"Mysterious Sphere","floor":42,"gold_loss":0}],"is_beta":false,"boss_relics":[{"not_picked":["bronze:MakeshiftBattery","Coffee Dripper"],"picked":"Pandora\u0027s Box"},{"not_picked":["Calling Bell","construct:ClawGrip"],"picked":"Slimebound:TarBlob"}],"items_purged_floors":[],"is_endless":false,"potions_floor_spawned":[4,5,8,9,11,12,16,21,22,26,33,40,44,48,49],"ascension_level":1}}