{"host":"kj5ejyofr70ax6r3","time":1614228725,"event":{"mods":["BaseMod","BetterRewards","Colored Map","Downfall","GifTheSpireLib","Minty Spire (QoL Compilation)","Replay The Spire","Shop Mod","StSLib"],"gold_per_floor":[99,115,128,145,145,76,76,76,90,90,107,146,165,165,176,276,376,276,293,293,293,306,29,56,41,52,52,252,252,269,280,290,392,392,392,402,414,414,430,179,179,191,210,222,222,122,140,160,178,178],"floor_reached":51,"language":"ENG","playtime":3048,"items_purged":["downfall:Haunted"],"score":748,"play_id":"80ebcb3f-41ca-4744-aa58-1e007fbc0ff8","local_time":"20210224225205","is_ascension_mode":false,"campfire_choices":[{"floor":1,"key":"RECALL"},{"floor":18,"key":"DIG"},{"floor":29,"key":"REST"},{"data":"bronze:GetLatest","floor":35,"key":"SMITH"},{"data":"expansioncontent:DashGenerateEvil","floor":46,"key":"SMITH"}],"circlet_count":0,"master_deck":["bronze:Defend","bronze:Defend","bronze:Defend","bronze:Defend","bronze:Replicate+1","bronze:Goto","bronze:DelayedGuard","bronze:DelayedSlice","bronze:ChosenStrike","bronze:HardenedForm","bronze:Separator","bronze:GetLatest+1","bronze:Repair","bronze:Backtrace","bronze:GetLatest","bronze:Terminator","bronze:Branch","bronze:HardenedForm+1","bronze:Repulsor+1","bronze:InfiniteBeams+1","bronze:OilSpill","bronze:FollowUp","bronze:FollowUp","bronze:Optimize+1","bronze:ItsAFeature+1","bronze:DarkDash+1","Slimebound:Tackle+1","Slimebound:Tackle+1","Slimebound:Tackle+1","bronze:Repair","bronze:ClassDefault+1","bronze:DarkDash","bronze:BurnOut","bronze:Frontload+1","bronze:ChildClass","bronze:Return+1","bronze:Shell","bronze:HardenedForm+1","expansioncontent:DashGenerateEvil+1","bronze:Constructor+1","bronze:WhirlingStrike+1","bronze:Optimize+1","bronze:Turbo+1","Parasite","bronze:OilSpill+1","bronze:Backtrace+1"],"relics":["bronze:BronzeCore","Ring of Peace","Ring of Hypnosis","Frozen Egg 2","NlothsMask","Vajra","downfall:HeartBlessingRed","Replay:WaspNest","Spirit Poop","MerchantsRug","ChewingGum","bronze:DonusWashers","Onion Ring","bronze:CableSpool","downfall:HeartBlessingBlue"],"acts_visited":["Exordium","TheCity","TheBeyond"],"potions_floor_usage":[16,16,25,33,33,33,42,47,48,50,50],"damage_taken":[{"damage":2,"enemies":"Cultist","floor":2,"turns":5},{"damage":0,"enemies":"Small Slimes","floor":3,"turns":3},{"damage":1,"enemies":"2 Louse","floor":4,"turns":3},{"damage":0,"enemies":"downfall:FleeingMerchant","floor":6,"turns":4},{"damage":2,"enemies":"Gremlin Gang","floor":9,"turns":4},{"damage":1,"enemies":"Large Slime","floor":11,"turns":7},{"damage":0,"enemies":"2 Fungi Beasts","floor":13,"turns":2},{"damage":3,"enemies":"3 Louse","floor":15,"turns":3},{"damage":4,"enemies":"SI_SHIV_ARCHETYPE","floor":16,"turns":5},{"damage":15,"enemies":"3 Byrds","floor":19,"turns":3},{"damage":0,"enemies":"Spheric Guardian","floor":22,"turns":2},{"damage":0,"enemies":"downfall:FleeingMerchant","floor":23,"turns":4},{"damage":24,"enemies":"downfall:FleeingMerchant","floor":25,"turns":4},{"damage":20,"enemies":"Cultist and Chosen","floor":26,"turns":5},{"damage":0,"enemies":"Snecko","floor":30,"turns":4},{"damage":22,"enemies":"Centurion and Healer","floor":31,"turns":3},{"damage":8,"enemies":"Snake Plant","floor":32,"turns":4},{"damage":46,"enemies":"DF_ARCHETYPE_CLAW","floor":33,"turns":6},{"damage":0,"enemies":"3 Darklings","floor":36,"turns":5},{"damage":0,"enemies":"Orb Walker","floor":37,"turns":3},{"damage":7,"enemies":"4 Shapes","floor":39,"turns":6},{"damage":0,"enemies":"downfall:FleeingMerchant","floor":40,"turns":1},{"damage":13,"enemies":"Sphere and 2 Shapes","floor":42,"turns":5},{"damage":0,"enemies":"Jaw Worm Horde","floor":43,"turns":4},{"damage":17,"enemies":"4 Shapes","floor":44,"turns":3},{"damage":11,"enemies":"Maw","floor":47,"turns":8},{"damage":0,"enemies":"Writhing Mass","floor":48,"turns":6},{"damage":31,"enemies":"Sphere and 2 Shapes","floor":49,"turns":4},{"damage":0,"enemies":"WA_ARCHETYPE_DIVINITY","floor":50,"turns":11}],"seed_played":"-8021263039161865645","potions_obtained":[{"floor":3,"key":"ColorlessPotion"},{"floor":11,"key":"Guardian:BlockOnCardUsePotion"},{"floor":12,"key":"LiquidBronze"},{"floor":16,"key":"PowerPotion"},{"floor":22,"key":"Swift Potion"},{"floor":26,"key":"Energy Potion"},{"floor":30,"key":"GamblersBrew"},{"floor":33,"key":"FearPotion"},{"floor":37,"key":"Slimebound:ThreeZeroPotion"},{"floor":39,"key":"Explosive Potion"},{"floor":47,"key":"Swift Potion"},{"floor":49,"key":"Fire Potion"}],"is_trial":false,"path_per_floor":["R","M","M","M","?","$","T","?","M","?","M","?","M","?","M","B",null,"R_BF","M","?","?","M","$","T","$","M","?","?","R","M","M","M","B",null,"R","M","M","?","M","$","T","M","M","M","?","R","M","M","M","B",null],"character_chosen":"THE_AUTOMATON","items_purchased":["bronze:Separator","MerchantsRug","bronze:FollowUp","bronze:Optimize+1","bronze:DonusWashers","Onion Ring","bronze:HardenedForm+1","expansioncontent:DashGenerateEvil"],"campfire_rested":1,"item_purchase_floors":[6,23,23,23,40,40,40,40],"current_hp_per_floor":[70,68,68,67,67,67,67,67,65,65,64,47,54,54,58,61,70,70,62,62,62,69,70,70,53,33,33,33,54,64,59,58,19,70,70,70,70,70,63,63,63,50,60,43,43,53,63,80,53,80],"gold":178,"neow_bonus":"UPGRADE_CARD","is_daily":false,"chose_seed":false,"campfire_upgraded":2,"win_rate":0.0,"timestamp":1614228725,"path_taken":["R","M","M","M","?","$","T","?","M","?","?","?","M","?","M","BOSS","R_BF","M","?","?","?","$","T","$","M","?","?","R","?","M","M","BOSS","R","M","M","?","?","$","T","M","M","M","?","R","M","M","M","BOSS"],"items_purchased_type":["Card","Relic","Card","Card","Relic","Relic","Card","Card"],"build_version":"2020-12-22","purchased_purges":1,"victory":true,"max_hp_per_floor":[70,70,70,70,70,70,70,70,70,70,70,70,70,70,70,70,70,70,70,70,70,70,70,70,70,70,70,70,70,70,70,70,70,70,70,70,70,70,70,70,70,70,70,70,70,80,80,80,80,80],"card_choices":[{"not_picked":["bronze:Overheat","bronze:Turbo"],"picked":"bronze:DelayedGuard","floor":2},{"not_picked":["bronze:DarkDash","bronze:FineTuning"],"picked":"bronze:DelayedSlice","floor":3},{"not_picked":["bronze:NullPointer","bronze:WildBeam"],"picked":"bronze:ChosenStrike","floor":4},{"not_picked":["bronze:NullPointer","bronze:DelayedGuard"],"picked":"bronze:HardenedForm","floor":6},{"not_picked":["bronze:Repulsor+1","bronze:WildBeam"],"picked":"bronze:GetLatest","floor":9},{"not_picked":["bronze:BugBarrage","bronze:Frontload"],"picked":"bronze:Repair","floor":11},{"not_picked":["bronze:OilSpill","bronze:Frontload"],"picked":"bronze:Backtrace","floor":12},{"not_picked":["bronze:Overload","bronze:Separator"],"picked":"bronze:GetLatest","floor":12},{"not_picked":["bronze:Deprecate","bronze:OilSpill"],"picked":"bronze:Terminator","floor":13},{"not_picked":["bronze:BuggyMess","bronze:CloningBeam"],"picked":"bronze:Branch","floor":15},{"not_picked":["bronze:Assembly","bronze:TinkerersToolbox"],"picked":"bronze:HardenedForm+1","floor":16},{"not_picked":["bronze:BitShift+1","bronze:Deprecate+1"],"picked":"bronze:Repulsor+1","floor":19},{"not_picked":["bronze:Deprecate","bronze:Shield"],"picked":"bronze:InfiniteBeams+1","floor":22},{"not_picked":["bronze:CutThrough","bronze:Return"],"picked":"bronze:OilSpill","floor":23},{"not_picked":["bronze:Separator","bronze:WhirlingStrike"],"picked":"bronze:ItsAFeature+1","floor":25},{"not_picked":["bronze:Iterate+1","bronze:FineTuning"],"picked":"bronze:DarkDash+1","floor":26},{"not_picked":["bronze:Verify+1","bronze:DelayedSlice"],"picked":"bronze:Repair","floor":30},{"not_picked":["bronze:ChosenStrike","bronze:Turbo"],"picked":"bronze:ClassDefault+1","floor":31},{"not_picked":["bronze:Frontload","bronze:Branch"],"picked":"bronze:DarkDash","floor":32},{"not_picked":["bronze:CleanCode+1","bronze:FindAndReplace"],"picked":"bronze:BurnOut","floor":33},{"not_picked":["bronze:DelayedSlice+1","bronze:Deprecate+1"],"picked":"bronze:Frontload+1","floor":36},{"not_picked":["bronze:Flail","bronze:Boost"],"picked":"bronze:ChildClass","floor":37},{"not_picked":["bronze:Deprecate+1","bronze:DelayedSlice"],"picked":"bronze:Return+1","floor":39},{"not_picked":["bronze:Deprecate+1","bronze:Format"],"picked":"bronze:Shell","floor":40},{"not_picked":["bronze:BitShift+1","bronze:BugBarrage+1"],"picked":"bronze:Constructor+1","floor":42},{"not_picked":["bronze:Branch","bronze:Shield+1"],"picked":"bronze:WhirlingStrike+1","floor":43},{"not_picked":["bronze:WhirlingStrike+1","bronze:OilSpill"],"picked":"bronze:Optimize+1","floor":44},{"not_picked":["bronze:WhirlingStrike+1","bronze:Refactor"],"picked":"bronze:Turbo+1","floor":47},{"not_picked":["bronze:Constructor","bronze:Virus"],"picked":"bronze:OilSpill+1","floor":48},{"not_picked":["bronze:Frontload","bronze:DelayedGuard"],"picked":"bronze:Backtrace+1","floor":49}],"player_experience":224747,"relics_obtained":[{"floor":5,"key":"Ring of Peace"},{"floor":5,"key":"Ring of Hypnosis"},{"floor":7,"key":"Frozen Egg 2"},{"floor":12,"key":"Vajra"},{"floor":18,"key":"Replay:WaspNest"},{"floor":45,"key":"bronze:CableSpool"}],"event_choices":[{"damage_healed":0,"gold_gain":0,"player_choice":"Trade","damage_taken":0,"relics_obtained":["NlothsMask"],"max_hp_gain":0,"max_hp_loss":0,"event_name":"FaceTrader","floor":10,"gold_loss":0},{"damage_healed":0,"gold_gain":0,"player_choice":"Ignored","damage_taken":0,"max_hp_gain":0,"max_hp_loss":0,"event_name":"Ghosts","floor":20,"gold_loss":0},{"cards_removed":["Doubt"],"damage_healed":0,"gold_gain":0,"player_choice":"Offered Curse","damage_taken":0,"relics_obtained":["Spirit Poop"],"max_hp_gain":0,"max_hp_loss":0,"event_name":"Bonfire Elementals","floor":21,"gold_loss":0}],"is_beta":false,"boss_relics":[{"not_picked":["Velvet Choker","bronze:PlatinumCore"],"picked":"Replay:Wanted Poster"},{"not_picked":["bronze:MakeshiftBattery","Pandora\u0027s Box"],"picked":"ChewingGum"}],"items_purged_floors":[40],"is_endless":false,"potions_floor_spawned":[3,11,15,16,22,26,30,33,37,39,47,49],"ascension_level":0}}