{"host":"2162l6swvnky91ct","time":1614289317,"event":{"mods":["AchievementEnabler","BaseMod","Downfall","Hermit","Marisa????????","Minty Spire (QoL Compilation)","Replay The Spire","StSLib","The Cursed","The Servant 0.9.4"],"gold_per_floor":[99,116,132,132,148,167,167,181,215,235,73,85,85,119,139,237,237,265,284,295,311,326,356,356,356,356,356],"floor_reached":25,"language":"ENG","playtime":2752,"items_purged":[],"score":239,"play_id":"d76aa5a7-aee2-497a-a89d-22bd964db450","local_time":"20210225224157","is_ascension_mode":false,"campfire_choices":[{"floor":1,"key":"DIG"},{"floor":13,"key":"REST"}],"circlet_count":0,"master_deck":["champ:Strike","champ:Strike","champ:Strike","champ:Strike","champ:Defend","champ:Defend","champ:Defend","champ:Defend","champ:Execute+1","champ:Taunt","champ:EnGarde","champ:ShieldWall","Pain","champ:FocusedDefense","champ:Devastate","champ:DeathBlow+1","champ:ShieldWall","champ:HeartStrike","champ:EndlessRage","champ:GladiatorStyle","champ:ShieldThrow","champ:GladiatorForm","champ:CrookedStrike","champ:ArenaPreparation+1","champ:GladiatorStyle"],"relics":["champ:ChampionCrown","Torii","WarpedTongs","Incense Burner","Whetstone","Blue Doll","Pantograph","Ring of Chaos","Red Mask","TungstenRod","Pet Ghost"],"acts_visited":["Exordium","TheCity"],"potions_floor_usage":[10,10,12,14,19,22,23],"damage_taken":[{"damage":21,"enemies":"Jaw Worm","floor":2,"turns":4},{"damage":20,"enemies":"Cultist","floor":3,"turns":5},{"damage":13,"enemies":"Small Slimes","floor":5,"turns":3},{"damage":28,"enemies":"2 Fungi Beasts","floor":6,"turns":6},{"damage":19,"enemies":"3 Louse","floor":8,"turns":3},{"damage":74,"enemies":"Gremlin Nob","floor":9,"turns":6},{"damage":15,"enemies":"Gremlin Gang","floor":10,"turns":1},{"damage":16,"enemies":"downfall:FleeingMerchant","floor":11,"turns":4},{"damage":19,"enemies":"Exordium Thugs","floor":12,"turns":3},{"damage":26,"enemies":"Lagavulin","floor":14,"turns":8},{"damage":15,"enemies":"Large Slime","floor":15,"turns":6},{"damage":30,"enemies":"IC_STATUS_ARCHETYPE","floor":16,"turns":8},{"damage":49,"enemies":"Masked Bandits","floor":18,"turns":6},{"damage":14,"enemies":"Shell Parasite","floor":19,"turns":7},{"damage":11,"enemies":"Chosen","floor":20,"turns":4},{"damage":26,"enemies":"Shelled Parasite and Fungi","floor":21,"turns":6},{"damage":9,"enemies":"Snake Plant","floor":22,"turns":6},{"damage":28,"enemies":"Book of Stabbing","floor":23,"turns":9},{"damage":39,"enemies":"3 Cultists","floor":25,"turns":6}],"seed_played":"-2927578334449028751","potions_obtained":[{"floor":3,"key":"LiquidBronze"},{"floor":8,"key":"Explosive Potion"},{"floor":9,"key":"sneckomod:MuddlingPotion"},{"floor":10,"key":"Fruit Juice"},{"floor":12,"key":"champ:UltimateStancePotion"},{"floor":19,"key":"SpeedPotion"},{"floor":20,"key":"Dexterity Potion"}],"is_trial":false,"path_per_floor":["R","M","M","?","M","M","T","M","E","M","$","M","R","E","M","B",null,"R","M","M","M","M","E","T","M"],"character_chosen":"THE_CHAMP","items_purchased":["Blue Doll"],"campfire_rested":1,"item_purchase_floors":[11],"current_hp_per_floor":[99,98,98,98,95,87,87,78,24,29,38,34,65,54,49,54,104,55,46,50,39,35,22,22,0,0,0],"gold":356,"neow_bonus":"TEN_PERCENT_HP_BONUS","is_daily":false,"chose_seed":false,"campfire_upgraded":0,"win_rate":0.0,"timestamp":1614289317,"path_taken":["R","M","M","?","M","M","T","?","E","M","$","M","R","E","M","BOSS","R","M","M","M","M","E","T","M"],"items_purchased_type":["Relic"],"build_version":"2020-12-22","purchased_purges":0,"victory":false,"max_hp_per_floor":[99,99,99,99,99,99,99,99,99,104,104,104,104,104,104,104,104,104,104,104,104,104,104,104,104,104,104],"card_choices":[{"not_picked":["champ:PreciseThrust","champ:Backstep"],"picked":"champ:EnGarde","floor":2},{"not_picked":["champ:StanceDance","champ:IronFortress"],"picked":"champ:ShieldWall","floor":3},{"not_picked":["champ:Parry","champ:SkillfulDodge"],"picked":"champ:FocusedDefense","floor":5},{"not_picked":["champ:FlashCut","champ:Duel"],"picked":"champ:Devastate","floor":6},{"not_picked":["champ:Lariat","champ:FanOfKnives"],"picked":"champ:DeathBlow","floor":8},{"not_picked":["champ:PerfectedStrike","champ:AdrenalArmor"],"picked":"champ:ShieldWall","floor":9},{"not_picked":["champ:CrownThrow","champ:FlashCut"],"picked":"champ:HeartStrike","floor":10},{"not_picked":["champ:PreciseThrust","champ:RisingSlash"],"picked":"champ:EndlessRage","floor":11},{"not_picked":["champ:FocusedDefense","champ:SkillfulDodge"],"picked":"champ:GladiatorStyle","floor":12},{"not_picked":["champ:StanceDance","champ:CrownThrow"],"picked":"champ:ShieldThrow","floor":14},{"not_picked":["champ:RecklessLeap","champ:AdrenalArmor","champ:Shatter"],"picked":"SKIP","floor":15},{"not_picked":["champ:LastStand","champ:Improvising"],"picked":"champ:GladiatorForm","floor":16},{"not_picked":["champ:AdrenalArmor","champ:FanOfKnives","champ:FocusedBerserking"],"picked":"SKIP","floor":19},{"not_picked":["champ:FaceSlap+1","champ:AdrenalArmor+1"],"picked":"champ:CrookedStrike","floor":20},{"not_picked":["champ:CrownThrow","champ:EndlessRage"],"picked":"champ:ArenaPreparation+1","floor":21},{"not_picked":["champ:FocusedBerserking","champ:FlashCut+1","champ:PreciseThrust"],"picked":"SKIP","floor":22},{"not_picked":["champ:DefensiveShout","champ:BringItOn"],"picked":"champ:GladiatorStyle","floor":23}],"player_experience":148803,"relics_obtained":[{"floor":1,"key":"Torii"},{"floor":7,"key":"Incense Burner"},{"floor":9,"key":"Whetstone"},{"floor":14,"key":"Pantograph"},{"floor":18,"key":"Red Mask"},{"floor":23,"key":"TungstenRod"},{"floor":24,"key":"Pet Ghost"}],"event_choices":[{"damage_healed":0,"gold_gain":0,"player_choice":"Rummage","damage_taken":0,"relics_obtained":["WarpedTongs"],"max_hp_gain":0,"max_hp_loss":0,"event_name":"Accursed Blacksmith","floor":4,"gold_loss":0,"cards_obtained":["Pain"]},{"damage_healed":0,"gold_gain":0,"player_choice":"Fought Bandits","damage_taken":0,"max_hp_gain":0,"max_hp_loss":0,"event_name":"Masked Bandits","floor":18,"gold_loss":0}],"is_beta":false,"boss_relics":[{"not_picked":["Busted Crown","Snecko Eye"],"picked":"Ring of Chaos"}],"items_purged_floors":[],"is_endless":false,"potions_floor_spawned":[3,8,9,10,12,19,20],"killed_by":"3 Cultists","ascension_level":0}}