{"host":"z8uivwf40jrpk7h3","time":1614272617,"event":{"mods":["BaseMod","Lobotomy","Minty Spire (QoL Compilation)","Replay The Spire","StSLib"],"gold_per_floor":[118,133,58,78,153,173,73,73,73,73,92,92,92,123,123,218,218,238,25,32,32,32],"floor_reached":21,"language":"ZHS","playtime":750,"items_purged":["Defend_P","Defend_P","Replay:Hysterical Blindness"],"score":188,"play_id":"0369bcac-6c79-4ab4-8cd1-d1a4a051db09","local_time":"20210226010337","is_ascension_mode":true,"campfire_choices":[{"data":"Eruption","floor":10,"key":"SMITH"},{"data":"Halt","floor":13,"key":"SMITH"},{"data":"Vigilance","floor":15,"key":"SMITH"}],"circlet_count":0,"master_deck":["Strike_P","Eruption+1","Vigilance+1","OldLady","Alriune","Halt+1","Wellcheers","UniverseFragment","Brilliance","Sickly","Pray"],"relics":["PureWater","CogitoBucket","Matryoshka","Divine Protection","Kintsugi","SkinProphecy","Membership Card"],"acts_visited":["Exordium","TheCity"],"potions_floor_usage":[18,18],"damage_taken":[{"damage":0,"enemies":"Small Slimes","floor":1,"turns":2},{"damage":0,"enemies":"Jaw Worm","floor":2,"turns":3},{"damage":0,"enemies":"Cultist","floor":4,"turns":3},{"damage":0,"enemies":"Large Slime","floor":6,"turns":3},{"damage":2,"enemies":"Gremlin Gang","floor":11,"turns":3},{"damage":19,"enemies":"3 Sentries","floor":14,"turns":5},{"damage":34,"enemies":"Fading Forest","floor":16,"turns":11},{"damage":47,"enemies":"Chosen","floor":18,"turns":7},{"damage":11,"enemies":"2 Thieves","floor":20,"turns":5},{"damage":26,"enemies":"Sentry and Sphere","floor":21,"turns":3}],"seed_played":"-763465920772316524","potions_obtained":[{"floor":2,"key":"Explosive Potion"},{"floor":4,"key":"Explosive Potion"},{"floor":14,"key":"Block Potion"},{"floor":20,"key":"Doom Potion"}],"is_trial":false,"path_per_floor":["M","M","$","M","?","M","$","?","T","R","M","$","R","E","R","B",null,"M","$","M","M"],"character_chosen":"WATCHER","items_purchased":["Membership Card"],"campfire_rested":0,"item_purchase_floors":[19],"current_hp_per_floor":[72,72,72,72,61,61,61,66,66,66,64,64,64,51,51,47,77,33,33,21,0,0],"gold":32,"neow_bonus":"","is_daily":false,"chose_seed":false,"campfire_upgraded":3,"win_rate":0.0,"timestamp":1614272617,"path_taken":["M","M","$","M","?","M","$","?","T","R","M","?","R","E","R","BOSS","M","$","M","M"],"items_purchased_type":["Relic"],"build_version":"2020-12-22","purchased_purges":3,"victory":false,"max_hp_per_floor":[72,72,72,72,72,72,72,77,77,77,77,77,77,77,77,77,77,77,77,79,81,81],"card_choices":[{"not_picked":["ClearTheMind","ThirdEye","SashWhip"],"picked":"SKIP","floor":1},{"not_picked":["VoidDream","Scarecrow"],"picked":"OldLady","floor":2},{"not_picked":["Replay:BluntJabs","Replay:AllIn","FlyingSleeves"],"picked":"SKIP","floor":2},{"not_picked":["SpiderBud","CrumblingArmor"],"picked":"Alriune","floor":4},{"not_picked":["Protect","Consecrate"],"picked":"Halt","floor":4},{"not_picked":["SandsOfTime","Replay:BluntJabs","MentalFortress"],"picked":"SKIP","floor":6},{"not_picked":["MeatLantern","Freischutz"],"picked":"Wellcheers","floor":11},{"not_picked":["JustLucky","Crescendo","WindmillStrike"],"picked":"SKIP","floor":11},{"not_picked":["Scarecrow","CrumblingArmor"],"picked":"UniverseFragment","floor":14},{"not_picked":["CutThroughFate","EmptyFist","Nirvana"],"picked":"SKIP","floor":14},{"not_picked":["Replay:LoomingThreat","Devotion"],"picked":"Brilliance","floor":16},{"not_picked":["Replay:AtTheReady","ThirdEye"],"picked":"Pray","floor":18},{"not_picked":["Replay:DivineShield+1","SandsOfTime","Replay:Hum"],"picked":"SKIP","floor":20}],"player_experience":107863,"relics_obtained":[{"floor":9,"key":"Matryoshka"},{"floor":14,"key":"Divine Protection"}],"event_choices":[{"damage_healed":0,"gold_gain":75,"player_choice":"Gather Gold","damage_taken":11,"max_hp_gain":0,"max_hp_loss":0,"event_name":"World of Goop","floor":5,"gold_loss":0},{"damage_healed":0,"gold_gain":0,"player_choice":"Donut","damage_taken":0,"max_hp_gain":5,"max_hp_loss":0,"event_name":"Big Fish","floor":8,"gold_loss":0}],"is_beta":false,"boss_relics":[{"not_picked":["HolyWater","ChewingGum"],"picked":"Kintsugi"}],"items_purged_floors":[3,7,19],"is_endless":false,"potions_floor_spawned":[2,4,14,20],"killed_by":"Sentry and Sphere","ascension_level":1}}