{"host":"oigynbtg272c19pw","time":1614276710,"event":{"mods":["BaseMod","Colored Map","Minty Spire (QoL Compilation)","Relic Stats","Slay the Relics Exporter","StSLib"],"gold_per_floor":[110,110,35,35,50,50,79,90,90,123,139,159,159,159,159,230,230,246,256,270,290,290,290,290,290],"floor_reached":24,"playtime":872,"items_purged":["Strike_R"],"score":466,"play_id":"d682dcf9-b14e-4af7-92ba-40546d120ee9","local_time":"20210225191150","is_ascension_mode":true,"campfire_choices":[{"data":"Cleave","floor":6.0,"key":"SMITH"},{"data":"Bludgeon","floor":13.0,"key":"SMITH"},{"data":"Power Through","floor":15.0,"key":"SMITH"},{"data":"Corruption","floor":23,"key":"SMITH"}],"circlet_count":0,"master_deck":["AscendersBane","Strike_R","Strike_R","Strike_R","Defend_R","Defend_R","Defend_R+1","Defend_R","Bash+1","Spot Weakness","Cleave+1","Carnage","Bludgeon+1","Battle Trance","Shrug It Off","Power Through+1","Corruption+1","Armaments","True Grit","Offering"],"relics":["Burning Blood","NeowsBlessing","StoneCalendar","Bird Faced Urn","Runic Pyramid"],"acts_visited":["Exordium","TheCity"],"potions_floor_usage":[16,24,24],"damage_taken":[{"damage":0.0,"enemies":"Jaw Worm","floor":1.0,"turns":1.0},{"damage":0.0,"enemies":"2 Louse","floor":5.0,"turns":1.0},{"damage":0.0,"enemies":"3 Sentries","floor":7.0,"turns":2.0},{"damage":0.0,"enemies":"Small Slimes","floor":8.0,"turns":2.0},{"damage":24.0,"enemies":"Gremlin Nob","floor":10.0,"turns":4.0},{"damage":20.0,"enemies":"Gremlin Gang","floor":11.0,"turns":4.0},{"damage":13.0,"enemies":"Large Slime","floor":12.0,"turns":4.0},{"damage":27,"enemies":"Slime Boss","floor":16,"turns":7},{"damage":2,"enemies":"Spheric Guardian","floor":18,"turns":4},{"damage":0,"enemies":"Chosen","floor":19,"turns":4},{"damage":21,"enemies":"Shelled Parasite and Fungi","floor":20,"turns":6},{"damage":12,"enemies":"Centurion and Healer","floor":21,"turns":6},{"damage":67,"enemies":"Slavers","floor":24,"turns":5}],"seed_played":"-837489357600621314","potions_obtained":[{"floor":7.0,"key":"Ancient Potion"},{"floor":8.0,"key":"ElixirPotion"},{"floor":11.0,"key":"SteroidPotion"},{"floor":21,"key":"Explosive Potion"}],"is_trial":false,"path_per_floor":["M","?","$","?","M","R","E","M","T","E","M","M","R","?","R","B",null,"M","M","M","M","?","R","E"],"character_chosen":"IRONCLAD","items_purchased":[],"campfire_rested":0,"item_purchase_floors":[],"current_hp_per_floor":[74,74,74,51,57,57,63,69,69,51,37,30,30,30,30,9,59,65,73,60,56,56,56,0,0],"gold":290,"neow_bonus":"THREE_ENEMY_KILL","is_daily":false,"chose_seed":false,"campfire_upgraded":4,"win_rate":0.0,"timestamp":1614276710,"path_taken":["M","?","$","?","M","R","E","M","T","E","M","M","R","?","R","BOSS","M","M","?","M","?","R","E"],"items_purchased_type":[],"build_version":"2020-12-13","purchased_purges":1,"victory":false,"max_hp_per_floor":[75,75,75,75,75,75,75,75,75,75,75,75,75,75,75,75,75,75,75,75,75,75,75,75,75],"relic_stats":{"counters":[13,50],"Bird Faced Urn":[10],"StoneCalendar":[71],"obtain_stats":[{"NeowsBlessing":0,"Bird Faced Urn":10,"StoneCalendar":7,"Burning Blood":0,"Runic Pyramid":17},{"NeowsBlessing":0,"Bird Faced Urn":5,"StoneCalendar":3,"Burning Blood":0,"Runic Pyramid":8},{"NeowsBlessing":0,"Bird Faced Urn":10,"StoneCalendar":4,"Burning Blood":0,"Runic Pyramid":25}],"Burning Blood":72},"card_choices":[{"not_picked":["Perfected Strike","Flex"],"picked":"Spot Weakness","floor":1.0},{"not_picked":["Clothesline","Armaments"],"picked":"Cleave","floor":5.0},{"not_picked":["Battle Trance","Infernal Blade"],"picked":"Carnage","floor":7.0},{"not_picked":["Clothesline","Thunderclap"],"picked":"Bludgeon","floor":8.0},{"not_picked":["Body Slam","Searing Blow"],"picked":"Battle Trance","floor":10.0},{"not_picked":["Wild Strike","Twin Strike"],"picked":"Shrug It Off","floor":11.0},{"not_picked":["Metallicize","Carnage"],"picked":"Power Through","floor":12.0},{"not_picked":["Fiend Fire","Feed"],"picked":"Corruption","floor":16},{"not_picked":["Headbutt","True Grit"],"picked":"Armaments","floor":18},{"not_picked":["Spot Weakness","Warcry","Havoc"],"picked":"SKIP","floor":19},{"not_picked":["Heavy Blade","Sentinel"],"picked":"True Grit","floor":20},{"not_picked":["Searing Blow","Wild Strike"],"picked":"Offering","floor":21}],"player_experience":1660051,"relics_obtained":[{"floor":7.0,"key":"StoneCalendar"},{"floor":10.0,"key":"Bird Faced Urn"}],"event_choices":[{"damage_healed":0.0,"max_hp_gain":0.0,"max_hp_loss":0.0,"gold_gain":0.0,"event_name":"Liars Game","player_choice":"Ignored","floor":2.0,"gold_loss":0.0,"damage_taken":0.0},{"damage_healed":0.0,"max_hp_gain":0.0,"max_hp_loss":0.0,"gold_gain":0.0,"event_name":"Shining Light","player_choice":"Entered Light","floor":4.0,"gold_loss":0.0,"damage_taken":23.0,"cards_upgraded":["Bash","Defend_R"]},{"cards_removed":["Strike_R"],"damage_healed":0.0,"max_hp_gain":0.0,"max_hp_loss":0.0,"gold_gain":0.0,"event_name":"Wheel of Change","player_choice":"Card Removal","floor":14.0,"gold_loss":0.0,"damage_taken":0.0},{"damage_healed":0,"gold_gain":0,"player_choice":"Ignored","damage_taken":0,"max_hp_gain":0,"max_hp_loss":0,"event_name":"Vampires","floor":22,"gold_loss":0}],"is_beta":false,"boss_relics":[{"not_picked":["Calling Bell","Cursed Key"],"picked":"Runic Pyramid"}],"items_purged_floors":[3],"is_endless":false,"potions_floor_spawned":[7,8,11,21],"killed_by":"Slavers","ascension_level":20}}