{"host":"5n1fl7z5i1vf7jan","time":1614222525,"event":{"mods":["BaseMod","Minty Spire (QoL Compilation)","Quick Restart","Relic Stats"],"gold_per_floor":[112,23,23,37,49,61,61,111,111,137,149,175,140,154,154,233,233,253,268,183,108,120,120,147,347,347,367,400,400,417,44,44,120,120,132,0,10,10,10,10,44,69,142,142,142,159,72,83,83,83,83],"floor_reached":50,"language":"ENG","playtime":2062,"items_purged":[],"score":1165,"play_id":"5da7cff7-76ae-419d-a1a4-212af93af8d9","local_time":"20210224190845","is_ascension_mode":true,"campfire_choices":[{"data":"Buffer","floor":7.0,"key":"SMITH"},{"data":"Coolheaded","floor":15.0,"key":"SMITH"},{"data":"Chill","floor":23.0,"key":"SMITH"},{"floor":29.0,"key":"REST"},{"floor":32.0,"key":"REST"},{"data":"Biased Cognition","floor":40.0,"key":"SMITH"},{"floor":44.0,"key":"REST"},{"floor":49,"key":"RECALL"}],"circlet_count":0,"master_deck":["AscendersBane","Strike_B","Strike_B","Defend_B","Defend_B","Defend_B","Zap","Dualcast","Beam Cell","Streamline","Chill+1","Buffer+1","Ball Lightning","Coolheaded+1","Biased Cognition+1","Glacier","Barrage","Electrodynamics","Loop","Hologram","Go for the Eyes+1","Cold Snap","Parasite"],"relics":["Busted Crown","Shuriken","StrikeDummy","Lizard Tail","Inserter","Akabeko","Art of War","Sundial","Orichalcum","Incense Burner","Black Star","Red Mask","Vajra","Eternal Feather","CaptainsWheel"],"acts_visited":["TheCity","TheBeyond"],"potions_floor_usage":[50,50],"damage_taken":[{"damage":12.0,"enemies":"Jaw Worm","floor":1.0,"turns":4.0},{"damage":4.0,"enemies":"Cultist","floor":4.0,"turns":4.0},{"damage":2.0,"enemies":"2 Louse","floor":5.0,"turns":3.0},{"damage":4.0,"enemies":"Lots of Slimes","floor":6.0,"turns":5.0},{"damage":11.0,"enemies":"Gremlin Nob","floor":10.0,"turns":4.0},{"damage":8.0,"enemies":"Blue Slaver","floor":11.0,"turns":3.0},{"damage":0.0,"enemies":"Lagavulin","floor":12.0,"turns":7.0},{"damage":0.0,"enemies":"2 Fungi Beasts","floor":14.0,"turns":3.0},{"damage":28.0,"enemies":"Hexaghost","floor":16.0,"turns":9.0},{"damage":0.0,"enemies":"Shell Parasite","floor":18.0,"turns":6.0},{"damage":0.0,"enemies":"Spheric Guardian","floor":19.0,"turns":4.0},{"damage":0.0,"enemies":"Centurion and Healer","floor":22.0,"turns":7.0},{"damage":12.0,"enemies":"Gremlin Leader","floor":24.0,"turns":8.0},{"damage":20.0,"enemies":"Shelled Parasite and Fungi","floor":27.0,"turns":5.0},{"damage":17.0,"enemies":"Slavers","floor":28.0,"turns":5.0},{"damage":0.0,"enemies":"Chosen and Byrds","floor":30.0,"turns":5.0},{"damage":62.0,"enemies":"Champ","floor":33.0,"turns":14.0},{"damage":5.0,"enemies":"3 Shapes","floor":35.0,"turns":6.0},{"damage":0.0,"enemies":"Orb Walker","floor":37.0,"turns":4.0},{"damage":55.0,"enemies":"Giant Head","floor":41.0,"turns":11.0},{"damage":0.0,"enemies":"Mind Bloom Boss Battle","floor":42.0,"turns":6.0},{"damage":22.0,"enemies":"Maw","floor":46.0,"turns":8.0},{"damage":7,"enemies":"Writhing Mass","floor":48,"turns":7},{"damage":52,"enemies":"Donu and Deca","floor":50,"turns":11}],"seed_played":"4988899817101352254","potions_obtained":[{"floor":5.0,"key":"FearPotion"},{"floor":11.0,"key":"SmokeBomb"},{"floor":12.0,"key":"Regen Potion"},{"floor":14.0,"key":"SkillPotion"},{"floor":19.0,"key":"PotionOfCapacity"},{"floor":30.0,"key":"EssenceOfDarkness"},{"floor":35.0,"key":"Energy Potion"},{"floor":41.0,"key":"BlessingOfTheForge"},{"floor":46.0,"key":"BlessingOfTheForge"}],"is_trial":false,"path_per_floor":["M","$","?","M","M","M","R","?","T","E","M","E","?","M","R","B",null,"M","M","?","?","M","R","E","?","T","M","E","R","M","$","R","B",null,"M","?","M","?","?","R","E","?","T","R","$","M","$","M","R","B"],"character_chosen":"DEFECT","items_purchased":["Streamline","Chill","Incense Burner","Hologram","PowerPotion","Cold Snap"],"campfire_rested":3,"item_purchase_floors":[2,2,31,31,47,47],"current_hp_per_floor":[52,52,52,48,46,42,42,42,42,31,23,23,40,40,40,12,56,56,56,56,56,56,56,44,44,44,24,21,42,42,42,63,1,54,49,49,49,49,49,49,35,35,35,68,68,46,46,39,51,0,0],"gold":83,"neow_bonus":"BOSS_RELIC","is_daily":false,"chose_seed":false,"campfire_upgraded":4,"win_rate":0.0,"timestamp":1614222525,"path_taken":["M","$","?","?","M","M","R","?","T","E","?","E","?","M","R","BOSS","M","M","?","?","M","R","E","?","T","M","E","R","?","$","R","BOSS","M","?","M","?","?","R","E","?","T","R","?","M","$","?","R","BOSS"],"items_purchased_type":["Card","Card","Relic","Card","Potion","Card"],"build_version":"2020-12-22","purchased_purges":0,"victory":false,"max_hp_per_floor":[71,71,71,71,71,71,71,71,71,71,71,71,71,71,71,71,71,71,71,71,71,71,71,71,71,71,71,71,71,71,71,71,71,71,71,71,71,71,71,71,71,71,71,71,71,71,71,71,71,71,71],"relic_stats":{"Lizard Tail":35,"Busted Crown":48,"Inserter":[53],"counters":[24,149],"Shuriken":[22],"Sundial":[14],"Eternal Feather":24,"Art of War":[14],"Black Star":1,"Orichalcum":[90],"obtain_stats":[{"Inserter":17,"Vajra":41,"Eternal Feather":41,"Incense Burner":31,"Orichalcum":28,"Akabeko":20,"Lizard Tail":12,"CaptainsWheel":42,"Busted Crown":0,"Shuriken":9,"Sundial":26,"Art of War":24,"Black Star":34,"Red Mask":36,"Cracked Core":0,"StrikeDummy":10},{"Inserter":9,"Vajra":20,"Eternal Feather":20,"Incense Burner":16,"Orichalcum":15,"Akabeko":11,"Lizard Tail":7,"CaptainsWheel":21,"Busted Crown":0,"Shuriken":4,"Sundial":13,"Art of War":13,"Black Star":17,"Red Mask":18,"Cracked Core":0,"StrikeDummy":5},{"Inserter":42,"Vajra":117,"Eternal Feather":117,"Incense Burner":82,"Orichalcum":77,"Akabeko":52,"Lizard Tail":30,"CaptainsWheel":123,"Busted Crown":0,"Shuriken":16,"Sundial":67,"Art of War":67,"Black Star":96,"Red Mask":102,"Cracked Core":0,"StrikeDummy":20}]},"card_choices":[{"not_picked":[],"picked":"Beam Cell","floor":1.0},{"not_picked":["Redo"],"picked":"SKIP","floor":4.0},{"not_picked":["Redo"],"picked":"SKIP","floor":5.0},{"not_picked":["Beam Cell"],"picked":"SKIP","floor":6.0},{"not_picked":["Turbo"],"picked":"SKIP","floor":10.0},{"not_picked":["Beam Cell"],"picked":"SKIP","floor":11.0},{"not_picked":["Beam Cell"],"picked":"SKIP","floor":11.0},{"not_picked":[],"picked":"Ball Lightning","floor":12.0},{"not_picked":[],"picked":"Coolheaded","floor":14.0},{"not_picked":[],"picked":"Biased Cognition","floor":16.0},{"not_picked":[],"picked":"Glacier","floor":18.0},{"not_picked":[],"picked":"Barrage","floor":19.0},{"not_picked":["Blizzard"],"picked":"SKIP","floor":22.0},{"not_picked":[],"picked":"Electrodynamics","floor":24.0},{"not_picked":["Beam Cell+1"],"picked":"SKIP","floor":27.0},{"not_picked":[],"picked":"Loop","floor":28.0},{"not_picked":["Coolheaded"],"picked":"SKIP","floor":30.0},{"not_picked":["Hologram"],"picked":"SKIP","floor":35.0},{"not_picked":[],"picked":"Go for the Eyes+1","floor":37.0},{"not_picked":["Double Energy"],"picked":"SKIP","floor":41.0},{"not_picked":["Streamline"],"picked":"SKIP","floor":46.0},{"not_picked":["Gash+1"],"picked":"SKIP","floor":48}],"player_experience":410652,"relics_obtained":[{"floor":9.0,"key":"Shuriken"},{"floor":10.0,"key":"StrikeDummy"},{"floor":12.0,"key":"Lizard Tail"},{"floor":24.0,"key":"Art of War"},{"floor":26.0,"key":"Sundial"},{"floor":28.0,"key":"Orichalcum"},{"floor":41.0,"key":"Vajra"},{"floor":41.0,"key":"Eternal Feather"},{"floor":42.0,"key":"CaptainsWheel"}],"event_choices":[{"damage_healed":0.0,"max_hp_gain":0.0,"max_hp_loss":0.0,"gold_gain":0.0,"cards_transformed":["Strike_B"],"event_name":"Transmorgrifier","player_choice":"Transformed","floor":3.0,"gold_loss":0.0,"damage_taken":0.0,"cards_obtained":["Buffer"]},{"damage_healed":0.0,"max_hp_gain":0.0,"max_hp_loss":0.0,"gold_gain":50.0,"event_name":"Golden Shrine","player_choice":"Pray","floor":8.0,"gold_loss":0.0,"damage_taken":0.0},{"damage_healed":17.0,"max_hp_gain":0.0,"max_hp_loss":0.0,"gold_gain":0.0,"event_name":"The Cleric","player_choice":"Healed","floor":13.0,"gold_loss":35.0,"damage_taken":0.0},{"damage_healed":0.0,"max_hp_gain":0.0,"max_hp_loss":0.0,"gold_gain":0.0,"event_name":"Addict","player_choice":"Obtained Relic","floor":20.0,"gold_loss":85.0,"damage_taken":0.0,"relics_obtained":["Akabeko"]},{"cards_removed":["Strike_B"],"damage_healed":0.0,"max_hp_gain":0.0,"max_hp_loss":0.0,"gold_gain":0.0,"event_name":"Beggar","player_choice":"Gave Gold","floor":21.0,"gold_loss":75.0,"damage_taken":0.0},{"damage_healed":0.0,"max_hp_gain":0.0,"max_hp_loss":0.0,"gold_gain":250.0,"event_name":"The Joust","player_choice":"Bet on Owner","floor":25.0,"gold_loss":50.0,"damage_taken":0.0},{"damage_healed":0.0,"max_hp_gain":0.0,"max_hp_loss":0.0,"gold_gain":0.0,"event_name":"Tomb of Lord Red Mask","player_choice":"Paid","floor":36.0,"gold_loss":132.0,"damage_taken":0.0,"relics_obtained":["Red Mask"]},{"cards_removed":["Defend_B"],"damage_healed":0.0,"max_hp_gain":0.0,"max_hp_loss":0.0,"gold_gain":0.0,"event_name":"Falling","player_choice":"Removed Skill","floor":38.0,"gold_loss":0.0,"damage_taken":0.0},{"damage_healed":0.0,"max_hp_gain":0.0,"max_hp_loss":0.0,"gold_gain":0.0,"event_name":"SensoryStone","player_choice":"Memory 1","floor":39.0,"gold_loss":0.0,"damage_taken":0.0},{"damage_healed":0.0,"max_hp_gain":0.0,"max_hp_loss":0.0,"gold_gain":0.0,"event_name":"MindBloom","player_choice":"Fight","floor":42.0,"gold_loss":0.0,"damage_taken":0.0}],"is_beta":false,"boss_relics":[{"not_picked":["Coffee Dripper","Philosopher\u0027s Stone"],"picked":"Inserter"},{"not_picked":["SacredBark","Cursed Key"],"picked":"Black Star"}],"items_purged_floors":[],"is_endless":false,"potions_floor_spawned":[5,11,12,14,19,22,30,35,41,46],"killed_by":"Donu and Deca","ascension_level":20}}