{"host":"dtipo12tscmg0mau","time":1614220609,"event":{"mods":["AchievementEnabler","BaseMod","Colored Map","Colored Powertips","Minty Spire (QoL Compilation)","Quick Restart","Random Character Button","StSLib","SuperFastMode"],"gold_per_floor":[109,119,139,139,149,175,175,205,254,354,354,370,387,414,414,510,560,579,91,16,16,33,68,68,93,93,127,138,165,165,180,180,180,180],"floor_reached":33,"language":"ENG","playtime":2325,"items_purged":["Strike_R"],"score":380,"play_id":"d8cb715c-8bf3-40cc-926b-9ae52445d7de","local_time":"20210224213649","is_ascension_mode":true,"campfire_choices":[{"data":"Rage","floor":7,"key":"SMITH"},{"floor":11,"key":"REST"},{"floor":15,"key":"REST"},{"floor":24,"key":"REST"},{"floor":32,"key":"REST"}],"circlet_count":0,"master_deck":["Strike_R+1","Strike_R+1","Strike_R","Strike_R","Defend_R+1","Defend_R+1","Defend_R","Bash","Perfected Strike+1","Rampage+1","Hemokinesis","Rage+1","Anger","Blood for Blood","Shrug It Off","Demon Form","Armaments","Heavy Blade","Reaper","Flame Barrier","Power Through","Seeing Red","Uppercut","Armaments","Pommel Strike","Cleave+1","Thunderclap","Ghostly Armor","Anger","Ghostly Armor","Metallicize+1","Armaments+1"],"relics":["Burning Blood","NeowsBlessing","Turnip","Gremlin Horn","Dream Catcher","Whetstone","Tiny House","Nunchaku","Pen Nib","War Paint","Regal Pillow","Frozen Egg 2","Omamori","Happy Flower"],"acts_visited":["Exordium","TheCity"],"potions_floor_usage":[14,14,23,25,27,27,29,29],"damage_taken":[{"damage":0,"enemies":"Small Slimes","floor":1,"turns":1},{"damage":0,"enemies":"Cultist","floor":2,"turns":1},{"damage":0,"enemies":"Jaw Worm","floor":3,"turns":1},{"damage":23,"enemies":"Red Slaver","floor":5,"turns":4},{"damage":24,"enemies":"Gremlin Nob","floor":6,"turns":4},{"damage":25,"enemies":"3 Sentries","floor":8,"turns":6},{"damage":9,"enemies":"3 Louse","floor":12,"turns":3},{"damage":8,"enemies":"Exordium Thugs","floor":13,"turns":4},{"damage":29,"enemies":"Lagavulin","floor":14,"turns":6},{"damage":24,"enemies":"Slime Boss","floor":16,"turns":6},{"damage":46,"enemies":"3 Byrds","floor":18,"turns":6},{"damage":31,"enemies":"2 Thieves","floor":22,"turns":4},{"damage":41,"enemies":"Gremlin Leader","floor":23,"turns":8},{"damage":32,"enemies":"Slavers","floor":25,"turns":6},{"damage":14,"enemies":"Book of Stabbing","floor":27,"turns":5},{"damage":20,"enemies":"Cultist and Chosen","floor":28,"turns":3},{"damage":16,"enemies":"Gremlin Leader","floor":29,"turns":7},{"damage":22,"enemies":"Centurion and Healer","floor":31,"turns":6},{"damage":74,"enemies":"Collector","floor":33,"turns":10}],"seed_played":"-8130729992637989848","potions_obtained":[{"floor":1,"key":"FearPotion"},{"floor":6,"key":"SkillPotion"},{"floor":12,"key":"ElixirPotion"},{"floor":13,"key":"SteroidPotion"},{"floor":16,"key":"ColorlessPotion"},{"floor":17,"key":"HeartOfIron"},{"floor":23,"key":"LiquidBronze"},{"floor":25,"key":"Swift Potion"},{"floor":27,"key":"Fire Potion"}],"is_trial":false,"path_per_floor":["M","M","M","?","M","E","R","E","T","?","R","M","M","E","R","B",null,"M","$","?","?","M","E","R","E","T","E","M","E","?","M","R","B"],"character_chosen":"IRONCLAD","items_purchased":["Nunchaku","Pen Nib","Seeing Red","Uppercut"],"campfire_rested":4,"item_purchase_floors":[19,19,19,19],"current_hp_per_floor":[80,80,80,80,63,45,45,26,26,26,50,47,45,22,46,28,85,52,52,52,85,68,50,75,53,53,45,31,39,39,23,63,0,0],"gold":180,"neow_bonus":"THREE_ENEMY_KILL","is_daily":false,"chose_seed":false,"campfire_upgraded":1,"win_rate":0.0,"timestamp":1614220609,"path_taken":["M","M","M","?","?","E","R","E","T","?","R","M","M","E","R","BOSS","M","$","?","?","M","E","R","E","T","E","?","E","?","?","R","BOSS"],"items_purchased_type":["Relic","Relic","Card","Card"],"build_version":"2020-12-22","purchased_purges":1,"victory":false,"max_hp_per_floor":[80,80,80,80,80,80,80,80,80,80,80,80,80,80,80,80,85,85,85,85,85,85,85,85,85,85,85,85,85,85,85,85,85,85],"card_choices":[{"not_picked":["Disarm","Sword Boomerang"],"picked":"Perfected Strike","floor":1},{"not_picked":["Bloodletting","Dual Wield"],"picked":"Rampage","floor":2},{"not_picked":["Havoc","True Grit"],"picked":"Hemokinesis","floor":3},{"not_picked":["Wild Strike","Clash"],"picked":"Rage","floor":5},{"not_picked":["Burning Pact","Whirlwind"],"picked":"Anger","floor":6},{"not_picked":["Power Through","Pommel Strike"],"picked":"Blood for Blood","floor":8},{"not_picked":["Combust","Body Slam"],"picked":"Shrug It Off","floor":12},{"not_picked":["Headbutt","Perfected Strike"],"picked":"Demon Form","floor":13},{"not_picked":["Clothesline","Burning Pact"],"picked":"Armaments","floor":14},{"not_picked":["Searing Blow","Sword Boomerang"],"picked":"Heavy Blade","floor":15},{"not_picked":["Corruption","Juggernaut"],"picked":"Reaper","floor":16},{"not_picked":["Anger","Sword Boomerang"],"picked":"Flame Barrier","floor":17},{"not_picked":["Clash","Sever Soul"],"picked":"Power Through","floor":18},{"not_picked":["True Grit","Whirlwind+1"],"picked":"Armaments","floor":22},{"not_picked":["Heavy Blade+1","Body Slam"],"picked":"Pommel Strike","floor":23},{"not_picked":["Anger","Brutality"],"picked":"Cleave+1","floor":24},{"not_picked":["Headbutt","Pummel+1"],"picked":"Thunderclap","floor":25},{"not_picked":["Exhume","Infernal Blade"],"picked":"Ghostly Armor","floor":27},{"not_picked":["Entrench+1","Headbutt","Clothesline"],"picked":"SKIP","floor":28},{"not_picked":["Armaments+1","Clash"],"picked":"Anger","floor":29},{"not_picked":["Twin Strike","True Grit"],"picked":"Metallicize+1","floor":31},{"not_picked":["Rupture+1","Second Wind+1"],"picked":"Armaments+1","floor":32}],"player_experience":173017,"relics_obtained":[{"floor":6,"key":"Turnip"},{"floor":8,"key":"Gremlin Horn"},{"floor":9,"key":"Dream Catcher"},{"floor":14,"key":"Whetstone"},{"floor":23,"key":"War Paint"},{"floor":25,"key":"Regal Pillow"},{"floor":26,"key":"Frozen Egg 2"},{"floor":27,"key":"Omamori"},{"floor":29,"key":"Happy Flower"}],"event_choices":[{"damage_healed":0,"gold_gain":0,"player_choice":"Forge","damage_taken":0,"max_hp_gain":0,"max_hp_loss":0,"event_name":"Accursed Blacksmith","floor":4,"gold_loss":0,"cards_upgraded":["Rampage"]},{"damage_healed":0,"gold_gain":100,"player_choice":"Pray","damage_taken":0,"max_hp_gain":0,"max_hp_loss":0,"event_name":"Golden Shrine","floor":10,"gold_loss":0},{"cards_removed":["Defend_R"],"damage_healed":0,"gold_gain":0,"player_choice":"Gave Gold","damage_taken":0,"max_hp_gain":0,"max_hp_loss":0,"event_name":"Beggar","floor":20,"gold_loss":75},{"damage_healed":33,"gold_gain":0,"player_choice":"Full Heal","damage_taken":0,"max_hp_gain":0,"max_hp_loss":0,"event_name":"Wheel of Change","floor":21,"gold_loss":0},{"damage_healed":0,"gold_gain":0,"player_choice":"Copied","damage_taken":0,"max_hp_gain":0,"max_hp_loss":0,"event_name":"Duplicator","floor":30,"gold_loss":0,"cards_obtained":["Ghostly Armor"]}],"is_beta":false,"boss_relics":[{"not_picked":["Fusion Hammer","SacredBark"],"picked":"Tiny House"}],"items_purged_floors":[19],"is_endless":false,"potions_floor_spawned":[1,6,12,13,16,23,25,27],"killed_by":"Collector","ascension_level":2}}