{"host":"d76q0rb9a0s9bgr5","time":1614263003,"event":{"mods":["BaseMod","Downfall","Hubris","Minty Spire (QoL Compilation)","StSLib"],"gold_per_floor":[116,66,66,81,81,107,107,133,133,146,166,186,214,214,214,312,312,326,326,96,96,36,36],"floor_reached":22,"language":"ENG","playtime":860,"items_purged":["Strike_G"],"score":242,"play_id":"0eb27fbc-20a6-4deb-b8b0-2c6b85d445c7","local_time":"20210225152323","is_ascension_mode":true,"campfire_choices":[{"data":"Noxious Fumes","floor":7,"key":"SMITH"},{"floor":15,"key":"REST"}],"circlet_count":0,"master_deck":["Noxious Fumes+1","Strike_G","Strike_G","Defend_G","Defend_G","Defend_G","Defend_G","Defend_G","Survivor","Neutralize","Noxious Fumes+1","Terror"],"relics":["SacredBark","Eternal Feather","Mercury Hourglass","Blood Vial","Calipers","Sozu","Lantern","Nloth\u0027s Gift"],"acts_visited":["Exordium","TheCity"],"potions_floor_usage":[13,13,16],"damage_taken":[{"damage":2,"enemies":"Small Slimes","floor":1,"turns":5},{"damage":0,"enemies":"Cultist","floor":4,"turns":5},{"damage":9,"enemies":"Lagavulin","floor":6,"turns":8},{"damage":41,"enemies":"Gremlin Nob","floor":8,"turns":6},{"damage":0,"enemies":"Jaw Worm","floor":10,"turns":4},{"damage":6,"enemies":"Red Slaver","floor":11,"turns":4},{"damage":10,"enemies":"Large Slime","floor":12,"turns":5},{"damage":12,"enemies":"3 Sentries","floor":13,"turns":6},{"damage":31,"enemies":"The Guardian","floor":16,"turns":8},{"damage":13,"enemies":"3 Byrds","floor":18,"turns":4},{"damage":18,"enemies":"2 Thieves","floor":22,"turns":2}],"seed_played":"-8610167645485372628","potions_obtained":[{"floor":1,"key":"LiquidMemories"},{"floor":10,"key":"Poison Potion"},{"floor":11,"key":"DistilledChaos"},{"floor":16,"key":"Guardian:BlockOnCardUsePotion"}],"is_trial":false,"path_per_floor":["M","?","?","M","T","E","R","E","T","M","M","M","E","?","R","B",null,"M","?","$","?","M"],"character_chosen":"THE_SILENT","items_purchased":["Lantern"],"campfire_rested":1,"item_purchase_floors":[20],"current_hp_per_floor":[68,68,68,68,68,59,65,24,24,26,22,14,4,4,31,2,70,57,15,15,15,0,0],"gold":36,"neow_bonus":"BOSS_RELIC","is_daily":false,"chose_seed":false,"campfire_upgraded":1,"win_rate":0.0,"timestamp":1614263003,"path_taken":["M","?","?","?","?","E","R","E","T","M","?","M","E","?","R","BOSS","M","?","$","?","M"],"items_purchased_type":["Relic"],"build_version":"2020-12-22","purchased_purges":1,"victory":false,"max_hp_per_floor":[70,70,70,70,70,70,70,70,70,70,70,70,70,70,70,70,70,70,70,70,70,70,70],"card_choices":[{"not_picked":["Well Laid Plans","Bane"],"picked":"Noxious Fumes","floor":1},{"not_picked":["Slice","Dodge and Roll","Calculated Gamble"],"picked":"SKIP","floor":4},{"not_picked":["hubris:Sniper","Prepared","Glass Knife"],"picked":"Terror","floor":6},{"not_picked":["Flying Knee","Well Laid Plans","Distraction","Venomology"],"picked":"SKIP","floor":8},{"not_picked":["Slice","Dodge and Roll","Riddle With Holes","Terror"],"picked":"SKIP","floor":10},{"not_picked":["Sucker Punch","Quick Slash","Well Laid Plans","Flying Knee"],"picked":"SKIP","floor":11},{"not_picked":["Crippling Poison","Sucker Punch","PiercingWail","Slice"],"picked":"SKIP","floor":12},{"not_picked":["Flying Knee","Phantasmal Killer","Deadly Poison","Venomology"],"picked":"SKIP","floor":13},{"not_picked":["PiercingWail","Outmaneuver","Prepared","Dagger Spray"],"picked":"SKIP","floor":18}],"player_experience":172215,"relics_obtained":[{"floor":5,"key":"Question Card"},{"floor":6,"key":"Eternal Feather"},{"floor":8,"key":"Mercury Hourglass"},{"floor":9,"key":"Blood Vial"},{"floor":13,"key":"Calipers"}],"event_choices":[{"cards_removed":["Strike_G"],"damage_healed":0,"gold_gain":0,"player_choice":"Card Removal","damage_taken":0,"max_hp_gain":0,"max_hp_loss":0,"event_name":"The Cleric","floor":2,"gold_loss":50},{"cards_removed":["Strike_G"],"damage_healed":0,"gold_gain":0,"player_choice":"Purged","damage_taken":0,"max_hp_gain":0,"max_hp_loss":0,"event_name":"Purifier","floor":3,"gold_loss":0},{"damage_healed":0,"gold_gain":0,"player_choice":"Ignored","damage_taken":0,"max_hp_gain":0,"max_hp_loss":0,"event_name":"Golden Wing","floor":14,"gold_loss":0},{"damage_healed":0,"gold_gain":0,"player_choice":"Traded Relic","damage_taken":0,"relics_obtained":["Nloth\u0027s Gift"],"max_hp_gain":0,"max_hp_loss":0,"event_name":"N\u0027loth","floor":21,"relics_lost":["Question Card"],"gold_loss":0}],"is_beta":false,"boss_relics":[{"not_picked":["SlaversCollar","Black Star"],"picked":"Sozu"}],"items_purged_floors":[20],"is_endless":false,"potions_floor_spawned":[1,10,11,12,16],"killed_by":"2 Thieves","ascension_level":4}}