{"host":"ovivighfa421z0zp","time":1614226475,"event":{"mods":["BaseMod","Colored Map","DeckTracker","Keyboard Shortcuts","Minty Spire (QoL Compilation)","Permanent Neow","Quick Restart","Replay The Spire","StSLib","SuperFastMode","The Cursed","The Hierophant"],"gold_per_floor":[212,213,233,245,245,245,245],"floor_reached":6,"language":"KOR","playtime":209,"items_purged":[],"score":59,"play_id":"5a2ab4ac-2de7-4b9c-bb6c-50e517027add","local_time":"20210225131435","is_ascension_mode":true,"campfire_choices":[],"circlet_count":0,"master_deck":["AscendersBane","hierophant:Strike_Hierophant","hierophant:Strike_Hierophant","hierophant:Strike_Hierophant","hierophant:Strike_Hierophant","hierophant:Punish","hierophant:Defend_Hierophant","hierophant:Defend_Hierophant","hierophant:Defend_Hierophant","hierophant:Defend_Hierophant","hierophant:ChurchCoffers","hierophant:Encroach","hierophant:ThreeLashes","hierophant:Smite"],"relics":["hierophant:PropheticMaskRelic"],"acts_visited":["Exordium"],"potions_floor_usage":[6],"damage_taken":[{"damage":6,"enemies":"Cultist","floor":1,"turns":4},{"damage":7,"enemies":"Small Slimes","floor":2,"turns":3},{"damage":2,"enemies":"2 Louse","floor":3,"turns":2},{"damage":9,"enemies":"Blue Slaver","floor":4,"turns":6},{"damage":0,"enemies":"Gremlin Nob","floor":6,"turns":2}],"seed_played":"3511298790549128337","potions_obtained":[{"floor":3,"key":"SpeedPotion"},{"floor":4,"key":"Reflective Coating"},{"floor":5,"key":"SkillPotion"},{"floor":5,"key":"ColorlessPotion"}],"is_trial":false,"path_per_floor":["M","M","M","M","?","E"],"character_chosen":"HIEROPHANT","items_purchased":[],"campfire_rested":0,"item_purchase_floors":[],"current_hp_per_floor":[62,55,53,44,44,44,44],"gold":245,"neow_bonus":"HUNDRED_GOLD","is_daily":false,"chose_seed":false,"campfire_upgraded":0,"win_rate":0.0,"timestamp":1614226475,"path_taken":["M","?","M","M","?","E"],"items_purchased_type":[],"build_version":"2020-12-22","purchased_purges":0,"victory":false,"max_hp_per_floor":[75,75,75,75,75,75,75],"card_choices":[{"not_picked":["hierophant:Sermon","hierophant:Prophecy"],"picked":"hierophant:Encroach","floor":1},{"not_picked":["hierophant:Remorse","hierophant:Dazzle","hierophant:Upheaval"],"picked":"SKIP","floor":2},{"not_picked":["hierophant:Rebuild","hierophant:Zeal"],"picked":"hierophant:ThreeLashes","floor":3},{"not_picked":["hierophant:Patience","hierophant:Blessing"],"picked":"hierophant:Smite","floor":4}],"player_experience":865119,"relics_obtained":[],"event_choices":[{"damage_healed":0,"gold_gain":0,"player_choice":"Got Potions","damage_taken":0,"max_hp_gain":0,"max_hp_loss":0,"event_name":"Lab","floor":5,"gold_loss":0}],"is_beta":false,"boss_relics":[],"items_purged_floors":[],"is_endless":false,"potions_floor_spawned":[3,4],"killed_by":"Gremlin Nob","ascension_level":11}}