{"host":"8kd0mw0b4mjhs7vl","time":1614266897,"event":{"mods":["Act Like it!","BaseMod","Bestiary","Colored Map","Friendly Minions","Minty Spire (QoL Compilation)","Morshu Shopkeeper - ENHANCED","StSLib","SuperFastMode"],"gold_per_floor":[17,17,17,29,49,84,103,133,133,133,34,63,77,77,77,151,151,118,118,16,16,42,69,69,69,69,21,21,49,62,78,78,151,151,170,190,412,422,469,497,497,526,526,556,570,604,618,618,618,618],"floor_reached":51,"language":"ENG","playtime":2091,"items_purged":["Strike_G"],"score":1397,"play_id":"27adc1ee-04c3-4975-8c7d-f4d6bf1e146c","local_time":"20210225152817","is_ascension_mode":true,"campfire_choices":[{"floor":10,"key":"REST"},{"data":"Sucker Punch","floor":15,"key":"SMITH"},{"floor":24,"key":"REST"},{"data":"Terror","floor":28,"key":"SMITH"},{"data":"Blade Dance","floor":32,"key":"SMITH"},{"data":"Adrenaline","floor":49,"key":"SMITH"}],"circlet_count":0,"master_deck":["AscendersBane","Strike_G+1","Strike_G+1","Strike_G+1","Defend_G+1","Defend_G+1","Defend_G+1","Defend_G+1","Survivor","Neutralize","Predator","Unload+1","Dagger Spray","Acrobatics","Dodge and Roll","Sucker Punch+1","Slice","Blur","Die Die Die+1","Terror+1","Quick Slash","Footwork","Footwork+1","Dash","Blade Dance+1","Venomology","Cloak And Dagger","Backflip+1","Backstab+1","Deflect+1","Dodge and Roll+1","Adrenaline+1"],"relics":["Ring of the Snake","Oddly Smooth Stone","Paper Crane","Pear","Meat on the Bone","Eternal Feather","Black Star","Red Mask","Gambling Chip","Shuriken","Pantograph","Ancient Tea Set","Whetstone","Coffee Dripper","Tingsha","Sundial","Bag of Preparation","Gremlin Horn","Centennial Puzzle","Bird Faced Urn","Bottled Flame","Dead Branch","Torii","Blood Vial"],"acts_visited":["Exordium","TheCity","TheBeyond"],"potions_floor_usage":[12,16,16,18,33,38,39,40,42,44,45,47,50,50],"damage_taken":[{"damage":3,"enemies":"Jaw Worm","floor":1,"turns":6},{"damage":0,"enemies":"Cultist","floor":4,"turns":3},{"damage":0,"enemies":"2 Louse","floor":5,"turns":2},{"damage":49,"enemies":"3 Sentries","floor":6,"turns":13},{"damage":0,"enemies":"2 Fungi Beasts","floor":7,"turns":3},{"damage":24,"enemies":"Lagavulin","floor":8,"turns":8},{"damage":19,"enemies":"3 Sentries","floor":12,"turns":6},{"damage":10,"enemies":"Exordium Wildlife","floor":13,"turns":6},{"damage":6,"enemies":"The Guardian","floor":16,"turns":15},{"damage":17,"enemies":"2 Thieves","floor":18,"turns":5},{"damage":39,"enemies":"Masked Bandits","floor":22,"turns":8},{"damage":35,"enemies":"Book of Stabbing","floor":23,"turns":8},{"damage":29,"enemies":"Slavers","floor":29,"turns":7},{"damage":0,"enemies":"Chosen","floor":30,"turns":5},{"damage":0,"enemies":"Centurion and Healer","floor":31,"turns":7},{"damage":48,"enemies":"Champ","floor":33,"turns":12},{"damage":0,"enemies":"3 Shapes","floor":35,"turns":5},{"damage":0,"enemies":"Orb Walker","floor":36,"turns":4},{"damage":18,"enemies":"Sphere and 2 Shapes","floor":38,"turns":6},{"damage":39,"enemies":"2 Orb Walkers","floor":39,"turns":8},{"damage":2,"enemies":"Reptomancer","floor":40,"turns":6},{"damage":17,"enemies":"Giant Head","floor":42,"turns":7},{"damage":31,"enemies":"Reptomancer","floor":44,"turns":5},{"damage":0,"enemies":"Maw","floor":45,"turns":6},{"damage":7,"enemies":"Giant Head","floor":46,"turns":4},{"damage":0,"enemies":"Jaw Worm Horde","floor":47,"turns":1},{"damage":6,"enemies":"Donu and Deca","floor":50,"turns":6}],"seed_played":"1234211283024038275","potions_obtained":[{"floor":1,"key":"SteroidPotion"},{"floor":8,"key":"PowerPotion"},{"floor":12,"key":"LiquidBronze"},{"floor":13,"key":"BlessingOfTheForge"},{"floor":16,"key":"Energy Potion"},{"floor":23,"key":"SneckoOil"},{"floor":29,"key":"AttackPotion"},{"floor":35,"key":"Fire Potion"},{"floor":42,"key":"Block Potion"},{"floor":45,"key":"BlessingOfTheForge"},{"floor":47,"key":"SmokeBomb"}],"is_trial":false,"path_per_floor":["M","?","?","M","M","E","M","E","T","R","$","E","M","?","R","B",null,"M","?","$","?","?","E","R","?","T","$","R","E","M","M","R","B",null,"M","M","?","M","?","E","?","E","T","E","M","E","M","?","R","B",null],"character_chosen":"THE_SILENT","items_purchased":["Slice","Terror","Quick Slash","Energy Potion"],"campfire_rested":2,"item_purchase_floors":[11,20,20,27],"current_hp_per_floor":[74,74,74,74,74,25,25,11,11,39,39,32,34,39,51,57,89,72,72,72,72,45,22,66,46,46,46,61,44,56,56,71,60,93,93,93,93,75,48,58,58,53,53,38,56,63,65,65,83,102],"gold":618,"neow_bonus":"TWENTY_PERCENT_HP_BONUS","is_daily":false,"chose_seed":false,"campfire_upgraded":4,"win_rate":0.0,"timestamp":1614266897,"path_taken":["M","?","?","M","M","E","?","E","T","R","$","E","M","?","R","BOSS","M","?","$","?","?","E","R","?","T","?","R","E","?","M","R","BOSS","M","M","?","M","?","E","?","E","T","E","M","E","?","?","R","BOSS"],"items_purchased_type":["Card","Card","Card","Potion"],"build_version":"2020-12-22","purchased_purges":1,"victory":true,"max_hp_per_floor":[84,84,84,84,84,84,84,94,94,94,94,94,94,99,99,99,99,99,99,99,99,99,99,99,104,104,104,104,104,104,104,104,104,104,104,104,104,104,104,104,104,104,104,104,104,104,104,104,104,104],"card_choices":[{"not_picked":["Dodge and Roll","Bane"],"picked":"Predator","floor":1},{"not_picked":["Deflect","Infinite Blades"],"picked":"Dagger Spray","floor":4},{"not_picked":["Well Laid Plans","Bane"],"picked":"PiercingWail","floor":5},{"not_picked":["Eviscerate","Caltrops"],"picked":"Acrobatics","floor":6},{"not_picked":["Caltrops","Setup"],"picked":"Dodge and Roll","floor":7},{"not_picked":["Wraith Form v2","Poisoned Stab"],"picked":"Sucker Punch","floor":8},{"not_picked":["Sucker Punch","Calculated Gamble","Flying Knee"],"picked":"SKIP","floor":12},{"not_picked":["Deadly Poison","Bane"],"picked":"Blur","floor":13},{"not_picked":["Malaise","After Image"],"picked":"Die Die Die","floor":16},{"not_picked":["Dagger Throw","PiercingWail","Cloak And Dagger"],"picked":"SKIP","floor":18},{"not_picked":["Dodge and Roll","Caltrops+1"],"picked":"Footwork","floor":22},{"not_picked":["PiercingWail","Dagger Spray"],"picked":"Footwork+1","floor":23},{"not_picked":["Concentrate","Well Laid Plans"],"picked":"Dash","floor":29},{"not_picked":["Deflect","Masterful Stab"],"picked":"Blade Dance","floor":30},{"not_picked":["Crippling Poison","Outmaneuver","Backflip"],"picked":"SKIP","floor":31},{"not_picked":["Grand Finale","Burst"],"picked":"Venomology","floor":33},{"not_picked":["Dagger Throw","Dodge and Roll","Backflip"],"picked":"SKIP","floor":35},{"not_picked":["Quick Slash","Sucker Punch"],"picked":"Cloak And Dagger","floor":36},{"not_picked":["Terror+1","Corpse Explosion","Backflip+1"],"picked":"SKIP","floor":38},{"not_picked":["Terror+1","Corpse Explosion"],"picked":"Backflip+1","floor":38},{"not_picked":["Slice","Concentrate"],"picked":"Backstab+1","floor":39},{"not_picked":["Dagger Spray","Envenom","Acrobatics"],"picked":"SKIP","floor":40},{"not_picked":["Predator","Deadly Poison+1","Slice"],"picked":"SKIP","floor":42},{"not_picked":["Poisoned Stab","PiercingWail","All Out Attack"],"picked":"SKIP","floor":44},{"not_picked":["Slice+1","Concentrate","Footwork"],"picked":"SKIP","floor":45},{"not_picked":["Venomology","Cloak And Dagger+1"],"picked":"Deflect+1","floor":46},{"not_picked":["Dagger Spray","Dash+1"],"picked":"Dodge and Roll+1","floor":47}],"player_experience":283403,"relics_obtained":[{"floor":6,"key":"Paper Crane"},{"floor":8,"key":"Pear"},{"floor":9,"key":"Meat on the Bone"},{"floor":12,"key":"Eternal Feather"},{"floor":22,"key":"Red Mask"},{"floor":23,"key":"Gambling Chip"},{"floor":23,"key":"Shuriken"},{"floor":26,"key":"Pantograph"},{"floor":29,"key":"Ancient Tea Set"},{"floor":29,"key":"Whetstone"},{"floor":39,"key":"Tingsha"},{"floor":40,"key":"Sundial"},{"floor":40,"key":"Bag of Preparation"},{"floor":42,"key":"Gremlin Horn"},{"floor":42,"key":"Centennial Puzzle"},{"floor":43,"key":"Bird Faced Urn"},{"floor":44,"key":"Bottled Flame"},{"floor":44,"key":"Dead Branch"},{"floor":46,"key":"Torii"},{"floor":46,"key":"Blood Vial"}],"event_choices":[{"damage_healed":0,"gold_gain":0,"cards_transformed":["Strike_G"],"player_choice":"Change","damage_taken":0,"max_hp_gain":0,"max_hp_loss":0,"event_name":"Living Wall","floor":2,"gold_loss":0,"cards_obtained":["Unload"]},{"damage_healed":0,"gold_gain":0,"player_choice":"Gave Potion","damage_taken":0,"relics_obtained":["Oddly Smooth Stone"],"max_hp_gain":0,"max_hp_loss":0,"event_name":"WeMeetAgain","floor":3,"gold_loss":0},{"damage_healed":0,"gold_gain":0,"player_choice":"Donut","damage_taken":0,"max_hp_gain":5,"max_hp_loss":0,"event_name":"Big Fish","floor":14,"gold_loss":0},{"damage_healed":0,"gold_gain":0,"player_choice":"Ignored","damage_taken":0,"max_hp_gain":0,"max_hp_loss":0,"event_name":"Ghosts","floor":19,"gold_loss":0},{"damage_healed":0,"gold_gain":0,"player_choice":"Simplicity","damage_taken":0,"max_hp_gain":0,"max_hp_loss":0,"event_name":"Back to Basics","floor":21,"gold_loss":0,"cards_upgraded":["Strike_G","Strike_G","Strike_G","Defend_G","Defend_G","Defend_G","Defend_G","Defend_G"]},{"damage_healed":0,"gold_gain":0,"player_choice":"Fought Bandits","damage_taken":0,"max_hp_gain":0,"max_hp_loss":0,"event_name":"Masked Bandits","floor":22,"gold_loss":0},{"damage_healed":0,"gold_gain":0,"player_choice":"Shed Blood","damage_taken":25,"max_hp_gain":5,"max_hp_loss":0,"event_name":"Forgotten Altar","floor":25,"gold_loss":0},{"damage_healed":0,"gold_gain":222,"player_choice":"Wore Mask","damage_taken":0,"max_hp_gain":0,"max_hp_loss":0,"event_name":"Tomb of Lord Red Mask","floor":37,"gold_loss":0},{"damage_healed":0,"gold_gain":0,"player_choice":"Fight","damage_taken":0,"max_hp_gain":0,"max_hp_loss":0,"event_name":"Mysterious Sphere","floor":39,"gold_loss":0},{"cards_removed":["Defend_G"],"damage_healed":0,"gold_gain":0,"player_choice":"Removed Skill","damage_taken":0,"max_hp_gain":0,"max_hp_loss":0,"event_name":"Falling","floor":41,"gold_loss":0},{"damage_healed":0,"gold_gain":0,"cards_transformed":["PiercingWail"],"player_choice":"Transformed","damage_taken":0,"max_hp_gain":0,"max_hp_loss":0,"event_name":"Transmorgrifier","floor":48,"gold_loss":0,"cards_obtained":["Adrenaline"]}],"is_beta":false,"boss_relics":[{"not_picked":["Ectoplasm","Velvet Choker"],"picked":"Black Star"},{"not_picked":["Empty Cage","Snecko Eye"],"picked":"Coffee Dripper"}],"items_purged_floors":[11],"is_endless":false,"potions_floor_spawned":[1,8,12,13,16,23,29,35,42,45,47],"ascension_level":13}}