{"host":"7gewg82ormp6yt4e","time":1614253436,"event":{"mods":["BaseMod","Block Reminder","Colored Map","DeckTracker","Highlight Path","Minty Spire (QoL Compilation)","Relic Stats","StSLib","ojb\u0027s Info Mod"],"gold_per_floor":[114,189,209,209,47,47,80,99,99,127,52,70,105,105,105,178,178,188,207,257,257,257],"floor_reached":21,"language":"JPN","playtime":838,"items_purged":[],"score":494,"play_id":"6b6130f5-a973-4d2e-a1c6-d87cb828c2bd","local_time":"20210225204356","is_ascension_mode":true,"campfire_choices":[{"data":"SignatureMove","floor":6.0,"key":"SMITH"},{"data":"Alpha","floor":15.0,"key":"SMITH"}],"circlet_count":0,"master_deck":["AscendersBane","Strike_P","Defend_P","Defend_P","Defend_P","Defend_P","Eruption","Vigilance","FearNoEvil","SignatureMove+1","Nirvana","Crescendo+1","ClearTheMind","Halt","EmptyBody+1","Halt","FearNoEvil","Swivel","Worship","Alpha+1","FlyingSleeves","Vault","Sanctity+1","Prostrate+1"],"relics":["Philosopher\u0027s Stone","Orrery","War Paint","Bottled Flame","Pear","Matryoshka","SlaversCollar"],"acts_visited":["Exordium","TheCity"],"potions_floor_usage":[],"damage_taken":[{"damage":0.0,"enemies":"Small Slimes","floor":1.0,"turns":2.0},{"damage":11.0,"enemies":"2 Louse","floor":3.0,"turns":2.0},{"damage":0.0,"enemies":"Gremlin Nob","floor":7.0,"turns":2.0},{"damage":0.0,"enemies":"Jaw Worm","floor":8.0,"turns":2.0},{"damage":15.0,"enemies":"Lagavulin","floor":10.0,"turns":6.0},{"damage":0.0,"enemies":"2 Fungi Beasts","floor":12.0,"turns":2.0},{"damage":0.0,"enemies":"Gremlin Nob","floor":13.0,"turns":2.0},{"damage":13.0,"enemies":"The Guardian","floor":16.0,"turns":7.0},{"damage":75.0,"enemies":"3 Byrds","floor":18.0,"turns":5.0},{"damage":0,"enemies":"Spheric Guardian","floor":19,"turns":1},{"damage":15,"enemies":"3 Cultists","floor":21,"turns":3}],"seed_played":"5345625511528340340","potions_obtained":[{"floor":3.0,"key":"Swift Potion"},{"floor":12.0,"key":"Swift Potion"},{"floor":13.0,"key":"FairyPotion"}],"is_trial":false,"path_per_floor":["M","?","M","?","$","R","E","M","T","E","?","M","E","?","R","B",null,"M","M","?","M"],"character_chosen":"WATCHER","items_purchased":["Orrery"],"campfire_rested":0,"item_purchase_floors":[5],"current_hp_per_floor":[61,50,39,39,39,39,39,39,39,34,34,34,34,34,34,21,64,14,14,14,0,0],"gold":257,"neow_bonus":"BOSS_RELIC","is_daily":false,"chose_seed":false,"campfire_upgraded":2,"win_rate":0.0,"timestamp":1614253436,"path_taken":["M","?","M","?","$","R","E","M","T","E","?","M","E","?","R","BOSS","M","?","?","M"],"items_purchased_type":["Relic"],"build_version":"2020-12-22","purchased_purges":0,"victory":false,"max_hp_per_floor":[68,68,68,68,68,68,68,68,68,78,78,78,78,78,78,78,78,78,78,78,78,78],"relic_stats":{"counters":[11,34],"War Paint":["Crescendo","EmptyBody"],"obtain_stats":[{"SlaversCollar":17,"Bottled Flame":9,"Pear":10,"Matryoshka":13,"Orrery":5,"Philosopher\u0027s Stone":0,"PureWater":0,"War Paint":7},{"SlaversCollar":8,"Bottled Flame":4,"Pear":5,"Matryoshka":7,"Orrery":2,"Philosopher\u0027s Stone":0,"PureWater":0,"War Paint":3},{"SlaversCollar":25,"Bottled Flame":8,"Pear":14,"Matryoshka":18,"Orrery":4,"Philosopher\u0027s Stone":0,"PureWater":0,"War Paint":6}]},"card_choices":[{"not_picked":["CutThroughFate","CrushJoints"],"picked":"FearNoEvil","floor":1.0},{"not_picked":["Consecrate","JustLucky"],"picked":"SignatureMove","floor":3.0},{"not_picked":["FlyingSleeves","Pray"],"picked":"Crescendo","floor":5.0},{"not_picked":["Collect","PathToVictory"],"picked":"ClearTheMind","floor":5.0},{"not_picked":["WindmillStrike","ForeignInfluence"],"picked":"Halt","floor":5.0},{"not_picked":["FlyingSleeves","Crescendo"],"picked":"EmptyBody","floor":5.0},{"not_picked":["CutThroughFate","EmptyBody"],"picked":"Halt","floor":5.0},{"not_picked":["Halt","MasterReality"],"picked":"FearNoEvil","floor":7.0},{"not_picked":["Protect","FlyingSleeves","CrushJoints"],"picked":"SKIP","floor":8.0},{"not_picked":["MasterReality","ReachHeaven"],"picked":"Swivel","floor":10.0},{"not_picked":["ForeignInfluence","Protect"],"picked":"Worship","floor":12.0},{"not_picked":["EmptyBody","JustLucky"],"picked":"Alpha","floor":13.0},{"not_picked":["ConjureBlade","Judgement"],"picked":"Vault","floor":16.0},{"not_picked":["CutThroughFate","Evaluate"],"picked":"Sanctity+1","floor":18.0},{"not_picked":["Protect","Crescendo"],"picked":"Prostrate+1","floor":19}],"player_experience":2926188,"relics_obtained":[{"floor":7.0,"key":"War Paint"},{"floor":9.0,"key":"Bottled Flame"},{"floor":10.0,"key":"Pear"},{"floor":13.0,"key":"Matryoshka"}],"event_choices":[{"damage_healed":0.0,"max_hp_gain":0.0,"max_hp_loss":0.0,"gold_gain":75.0,"event_name":"World of Goop","player_choice":"Gather Gold","floor":2.0,"gold_loss":0.0,"damage_taken":11.0},{"damage_healed":0.0,"max_hp_gain":0.0,"max_hp_loss":0.0,"gold_gain":0.0,"cards_transformed":["Strike_P"],"event_name":"Living Wall","player_choice":"Change","floor":4.0,"gold_loss":0.0,"damage_taken":0.0,"cards_obtained":["Nirvana"]},{"cards_removed":["Strike_P"],"damage_healed":0.0,"max_hp_gain":0.0,"max_hp_loss":0.0,"gold_gain":0.0,"event_name":"The Cleric","player_choice":"Card Removal","floor":11.0,"gold_loss":75.0,"damage_taken":0.0},{"damage_healed":0.0,"max_hp_gain":0.0,"max_hp_loss":0.0,"gold_gain":0.0,"cards_transformed":["Strike_P"],"event_name":"Transmorgrifier","player_choice":"Transformed","floor":14.0,"gold_loss":0.0,"damage_taken":0.0,"cards_obtained":["FlyingSleeves"]},{"damage_healed":0,"gold_gain":50,"player_choice":"Stole From Cult","damage_taken":0,"max_hp_gain":0,"max_hp_loss":0,"event_name":"Nest","floor":20,"gold_loss":0}],"is_beta":false,"boss_relics":[{"not_picked":["Fusion Hammer","Black Star"],"picked":"SlaversCollar"}],"items_purged_floors":[],"is_endless":false,"potions_floor_spawned":[3,12,13],"killed_by":"3 Cultists","ascension_level":20}}