{"host":"Lucas","time":1614261179,"event":{"mods":["BaseMod","Downfall","Minty Spire (QoL Compilation)","READ ME - Guardian Mod","StSLib","The Cursed","The Disciple","The Necromancer","The Servant 0.9.4"],"gold_per_floor":[199,216,234,247,247,267,267,442,442,132,142,142,155,140,160,260,260,260,58,58,58,74,74,127,140,140,160,145,173,189,220,239,239,239],"floor_reached":33,"language":"ENG","playtime":3335,"items_purged":[],"score":362,"play_id":"54cfe099-1bd9-4da8-b97f-167f675eb92e","local_time":"20210225135259","is_ascension_mode":true,"campfire_choices":[{"data":"KidneyShot","floor":1.0,"key":"SMITH"},{"data":"SoulSculpture","floor":18.0,"key":"SMITH"},{"data":"FlawlessForm","floor":26.0,"key":"SMITH"}],"circlet_count":0,"master_deck":["Strike_S","Strike_S","Strike_S","Strike_S","Defend_S","Defend_S","Defend_S","KidneyShot+1","Exchange","ReturningBlade","Barrier","Read","KidneyShot+1","Revamp","Deny","Embodiment","BestPractice","DoubleEdge","SpecialFormula","Snipe","SoulSculpture+1","FlawlessForm+1","Collapse","Desolation","SilverBlades","Gouge","InstantArmor","GearUp+1","Replace","Sabotage+1","Barrier+1","TimeWarp"],"relics":["SplendidAttire","Bag of Preparation","Orichalcum","Blood Vial","Tiny Chest","MutagenicStrength","Boot","Pear","Blue Candle"],"acts_visited":["Exordium","TheCity"],"potions_floor_usage":[33,33],"damage_taken":[{"damage":0.0,"enemies":"Cultist","floor":2.0,"turns":3.0},{"damage":6.0,"enemies":"2 Louse","floor":3.0,"turns":4.0},{"damage":4.0,"enemies":"Jaw Worm","floor":4.0,"turns":4.0},{"damage":6.0,"enemies":"Blue Slaver","floor":6.0,"turns":5.0},{"damage":0.0,"enemies":"downfall:FleeingMerchant","floor":10.0,"turns":4.0},{"damage":4.0,"enemies":"Gremlin Gang","floor":11.0,"turns":7.0},{"damage":0.0,"enemies":"Large Slime","floor":13.0,"turns":10.0},{"damage":2.0,"enemies":"downfall:FleeingMerchant","floor":14.0,"turns":4.0},{"damage":6.0,"enemies":"downfall:LooterAlt","floor":15.0,"turns":4.0},{"damage":68.0,"enemies":"IC_STATUS_ARCHETYPE","floor":16.0,"turns":20.0},{"damage":0.0,"enemies":"downfall:FleeingMerchant","floor":19.0,"turns":4.0},{"damage":0.0,"enemies":"Chosen","floor":20.0,"turns":1.0},{"damage":0.0,"enemies":"3 Byrds","floor":22.0,"turns":6.0},{"damage":0.0,"enemies":"Snecko","floor":25.0,"turns":4.0},{"damage":4.0,"enemies":"Centurion and Healer","floor":27.0,"turns":10.0},{"damage":0.0,"enemies":"downfall:FleeingMerchant","floor":28.0,"turns":4.0},{"damage":0.0,"enemies":"Book of Stabbing","floor":29.0,"turns":7.0},{"damage":5.0,"enemies":"3 Cultists","floor":30.0,"turns":5.0},{"damage":0.0,"enemies":"Slavers","floor":31.0,"turns":3.0},{"damage":4.0,"enemies":"Shelled Parasite and Fungi","floor":32.0,"turns":5.0},{"damage":94,"enemies":"DF_ARCHETYPE_CLAW","floor":33,"turns":15}],"seed_played":"6418954855555565100","potions_obtained":[{"floor":2.0,"key":"BlessingOfTheForge"},{"floor":4.0,"key":"Energy Potion"},{"floor":13.0,"key":"Regen Potion"},{"floor":15.0,"key":"Weak Potion"},{"floor":27.0,"key":"Strength Potion"},{"floor":29.0,"key":"Regen Potion"},{"floor":30.0,"key":"AttackPotion"},{"floor":31.0,"key":"Dexterity Potion"}],"is_trial":false,"path_per_floor":["R","M","M","M","?","M","T","?","?","$","M","?","M","$","M","B",null,"R","$","M","?","M","?","T","M","R","M","$","E","M","E","M","B"],"character_chosen":"THE_SERVANT","items_purchased":["Orichalcum","Blood Vial","Tiny Chest","Collapse"],"campfire_rested":0,"item_purchase_floors":[10,10,19,19],"current_hp_per_floor":[65,65,59,55,55,49,49,49,49,49,47,47,49,49,45,2,65,65,65,65,65,65,65,65,65,65,61,65,75,70,72,70,0,0],"gold":239,"neow_bonus":"HUNDRED_GOLD","is_daily":false,"chose_seed":false,"campfire_upgraded":3,"win_rate":0.0,"timestamp":1614261179,"path_taken":["R","?","M","M","?","?","T","?","?","$","?","?","M","$","M","BOSS","R","$","M","?","M","?","T","M","R","M","$","E","M","E","M","BOSS"],"items_purchased_type":["Relic","Relic","Relic","Card"],"build_version":"2020-12-18","purchased_purges":0,"victory":false,"max_hp_per_floor":[65,65,65,65,65,65,65,65,65,65,65,65,65,65,65,65,65,65,65,65,65,65,65,65,65,65,65,65,75,75,75,75,75,75],"card_choices":[{"not_picked":["TimeWarp","Contraction"],"picked":"ReturningBlade","floor":2.0},{"not_picked":["Alleviate","Potential"],"picked":"Barrier","floor":3.0},{"not_picked":["Potential","ShatteredReality"],"picked":"Read","floor":4.0},{"not_picked":["Spin","DoubleEdge"],"picked":"Revamp","floor":6.0},{"not_picked":["Replace","TimeWarp"],"picked":"Embodiment","floor":10.0},{"not_picked":["Rewind","DualDimension"],"picked":"BestPractice","floor":11.0},{"not_picked":["Starlight","TimeWarp"],"picked":"DoubleEdge","floor":13.0},{"not_picked":["Moonlight","Alleviate"],"picked":"SpecialFormula","floor":14.0},{"not_picked":["Moonlight","Starlight"],"picked":"Snipe","floor":15.0},{"not_picked":["Sunlight","Embodiment"],"picked":"SoulSculpture","floor":16.0},{"not_picked":["SurpressingFire","TimeWarp"],"picked":"FlawlessForm","floor":19.0},{"not_picked":["Barrier","Rearm"],"picked":"Desolation","floor":20.0},{"not_picked":["Reset","DoubleEdge"],"picked":"SilverBlades","floor":22.0},{"not_picked":["Defy","Rearm"],"picked":"Gouge","floor":25.0},{"not_picked":["Desolation","Spin"],"picked":"InstantArmor","floor":27.0},{"not_picked":["LightFlow","Unruled+1"],"picked":"GearUp+1","floor":28.0},{"not_picked":["WasteNot","Rearm"],"picked":"Replace","floor":29.0},{"not_picked":["TimeWarp+1","Read+1"],"picked":"Sabotage+1","floor":30.0},{"not_picked":["Starlight","TimeWarp"],"picked":"Barrier+1","floor":31.0},{"not_picked":["Moonlight","Snipe"],"picked":"TimeWarp","floor":32.0}],"player_experience":1343981,"relics_obtained":[{"floor":7.0,"key":"Bag of Preparation"},{"floor":24.0,"key":"Boot"},{"floor":29.0,"key":"Pear"},{"floor":31.0,"key":"Blue Candle"}],"event_choices":[{"damage_healed":0.0,"max_hp_gain":0.0,"max_hp_loss":0.0,"gold_gain":0.0,"event_name":"Drug Dealer","player_choice":"Inject Mutagens","floor":21.0,"gold_loss":0.0,"damage_taken":0.0,"relics_obtained":["MutagenicStrength"]}],"is_beta":true,"boss_relics":[{"not_picked":["Busted Crown","bronze:MakeshiftBattery"],"picked":"SplendidAttire"}],"items_purged_floors":[],"is_endless":false,"potions_floor_spawned":[2,4,13,15,27,29,30,31,32],"killed_by":"DF_ARCHETYPE_CLAW","ascension_level":2}}