{"host":"h49usdrjeju7gyhi","time":1614228299,"event":{"mods":["Act Like it!","BaseMod","Minty Spire (QoL Compilation)","Ruina","StSLib","The Animator"],"gold_per_floor":[224,263,263,8,23,23,58,58,58,101,48,64,81,81,81,152,152,168,214,224,224,98,131,131,188,188,215,242,260,260,260],"floor_reached":30,"language":"ENG","playtime":2197,"items_purged":["animator:Genos"],"score":592,"play_id":"11defb9a-b7ab-4a7c-bd1c-965f15fb4461","local_time":"20210224234459","is_ascension_mode":true,"campfire_choices":[{"data":"animator:MumenRider","floor":6.0,"key":"SMITH"},{"floor":8.0,"key":"REST"},{"floor":15.0,"key":"REST"},{"floor":24.0,"key":"REST"}],"circlet_count":0,"master_deck":["AscendersBane","animator:Defend_OnePunchMan","animator:Defend","animator:Defend","animator:Defend","animator:Genos","animator:MumenRider+1","animator:Geryuganshoop","animator:SilverFang","animator:MetalKnight+1","animator:Shinoa","animator:HighElfArcher","animator:HigakiRinne","animator:Melzalgald","animator:AcuraTooru","animator:Guren","animator:HiiragiShinya","animator:ZankiKiguchi","animator:Viivi","animator:Sonic","animator:Guren","animator:Fredrika","animator:Geryuganshoop"],"relics":["animator:LivingPicture","animator:ColorlessFragment","animator:PurgingStone","Question Card","Pear","Orichalcum","Sozu","Red Mask","Omamori","animator:HeavyHalberd","Darkstone Periapt","Happy Flower"],"acts_visited":["Exordium","TheCity"],"potions_floor_usage":[27],"damage_taken":[{"damage":5.0,"enemies":"Small Slimes","floor":1.0,"turns":3.0},{"damage":0.0,"enemies":"2 Louse","floor":5.0,"turns":1.0},{"damage":20.0,"enemies":"Gremlin Nob","floor":7.0,"turns":3.0},{"damage":45.0,"enemies":"3 Sentries","floor":10.0,"turns":13.0},{"damage":0.0,"enemies":"Cultist","floor":12.0,"turns":5.0},{"damage":1.0,"enemies":"Lots of Slimes","floor":13.0,"turns":5.0},{"damage":28.0,"enemies":"Slime Boss","floor":16.0,"turns":15.0},{"damage":10.0,"enemies":"3 Byrds","floor":18.0,"turns":5.0},{"damage":22.0,"enemies":"Masked Bandits","floor":19.0,"turns":3.0},{"damage":0.0,"enemies":"Chosen","floor":20.0,"turns":4.0},{"damage":2.0,"enemies":"animator:HornedBat","floor":23.0,"turns":7.0},{"damage":5.0,"enemies":"Book of Stabbing","floor":25.0,"turns":5.0},{"damage":24,"enemies":"Slavers","floor":27,"turns":4},{"damage":0,"enemies":"3 Cultists","floor":28,"turns":4},{"damage":10,"enemies":"Snake Plant","floor":29,"turns":3},{"damage":5,"enemies":"Book of Stabbing","floor":30,"turns":4}],"seed_played":"-777198398448635087","potions_obtained":[{"floor":10.0,"key":"Ancient Potion"},{"floor":12.0,"key":"LiquidMemories"},{"floor":13.0,"key":"SteroidPotion"}],"is_trial":false,"path_per_floor":["M","?","?","$","M","R","E","R","T","E","$","M","M","?","R","B",null,"M","?","M","?","$","E","R","E","T","E","M","M","E"],"character_chosen":"THE_ANIMATOR","items_purchased":["animator:ColorlessFragment","animator:Genos","animator:Shinoa","animator:ZankiKiguchi"],"campfire_rested":3,"item_purchase_floors":[4,4,11,22],"current_hp_per_floor":[49,49,49,49,49,49,30,48,58,13,13,13,12,12,33,5,55,46,24,24,24,24,23,44,39,39,15,15,5,0,0],"gold":260,"neow_bonus":"HUNDRED_GOLD","is_daily":false,"chose_seed":false,"campfire_upgraded":1,"win_rate":0.0,"timestamp":1614228299,"path_taken":["M","?","?","$","?","R","E","R","T","E","?","M","?","?","R","BOSS","M","?","M","?","?","E","R","E","T","E","M","?","E"],"items_purchased_type":["Relic","Card","Card","Card"],"build_version":"2020-12-22","purchased_purges":1,"victory":false,"max_hp_per_floor":[60,60,60,60,60,60,61,61,71,71,71,71,71,71,71,71,71,72,72,72,72,72,73,73,73,73,73,73,73,73,73],"card_choices":[{"not_picked":["animator:Spearman","animator:DolaStephanie"],"picked":"animator:Geryuganshoop","floor":1.0},{"not_picked":["animator:Rider","animator:Yoichi","animator:DolaCouronne"],"picked":"SKIP","floor":5.0},{"not_picked":["animator:PandorasActor","animator:Archer"],"picked":"animator:SilverFang","floor":7.0},{"not_picked":["animator:Melzalgald","animator:MumenRider","animator:Tatsumaki"],"picked":"animator:MetalKnight","floor":10.0},{"not_picked":["animator:Shichika","animator:Shiro","animator:Witch"],"picked":"animator:HighElfArcher","floor":12.0},{"not_picked":["animator:Aisha","animator:Illya","animator:NarberalGamma","animator:DolaSchwi"],"picked":"SKIP","floor":13.0},{"not_picked":["animator:ChaikaTrabant","animator:FeridBathory","animator:Sora"],"picked":"animator:HigakiRinne","floor":16.0},{"not_picked":["animator:Geryuganshoop","animator:Genos","animator:SilverFang"],"picked":"animator:Melzalgald","floor":18.0},{"not_picked":["animator:Emonzaemon","animator:Shiro","animator:Elsword"],"picked":"animator:AcuraTooru","floor":19.0},{"not_picked":["animator:Guy","animator:Shinoa","animator:Entoma","animator:Demiurge"],"picked":"SKIP","floor":20.0},{"not_picked":["animator:DolaRiku","animator:Assassin","animator:TsurugaMeisai"],"picked":"animator:Viivi","floor":23.0},{"not_picked":["animator:MetalKnight","animator:Geryuganshoop","animator:Melzalgald"],"picked":"animator:Sonic","floor":25.0},{"not_picked":["animator:Archer","animator:Demiurge","animator:Ara"],"picked":"animator:Guren","floor":27},{"not_picked":["animator:CrowleyEusford","animator:Guy","animator:Viivi+1"],"picked":"animator:Fredrika","floor":28},{"not_picked":["animator:Melzalgald","animator:Sonic","animator:MetalKnight"],"picked":"animator:Geryuganshoop","floor":29}],"player_experience":1608938,"relics_obtained":[{"floor":7.0,"key":"Question Card"},{"floor":9.0,"key":"Pear"},{"floor":10.0,"key":"Orichalcum"},{"floor":19.0,"key":"Red Mask"},{"floor":23.0,"key":"Omamori"},{"floor":25.0,"key":"animator:HeavyHalberd"},{"floor":26.0,"key":"Darkstone Periapt"},{"floor":27,"key":"Happy Flower"}],"event_choices":[{"cards_removed":["animator:Strike"],"damage_healed":0.0,"max_hp_gain":0.0,"max_hp_loss":0.0,"gold_gain":0.0,"event_name":"Purifier","player_choice":"Purged","floor":3.0,"gold_loss":0.0,"damage_taken":0.0},{"damage_healed":0.0,"max_hp_gain":0.0,"max_hp_loss":0.0,"gold_gain":0.0,"event_name":"Living Wall","player_choice":"Grow","floor":14.0,"gold_loss":0.0,"damage_taken":0.0,"cards_upgraded":["animator:MetalKnight"]},{"damage_healed":0.0,"max_hp_gain":0.0,"max_hp_loss":0.0,"gold_gain":0.0,"event_name":"Masked Bandits","player_choice":"Fought Bandits","floor":19.0,"gold_loss":0.0,"damage_taken":0.0},{"damage_healed":0.0,"max_hp_gain":0.0,"max_hp_loss":0.0,"gold_gain":0.0,"cards_transformed":["animator:Strike","animator:Strike"],"event_name":"Drug Dealer","player_choice":"Became Test Subject","floor":21.0,"gold_loss":0.0,"damage_taken":0.0,"cards_obtained":["animator:Guren","animator:HiiragiShinya"]}],"is_beta":false,"boss_relics":[{"not_picked":["Cursed Key","Coffee Dripper"],"picked":"Sozu"}],"items_purged_floors":[22],"is_endless":false,"potions_floor_spawned":[10,12,13,16,20,27,29],"killed_by":"Book of Stabbing","ascension_level":20}}