{"host":"70zhvo5nwrhp1mbg","time":1614277136,"event":{"mods":["AchievementEnabler","BaseMod","Bestiary","Colored Map","Colored Powertips","Minty Spire (QoL Compilation)","Rare Cards Sparkle","Relic Stats","StSLib","ojb\u0027s Better Paths Mod","ojb\u0027s Info Mod: The sequel"],"gold_per_floor":[109,125,70,81,81,414,414,444,520,536,536,501,501,534,534,534,534],"floor_reached":16,"language":"ENG","playtime":938,"items_purged":[],"score":230,"play_id":"097ef25b-6dc3-4fb6-b49e-d0f501b61edc","local_time":"20210225131856","is_ascension_mode":true,"campfire_choices":[{"data":"True Grit","floor":7,"key":"SMITH"},{"data":"Perfected Strike","floor":11,"key":"SMITH"},{"data":"Battle Trance","floor":13,"key":"SMITH"},{"data":"Armaments","floor":15,"key":"SMITH"}],"circlet_count":0,"master_deck":["AscendersBane","Strike_R","Strike_R","Strike_R","Strike_R","Strike_R","Defend_R","Defend_R","Defend_R","Defend_R","Bash","Berserk+1","Twin Strike","Dual Wield","Battle Trance+1","True Grit+1","Carnage","Perfected Strike+1","Armaments+1"],"relics":["Burning Blood","Old Coin","Akabeko","Darkstone Periapt","Regal Pillow"],"acts_visited":["Exordium"],"potions_floor_usage":[8,14,16],"damage_taken":[{"damage":7,"enemies":"Cultist","floor":1,"turns":4},{"damage":8,"enemies":"2 Louse","floor":2,"turns":4},{"damage":15,"enemies":"Small Slimes","floor":4,"turns":4},{"damage":36,"enemies":"Gremlin Nob","floor":6,"turns":4},{"damage":30,"enemies":"Lagavulin","floor":8,"turns":6},{"damage":6,"enemies":"Looter","floor":10,"turns":2},{"damage":16,"enemies":"3 Sentries","floor":14,"turns":5},{"damage":58,"enemies":"Slime Boss","floor":16,"turns":8}],"seed_played":"-1715122812160295837","potions_obtained":[{"floor":1,"key":"CultistPotion"},{"floor":10,"key":"SteroidPotion"},{"floor":14,"key":"Fire Potion"}],"is_trial":false,"path_per_floor":["M","M","$","M","?","E","R","E","T","M","R","?","R","E","R","B"],"character_chosen":"IRONCLAD","items_purchased":["Explosive Potion"],"campfire_rested":0,"item_purchase_floors":[3],"current_hp_per_floor":[67,65,65,56,56,26,26,42,42,42,42,60,60,50,50,0,0],"gold":534,"neow_bonus":"ONE_RANDOM_RARE_CARD","is_daily":false,"chose_seed":false,"campfire_upgraded":4,"win_rate":0.0,"timestamp":1614277136,"path_taken":["M","?","$","?","?","E","R","E","T","M","R","?","R","E","R","BOSS"],"items_purchased_type":["Potion"],"build_version":"2020-12-22","purchased_purges":0,"victory":false,"max_hp_per_floor":[75,75,75,75,75,75,75,75,75,75,75,75,75,75,75,75,75],"relic_stats":{"Darkstone Periapt":0,"Regal Pillow":0,"counters":[8,37],"obtain_stats":[{"Darkstone Periapt":9,"Regal Pillow":14,"Burning Blood":0,"Akabeko":8,"Old Coin":6},{"Darkstone Periapt":5,"Regal Pillow":7,"Burning Blood":0,"Akabeko":5,"Old Coin":4},{"Darkstone Periapt":22,"Regal Pillow":29,"Burning Blood":0,"Akabeko":22,"Old Coin":16}],"Burning Blood":42},"card_choices":[{"not_picked":["Searing Blow","Warcry"],"picked":"Twin Strike","floor":1},{"not_picked":["Burning Pact","Anger"],"picked":"Dual Wield","floor":2},{"not_picked":["Inflame","Cleave"],"picked":"Battle Trance","floor":4},{"not_picked":["Burning Pact","Wild Strike"],"picked":"True Grit","floor":6},{"not_picked":["Clothesline","Twin Strike"],"picked":"Carnage","floor":8},{"not_picked":["Thunderclap","Iron Wave"],"picked":"Perfected Strike","floor":10},{"not_picked":["Second Wind","Sentinel"],"picked":"Armaments","floor":14}],"player_experience":726459,"relics_obtained":[{"floor":6,"key":"Old Coin"},{"floor":8,"key":"Akabeko"},{"floor":9,"key":"Darkstone Periapt"},{"floor":14,"key":"Regal Pillow"}],"event_choices":[{"damage_healed":0,"gold_gain":0,"player_choice":"Grow","damage_taken":0,"max_hp_gain":0,"max_hp_loss":0,"event_name":"Living Wall","floor":5,"gold_loss":0,"cards_upgraded":["Berserk"]},{"damage_healed":18,"gold_gain":0,"player_choice":"Healed","damage_taken":0,"max_hp_gain":0,"max_hp_loss":0,"event_name":"The Cleric","floor":12,"gold_loss":35}],"is_beta":false,"boss_relics":[],"items_purged_floors":[],"is_endless":false,"potions_floor_spawned":[1,6,10,14],"killed_by":"Slime Boss","ascension_level":19}}