{"host":"i0m6ffz3lpe3z1ky","time":1614274775,"event":{"mods":["Aspiration","BaseMod","Bestiary","BetterRewards","Colored Map","Conspire","Energized Spire","Highlight Path","Hubris","Ironclad Rager","Minty Spire (QoL Compilation)","Quick Restart","Reliquary","Shop Mod","Spicy Shops","StSLib","Thieving Mod"],"gold_per_floor":[112,112,262,278,40,40,95,95,95,131,161,216,256,331,331,331,331],"floor_reached":16,"language":"KOR","playtime":518,"items_purged":["Doubt"],"score":378,"play_id":"8731089c-5a14-474c-ab07-7837c396f75c","local_time":"20210226023935","is_ascension_mode":true,"campfire_choices":[{"data":"Body Slam","floor":6,"key":"SMITH"},{"data":"conspire:Banana","floor":15,"key":"SMITH"}],"circlet_count":0,"master_deck":["AscendersBane","Strike_R","Strike_R","Strike_R","Strike_R","Strike_R","Defend_R","Defend_R","Defend_R","Defend_R","Bash","conspire:Banana+1","HandOfGreed","Body Slam+1","hubris:CleavingFinish","Body Slam","Entrench","Intimidate"],"relics":["Burning Blood","Oddly Smooth Stone","hubris:TenFootPole","Potion Belt","aspiration:FetidBarrel","OrangePellets","aspiration:AnachronicSnailShell","hubris:EmptyBottle","Sling","reliquary:TridentHead","CaptainsWheel"],"acts_visited":["Exordium"],"potions_floor_usage":[7,7,11,12,12,12],"damage_taken":[{"damage":3.0,"enemies":"Small Slimes","floor":1.0,"turns":6.0},{"damage":1.0,"enemies":"Jaw Worm","floor":4.0,"turns":6.0},{"damage":0,"enemies":"Lagavulin","floor":7,"turns":4},{"damage":0,"enemies":"Cultist","floor":10,"turns":3},{"damage":4,"enemies":"Blue Slaver","floor":11,"turns":2},{"damage":0,"enemies":"3 Sentries","floor":12,"turns":4},{"damage":5,"enemies":"2 Fungi Beasts","floor":13,"turns":3},{"damage":51,"enemies":"The Guardian","floor":16,"turns":9}],"seed_played":"7542280945740851073","potions_obtained":[{"floor":1.0,"key":"Block Potion"},{"floor":10,"key":"GamblersBrew"},{"floor":11,"key":"DistilledChaos"}],"is_trial":false,"path_per_floor":["M","?","?","M","$","R","E","T","T","M","M","E","M","?","R","B"],"character_chosen":"IRONCLAD","items_purchased":["Oddly Smooth Stone","hubris:TenFootPole","Potion Belt","aspiration:FetidBarrel","OrangePellets","conspire:Banana","aspiration:AnachronicSnailShell","hubris:EmptyBottle","Sling"],"campfire_rested":0,"item_purchase_floors":[0,0,0,0,0,0,0,0,5],"current_hp_per_floor":[24,22,22,28,28,28,35,35,35,42,45,52,54,49,49,0,0],"gold":331,"neow_bonus":"","is_daily":false,"chose_seed":false,"campfire_upgraded":2,"win_rate":0.0,"timestamp":1614274775,"path_taken":["M","?","?","M","$","R","E","?","T","M","?","E","M","?","R","BOSS"],"items_purchased_type":["Relic","Relic","Relic","Relic","Relic","Card","Relic","Relic","Relic"],"build_version":"2020-12-22","purchased_purges":1,"victory":false,"max_hp_per_floor":[76,76,76,77,77,77,78,78,78,79,80,81,82,82,82,84,84],"card_choices":[{"not_picked":["Dark Embrace","Battle Trance","Blood for Blood"],"picked":"SKIP","floor":1.0},{"not_picked":["Fire Breathing","True Grit","Pommel Strike"],"picked":"SKIP","floor":4.0},{"not_picked":["Anger","Twin Strike"],"picked":"hubris:CleavingFinish","floor":7},{"not_picked":["Seeing Red","Rage"],"picked":"Body Slam","floor":10},{"not_picked":["Dropkick","Pommel Strike"],"picked":"Entrench","floor":11},{"not_picked":["Intimidate","Dark Embrace","Blood for Blood"],"picked":"SKIP","floor":12},{"not_picked":["Dark Embrace","Blood for Blood"],"picked":"Intimidate","floor":12},{"not_picked":["Pummel","Sword Boomerang","Cleave"],"picked":"SKIP","floor":13}],"player_experience":441161,"relics_obtained":[{"floor":8,"key":"reliquary:TridentHead"},{"floor":12,"key":"CaptainsWheel"}],"event_choices":[{"damage_healed":0.0,"max_hp_gain":0.0,"max_hp_loss":0.0,"gold_gain":0.0,"event_name":"conspire:Investor","player_choice":"Leave","floor":2.0,"gold_loss":0.0,"damage_taken":0.0},{"damage_healed":0.0,"max_hp_gain":0.0,"max_hp_loss":0.0,"gold_gain":150.0,"event_name":"Liars Game","player_choice":"AGREE","floor":3.0,"gold_loss":0.0,"damage_taken":0.0,"cards_obtained":["Doubt"]},{"damage_healed":0,"gold_gain":75,"player_choice":"Gather Gold","damage_taken":11,"max_hp_gain":0,"max_hp_loss":0,"event_name":"World of Goop","floor":14,"gold_loss":0}],"is_beta":false,"boss_relics":[],"items_purged_floors":[5],"is_endless":false,"potions_floor_spawned":[1,10,11],"killed_by":"The Guardian","ascension_level":16}}