{"host":"aukiz5jlacd3g5yc","time":1614270631,"event":{"mods":["2.2 Compatiblity","Bard","BaseMod","Bestiary","Colored Map","Colored Powertips","Downfall","GifTheSpireLib","Hubris","Minty Spire (QoL Compilation)","Permanent Neow","Quick Restart","Random Character Button","Rare Cards Sparkle","Relic Sorter","Relic Stats","StSLib","everything is the same but u backflip on backflip","slay the spire mod where everything is the same but ironclad has a cowboy hat"],"gold_per_floor":[0,14,34,52,52,52,100,100,10,45,64,97,97,125,142,243,243,143,153,153,173,173,198,198,32,50,50,50,50,62,77,92,92,92,92],"floor_reached":33,"language":"ENG","playtime":2081,"items_purged":["Slimebound:Strike_Slimebound"],"score":374,"play_id":"c4adc570-93b5-45c6-a658-50f02078405a","local_time":"20210225103031","is_ascension_mode":true,"campfire_choices":[{"data":"Secret Technique","floor":1,"key":"SMITH"},{"data":"Slimebound:Prepare","floor":6,"key":"SMITH"},{"data":"Slimebound:MinionMaster","floor":13,"key":"SMITH"},{"floor":18,"key":"RECALL"},{"floor":29,"key":"REST"}],"circlet_count":0,"master_deck":["Slimebound:Tackle","Slimebound:Defend_Slimebound","Slimebound:Defend_Slimebound","Slimebound:Defend_Slimebound","Slimebound:Defend_Slimebound","Slimebound:Split","Slimebound:CorrosiveSpit","Secret Technique+1","Slimebound:LeadByExample+1","Slimebound:SplitLeeching","Slimebound:Prepare+1","Slimebound:Replication","Slimebound:MinionMaster+1","Slimebound:LevelUp","Slimebound:SplitAcid","Slimebound:Teamwork","Slimebound:ServeAndProtect","Slimebound:TagTeam","Slimebound:Tackle+1","Slimebound:Tackle+1","Slimebound:Tackle+1","Slimebound:LevelUp","Slimebound:SplitBruiser","Slimebound:SlimeSpikes","Slimebound:OneTwoCombo"],"relics":["Slimebound:AbsorbEndCombat","InkBottle","Matryoshka","Regal Pillow","Philosopher\u0027s Stone","downfall:HeartBlessingBlue","Lantern","Guardian:PocketSentry","Mango","OrangePellets","downfall:ExtraCursedKey"],"acts_visited":["Exordium","TheCity"],"potions_floor_usage":[12,14,14,14,16,23,23,27,33,33,33],"damage_taken":[{"damage":1,"enemies":"2 Louse","floor":2,"turns":3},{"damage":10,"enemies":"Jaw Worm","floor":3,"turns":5},{"damage":0,"enemies":"Cultist","floor":4,"turns":4},{"damage":0,"enemies":"downfall:FleeingMerchant","floor":9,"turns":4},{"damage":5,"enemies":"Lagavulin","floor":10,"turns":7},{"damage":10,"enemies":"3 Louse","floor":11,"turns":3},{"damage":0,"enemies":"3 Sentries","floor":12,"turns":3},{"damage":8,"enemies":"Lagavulin","floor":14,"turns":8},{"damage":6,"enemies":"downfall:LooterAlt","floor":15,"turns":4},{"damage":1,"enemies":"SI_SHIV_ARCHETYPE","floor":16,"turns":16},{"damage":9,"enemies":"downfall:LooterAlt2","floor":19,"turns":4},{"damage":5,"enemies":"Spheric Guardian","floor":21,"turns":5},{"damage":19,"enemies":"Gremlin Leader","floor":23,"turns":7},{"damage":5,"enemies":"downfall:FleeingMerchant","floor":25,"turns":4},{"damage":19,"enemies":"Snake Plant","floor":26,"turns":5},{"damage":30,"enemies":"Slavers","floor":27,"turns":2},{"damage":7,"enemies":"Centurion and Healer","floor":30,"turns":4},{"damage":8,"enemies":"Sentry and Sphere","floor":31,"turns":4},{"damage":27,"enemies":"Snake Plant","floor":32,"turns":4},{"damage":20,"enemies":"IC_MUSHROOM_ARCHETYPE","floor":33,"turns":4}],"seed_played":"6515675856954700373","potions_obtained":[{"floor":4,"key":"SkillPotion"},{"floor":10,"key":"Slimebound:SlimyTonguePotion"},{"floor":11,"key":"EntropicBrew"},{"floor":12,"key":"ColorlessPotion"},{"floor":21,"key":"Slimebound:ThreeZeroPotion"},{"floor":26,"key":"SmokeBomb"},{"floor":30,"key":"SteroidPotion"},{"floor":32,"key":"Block Potion"}],"is_trial":false,"path_per_floor":["R","M","M","M","?","R","T","?","$","E","M","E","R","E","M","B",null,"R","M","?","M","?","E","T","$","M","E","?","R","M","M","M","B"],"character_chosen":"SLIMEBOUND","items_purchased":["OrangePellets"],"campfire_rested":1,"item_purchase_floors":[25],"current_hp_per_floor":[65,65,56,58,58,58,58,58,60,57,47,47,47,41,35,42,65,75,68,68,63,63,52,66,63,44,14,14,55,48,40,13,0,0,0],"gold":92,"neow_bonus":"RANDOM_COLORLESS_2","is_daily":false,"chose_seed":false,"campfire_upgraded":3,"win_rate":0.0,"timestamp":1614270631,"path_taken":["R","M","M","M","?","R","T","?","$","E","?","E","R","E","M","BOSS","R","M","?","M","?","E","T","?","M","E","?","R","?","M","M","BOSS"],"items_purchased_type":["Relic"],"build_version":"2020-12-22","purchased_purges":1,"victory":false,"max_hp_per_floor":[65,65,65,65,65,65,65,65,65,65,65,65,65,65,65,65,65,75,75,75,75,75,75,89,89,89,89,89,89,89,89,89,89,89,89],"relic_stats":{"OrangePellets":[3],"Regal Pillow":15,"counters":[20,95],"obtain_stats":[{"OrangePellets":25,"Regal Pillow":14,"Lantern":23,"Matryoshka":12,"downfall:HeartBlessingBlue":18,"Philosopher\u0027s Stone":17,"Mango":24,"downfall:ExtraCursedKey":28,"Slimebound:AbsorbEndCombat":0,"Guardian:PocketSentry":24,"InkBottle":10},{"OrangePellets":14,"Regal Pillow":8,"Lantern":13,"Matryoshka":7,"downfall:HeartBlessingBlue":10,"Philosopher\u0027s Stone":10,"Mango":13,"downfall:ExtraCursedKey":16,"Slimebound:AbsorbEndCombat":0,"Guardian:PocketSentry":13,"InkBottle":5},{"OrangePellets":73,"Regal Pillow":33,"Lantern":69,"Matryoshka":26,"downfall:HeartBlessingBlue":53,"Philosopher\u0027s Stone":53,"Mango":69,"downfall:ExtraCursedKey":79,"Slimebound:AbsorbEndCombat":0,"Guardian:PocketSentry":69,"InkBottle":21}],"InkBottle":[23]},"card_choices":[{"not_picked":["Transmutation","Violence"],"picked":"Secret Technique","floor":0},{"not_picked":["Slimebound:LeechEnergy","Slimebound:ItLooksTasty"],"picked":"Slimebound:LeadByExample","floor":2},{"not_picked":["Slimebound:SplitMire","Slimebound:SlimeSlap"],"picked":"Slimebound:SplitLeeching","floor":3},{"not_picked":["Slimebound:Recollect","Slimebound:RollThrough"],"picked":"Slimebound:Prepare","floor":4},{"not_picked":["Slimebound:Prepare","Slimebound:SplitLeeching"],"picked":"Slimebound:LevelUp","floor":9},{"not_picked":["Slimebound:Dissolve","Slimebound:PressTheAttack"],"picked":"Slimebound:SplitAcid","floor":10},{"not_picked":["Slimebound:LeechingTouch","Slimebound:DisruptingSlam"],"picked":"Slimebound:Teamwork","floor":11},{"not_picked":["Slimebound:FormOfPuddle","Slimebound:RollThrough"],"picked":"Slimebound:ServeAndProtect","floor":12},{"not_picked":["Slimebound:GoopSpray","Slimebound:SamplingLick","Slimebound:HauntingLick"],"picked":"SKIP","floor":14},{"not_picked":["Slimebound:SpikyOuterGoop","Slimebound:Grow","Slimebound:LeechingTouch"],"picked":"SKIP","floor":15},{"not_picked":["Slimebound:Teamwork","Slimebound:MassFeed"],"picked":"Slimebound:TagTeam","floor":16},{"not_picked":["Slimebound:RollThrough","Slimebound:LivingWall+1","Slimebound:FlameTackle"],"picked":"SKIP","floor":19},{"not_picked":["Slimebound:RollThrough+1","Slimebound:LivingWall+1","Slimebound:SamplingLick"],"picked":"SKIP","floor":21},{"not_picked":["Slimebound:HauntingLick","Slimebound:TongueLash+1"],"picked":"Slimebound:LevelUp","floor":23},{"not_picked":["Slimebound:Nibble+1","Slimebound:LeechingTouch","Slimebound:OozeBath"],"picked":"SKIP","floor":25},{"not_picked":["Slimebound:SpikyOuterGoop+1","Slimebound:LivingWall"],"picked":"Slimebound:SplitBruiser","floor":26},{"not_picked":["Slimebound:ItLooksTasty","Slimebound:RejuvenatingLick"],"picked":"Slimebound:SlimeSpikes","floor":30},{"not_picked":["Slimebound:FinishingTackle","Slimebound:LivingWall","Slimebound:TongueLash"],"picked":"SKIP","floor":31},{"not_picked":["Slimebound:Nibble","Slimebound:SlimeBrawl"],"picked":"Slimebound:OneTwoCombo","floor":32}],"player_experience":405369,"relics_obtained":[{"floor":10,"key":"InkBottle"},{"floor":12,"key":"Matryoshka"},{"floor":14,"key":"Regal Pillow"},{"floor":23,"key":"Lantern"},{"floor":24,"key":"Guardian:PocketSentry"},{"floor":24,"key":"Mango"}],"event_choices":[{"damage_healed":0,"gold_gain":0,"player_choice":"Grow","damage_taken":0,"max_hp_gain":0,"max_hp_loss":0,"event_name":"Living Wall","floor":5,"gold_loss":0,"cards_upgraded":["Slimebound:LeadByExample"]},{"damage_healed":0,"gold_gain":0,"player_choice":"Ignored","damage_taken":0,"max_hp_gain":0,"max_hp_loss":0,"event_name":"Ghosts","floor":22,"gold_loss":0}],"is_beta":false,"boss_relics":[{"not_picked":["Coffee Dripper","Snecko Eye"],"picked":"Philosopher\u0027s Stone"}],"items_purged_floors":[9],"is_endless":false,"potions_floor_spawned":[4,10,11,12,14,21,26,27,30,32],"killed_by":"IC_MUSHROOM_ARCHETYPE","ascension_level":1}}