{"host":"9pm4ffml2aj85aj7","time":1614247763,"event":{"mods":["Act Like it!","BaseMod","BetterRewards","Bossed Relics","Gensokyo","GifTheSpireLib","Library of Ruina","Library of Ruina Extra","Lobotomy","LobotomyExtend","Minty Spire (QoL Compilation)","Relic Filter Mod","Remilia£®¿Ÿ√◊¿Ú—«£©","Replay The Spire","Shop Mod","StSLib","The Jungle","Wide Potions"],"gold_per_floor":[117,42,142,142,42,42,70,70,70,102,102,102,102,152,152,257,257,257,257,257,39,39,39,39,39,39,39,39,39,39,39,39,39,39],"floor_reached":33,"language":"ZHS","playtime":775,"items_purged":["Thrust","Thrust","Delirium"],"score":239,"play_id":"6e340d74-45a4-4589-a157-0277d5f8f459","local_time":"20210225180923","daily_mods":["SealedDeck","Time Dilation","Flight","Lethality"],"is_ascension_mode":false,"campfire_choices":[{"data":"EnergyCycle","floor":6,"key":"SMITH"},{"data":"EnergyStrike","floor":8,"key":"SMITH"},{"data":"EnergyStrike","floor":11,"key":"SMITH"},{"data":"FrontalAssault","floor":13,"key":"SMITH"},{"data":"QuickSuppression","floor":15,"key":"SMITH"},{"data":"J.A.X.","floor":23,"key":"SMITH"},{"data":"QuickSuppression","floor":25,"key":"SMITH"},{"data":"Rewind","floor":28,"key":"SMITH"},{"data":"GrazeTheGrass","floor":30,"key":"SMITH"},{"data":"Rewind","floor":32,"key":"SMITH"}],"circlet_count":0,"master_deck":["Rewind+1","Rewind+1","BackAttack","QuickSuppression+1","QuickSuppression+1","EnergyConversion","EnergyStrike+1","EnergyCycle+1","FrontalAssault+1","EnergyStrike+1","GrazeTheGrass+1","Pride","J.A.X.+1","Writhe"],"relics":["PageOfLibrarian","LetterFromLob","PageOfUniverseFragment","PageOfPinocchio","Frozen Egg 2","Ring of Greed","Golden Egg","The Courier","PageOfBlackSwan","GreatHeart","Pen Nib","Kunai","Happy Flower"],"acts_visited":["Exordium","TheCity"],"potions_floor_usage":[16,16],"damage_taken":[{"damage":0,"enemies":"Small Slimes","floor":1,"turns":1},{"damage":2,"enemies":"Lagavulin","floor":7,"turns":2},{"damage":2,"enemies":"Gremlin Nob","floor":10,"turns":1},{"damage":33,"enemies":"The Guardian","floor":16,"turns":3},{"damage":20,"enemies":"Shell Parasite","floor":18,"turns":2},{"damage":57,"enemies":"Collector","floor":33,"turns":3}],"seed_played":"-4822690801639696821","potions_obtained":[{"floor":1,"key":"BlessingOfTheForge"},{"floor":10,"key":"Fire Potion"}],"is_trial":true,"path_per_floor":["M","$","WH","?","$","R","E","R","T","E","R","$","R","?","R","B",null,"M","?","?","$","?","R","WH","R","T","WH","R","WH","R","?","R","B"],"character_chosen":"Librarian","items_purchased":["Pen Nib"],"campfire_rested":0,"item_purchase_floors":[21],"current_hp_per_floor":[60,60,60,60,60,60,60,60,60,58,58,58,58,58,58,25,71,51,51,51,51,51,51,51,51,51,51,51,51,51,51,51,0,0],"gold":39,"neow_bonus":"TRANSFORM_CARD","is_daily":false,"chose_seed":false,"campfire_upgraded":10,"win_rate":0.0,"timestamp":1614247763,"path_taken":["M","$","WH","?","$","R","E","R","T","E","R","$","R","?","R","BOSS","M","?","?","$","?","R","WH","R","T","WH","R","WH","R","?","R","BOSS"],"items_purchased_type":["Relic"],"build_version":"2020-12-22","purchased_purges":3,"victory":false,"max_hp_per_floor":[67,67,67,67,67,67,68,68,68,68,68,68,68,68,68,71,71,71,71,71,71,71,71,71,71,71,71,71,71,71,71,71,71,71],"card_choices":[{"not_picked":["BindingArms","Unlock1","Multislash","TendonChords","EnergyCycle","BizarreAttack","ExtremeEdge","ClassAndRespect"],"picked":"FrontalAssault","floor":1},{"not_picked":["EnergyCycle","Marionette","SuanNi","FrontalAssault","Outburst","Pound","FleshFillet","AsThePrescriptOrders","CumulusWall"],"picked":"SKIP","floor":7},{"not_picked":["HiddenBlade","FrontalAssault","ChiWen","GrazeTheGrass","TendonChords","QuickAttack","RepressedFlesh","DesperateStruggle"],"picked":"EnergyStrike","floor":10},{"not_picked":["Struggle+1","VenomousFangs","GreatSerpentsImpact","CoordinatedAssault","UnforgettableMelody+1","HardRehearsal","DirtyBlow","GuardingStance"],"picked":"GrazeTheGrass","floor":18}],"player_experience":63105,"relics_obtained":[{"floor":1,"key":"LetterFromLob"},{"floor":7,"key":"PageOfUniverseFragment"},{"floor":9,"key":"PageOfPinocchio"},{"floor":10,"key":"Frozen Egg 2"},{"floor":14,"key":"Ring of Greed"},{"floor":14,"key":"Golden Egg"},{"floor":14,"key":"The Courier"},{"floor":26,"key":"Kunai"}],"event_choices":[{"damage_healed":0,"gold_gain":0,"player_choice":"Ignored","damage_taken":0,"max_hp_gain":0,"max_hp_loss":0,"event_name":"Liars Game","floor":4,"gold_loss":0},{"damage_healed":0,"gold_gain":0,"player_choice":"Ignored","damage_taken":0,"max_hp_gain":0,"max_hp_loss":0,"event_name":"Ghosts","floor":19,"gold_loss":0},{"damage_healed":0,"gold_gain":0,"player_choice":"Obtain J.A.X.","damage_taken":0,"max_hp_gain":0,"max_hp_loss":0,"event_name":"Drug Dealer","floor":22,"gold_loss":0,"cards_obtained":["J.A.X."]},{"damage_healed":0,"gold_gain":0,"player_choice":"Ignored","damage_taken":0,"max_hp_gain":0,"max_hp_loss":0,"event_name":"Vampires","floor":31,"gold_loss":0}],"is_beta":false,"boss_relics":[{"not_picked":["Replay:Bronze Core","Painkiller Herb"],"picked":"PageOfBlackSwan"}],"items_purged_floors":[2,5,21],"is_endless":false,"potions_floor_spawned":[1,10],"killed_by":"Collector","ascension_level":0}}