{"host":"dlqyscxstsnu98l1","time":1614278384,"event":{"mods":["AchievementEnabler","BaseMod","Colored Map","Colored Powertips","GifTheSpireLib","Highlight Path","Minty Spire (QoL Compilation)","Random Character Button","SacredBarkPlus","StSLib","everything is the same but u backflip on backflip"],"gold_per_floor":[109,109,126,138,92,92,107,124,124,124,124,49,49,84,84,181,181,210,231,231,231],"floor_reached":20,"language":"ENG","playtime":1040,"items_purged":["Strike_P"],"score":226,"play_id":"f99036bf-af48-42c6-a7a5-121277e810b4","local_time":"20210225123944","is_ascension_mode":true,"campfire_choices":[{"data":"BowlingBash","floor":6,"key":"SMITH"},{"data":"FlyingSleeves","floor":11,"key":"SMITH"},{"data":"SashWhip","floor":13,"key":"SMITH"},{"data":"Perseverance","floor":15,"key":"SMITH"}],"circlet_count":0,"master_deck":["Strike_P","Strike_P","Strike_P","Defend_P","Defend_P","Defend_P","Defend_P","Eruption+1","Vigilance","ThirdEye","Sanctity","BowlingBash+1","SashWhip+1","FlyingSleeves+1","Consecrate","Perseverance+1","Alpha","CurseOfTheBell","Protect","WaveOfTheHand+1","PathToVictory+1"],"relics":["PureWater","NeowsBlessing","Incense Burner","Mercury Hourglass","Calipers","Calling Bell","CeramicFish","Singing Bowl","Prayer Wheel"],"acts_visited":["Exordium","TheCity"],"potions_floor_usage":[8,18,19],"damage_taken":[{"damage":0,"enemies":"Cultist","floor":1,"turns":1},{"damage":0,"enemies":"2 Louse","floor":3,"turns":1},{"damage":0,"enemies":"Jaw Worm","floor":4,"turns":1},{"damage":1,"enemies":"Exordium Thugs","floor":7,"turns":4},{"damage":2,"enemies":"Blue Slaver","floor":8,"turns":2},{"damage":12,"enemies":"Lagavulin","floor":14,"turns":4},{"damage":9,"enemies":"Slime Boss","floor":16,"turns":7},{"damage":19,"enemies":"2 Thieves","floor":18,"turns":5},{"damage":20,"enemies":"Spheric Guardian","floor":19,"turns":6},{"damage":34,"enemies":"Cultist and Chosen","floor":20,"turns":5}],"seed_played":"238248641127465653","potions_obtained":[{"floor":1,"key":"DuplicationPotion"},{"floor":8,"key":"Energy Potion"},{"floor":18,"key":"AttackPotion"}],"is_trial":false,"path_per_floor":["M","T","M","M","$","R","M","M","T","?","R","$","R","E","R","B",null,"M","M","M"],"character_chosen":"WATCHER","items_purchased":["SashWhip"],"campfire_rested":0,"item_purchase_floors":[5],"current_hp_per_floor":[65,65,65,65,65,65,64,62,62,62,62,62,62,50,50,41,64,45,27,0,0],"gold":231,"neow_bonus":"THREE_ENEMY_KILL","is_daily":false,"chose_seed":false,"campfire_upgraded":4,"win_rate":0.0,"timestamp":1614278384,"path_taken":["M","?","M","M","$","R","M","M","T","?","R","$","R","E","R","BOSS","M","M","M"],"items_purchased_type":["Card"],"build_version":"2020-12-22","purchased_purges":1,"victory":false,"max_hp_per_floor":[72,72,72,72,72,72,72,72,72,72,72,72,72,72,72,72,72,72,74,74,74],"card_choices":[{"not_picked":["Weave","BowlingBash"],"picked":"ThirdEye","floor":1},{"not_picked":["Crescendo","WreathOfFlame"],"picked":"Sanctity","floor":3},{"not_picked":["Halt","SandsOfTime"],"picked":"BowlingBash","floor":4},{"not_picked":["PathToVictory","Weave"],"picked":"FlyingSleeves","floor":7},{"not_picked":["CutThroughFate","EmptyBody"],"picked":"Consecrate","floor":8},{"not_picked":["MentalFortress","Prostrate"],"picked":"Perseverance","floor":14},{"not_picked":["Omniscience","Judgement"],"picked":"Alpha","floor":16},{"not_picked":["CarveReality","WreathOfFlame+1"],"picked":"Protect","floor":18},{"not_picked":["FlyingSleeves+1","Conclude"],"picked":"WaveOfTheHand+1","floor":18},{"not_picked":["FollowUp+1","Worship","CrushJoints"],"picked":"Singing Bowl","floor":19},{"not_picked":["WindmillStrike+1","DeceiveReality+1"],"picked":"PathToVictory+1","floor":19}],"player_experience":278386,"relics_obtained":[{"floor":2,"key":"Incense Burner"},{"floor":9,"key":"Mercury Hourglass"},{"floor":14,"key":"Calipers"},{"floor":17,"key":"CeramicFish"},{"floor":17,"key":"Singing Bowl"},{"floor":17,"key":"Prayer Wheel"}],"event_choices":[{"damage_healed":0,"gold_gain":0,"player_choice":"Grow","damage_taken":0,"max_hp_gain":0,"max_hp_loss":0,"event_name":"Living Wall","floor":10,"gold_loss":0,"cards_upgraded":["Eruption"]}],"is_beta":false,"boss_relics":[{"not_picked":["Runic Pyramid","Astrolabe"],"picked":"Calling Bell"}],"items_purged_floors":[12],"is_endless":false,"potions_floor_spawned":[1,8,18],"killed_by":"Cultist and Chosen","ascension_level":6}}