{"host":"6r762osam2bvfm66","time":1614257925,"event":{"mods":["AchievementEnabler","BaseMod","Colored Map","Highlight Path","Minty Spire (QoL Compilation)","Relic Stats","ojb\u0027s Info Mod"],"gold_per_floor":[115,128,26,101,101,133,133,133,133,146,180,200,233,251,251,346,346,365,118,129,139,189,189,189],"floor_reached":23,"language":"ENG","playtime":1264,"items_purged":["Strike_B","Strike_B"],"score":285,"play_id":"aa205cb3-18ab-4892-8925-4f53acc71215","local_time":"20210225065845","is_ascension_mode":true,"campfire_choices":[{"data":"Zap","floor":7,"key":"SMITH"},{"floor":15,"key":"REST"}],"circlet_count":0,"master_deck":["Strike_B","Defend_B","Defend_B","Defend_B","Defend_B","Zap+1","Dualcast","FTL","Ball Lightning","Leap+1","Streamline+1","Conserve Battery","Cold Snap","Seek","Rebound","Core Surge","Echo Form","Hologram+1","Heatsinks+1","Creative AI","Leap","White Noise"],"relics":["Cracked Core","Dream Catcher","Bottled Lightning","Singing Bowl","Peace Pipe","Blue Candle","Sozu","Orrery"],"acts_visited":["Exordium","TheCity"],"potions_floor_usage":[11,13],"damage_taken":[{"damage":7,"enemies":"Small Slimes","floor":1,"turns":3},{"damage":0,"enemies":"2 Louse","floor":2,"turns":2},{"damage":16,"enemies":"Lagavulin","floor":6,"turns":5},{"damage":0,"enemies":"Cultist","floor":10,"turns":2},{"damage":2,"enemies":"Gremlin Nob","floor":11,"turns":3},{"damage":7,"enemies":"Lots of Slimes","floor":12,"turns":3},{"damage":3,"enemies":"3 Sentries","floor":13,"turns":6},{"damage":4,"enemies":"Looter","floor":14,"turns":2},{"damage":26,"enemies":"The Guardian","floor":16,"turns":11},{"damage":28,"enemies":"2 Thieves","floor":18,"turns":4},{"damage":14,"enemies":"3 Byrds","floor":20,"turns":4},{"damage":16,"enemies":"Snake Plant","floor":21,"turns":5},{"damage":19,"enemies":"Book of Stabbing","floor":23,"turns":1}],"seed_played":"-6180483551849144015","potions_obtained":[{"floor":1,"key":"BlessingOfTheForge"},{"floor":6,"key":"SkillPotion"},{"floor":11,"key":"Strength Potion"}],"is_trial":false,"path_per_floor":["M","M","$","?","?","E","R","?","T","M","E","M","E","M","R","B",null,"M","$","M","M","?","E"],"character_chosen":"DEFECT","items_purchased":["Leap","Orrery"],"campfire_rested":1,"item_purchase_floors":[3,19],"current_hp_per_floor":[61,61,61,50,50,34,34,19,19,19,17,10,7,5,30,4,60,32,36,24,8,8,0,0],"gold":189,"neow_bonus":"RANDOM_COMMON_RELIC","is_daily":false,"chose_seed":false,"campfire_upgraded":1,"win_rate":0.0,"timestamp":1614257925,"path_taken":["M","M","$","?","?","E","R","?","T","M","E","M","E","M","R","BOSS","M","$","M","M","?","E"],"items_purchased_type":["Card","Relic"],"build_version":"2020-12-22","purchased_purges":2,"victory":false,"max_hp_per_floor":[75,75,75,75,75,75,75,75,75,75,75,75,75,77,79,79,79,79,83,85,85,85,85,85],"relic_stats":{"Peace Pipe":0,"Sozu":1,"Dream Catcher":1,"Singing Bowl":10,"counters":[13,51],"Blue Candle":[0],"obtain_stats":[{"Peace Pipe":11,"Sozu":17,"Dream Catcher":0,"Singing Bowl":9,"Blue Candle":13,"Orrery":19,"Bottled Lightning":6,"Cracked Core":0},{"Peace Pipe":5,"Sozu":9,"Dream Catcher":0,"Singing Bowl":3,"Blue Candle":7,"Orrery":10,"Bottled Lightning":3,"Cracked Core":0},{"Peace Pipe":15,"Sozu":37,"Dream Catcher":0,"Singing Bowl":10,"Blue Candle":24,"Orrery":41,"Bottled Lightning":10,"Cracked Core":0}]},"card_choices":[{"not_picked":["Hologram","Barrage"],"picked":"FTL","floor":1},{"not_picked":["Darkness","Aggregate"],"picked":"Ball Lightning","floor":2},{"not_picked":["Stack","Leap"],"picked":"Conserve Battery","floor":6},{"not_picked":["Gash","Leap"],"picked":"Cold Snap","floor":10},{"not_picked":["Gash","Ball Lightning"],"picked":"Seek","floor":11},{"not_picked":["Sweeping Beam","Cold Snap"],"picked":"Rebound","floor":12},{"not_picked":["Gash","Compile Driver"],"picked":"Core Surge","floor":13},{"not_picked":["Stack","Beam Cell","Conserve Battery"],"picked":"Singing Bowl","floor":14},{"not_picked":["Cold Snap","Beam Cell","Turbo"],"picked":"Singing Bowl","floor":15},{"not_picked":["Biased Cognition","Rainbow"],"picked":"Echo Form","floor":16},{"not_picked":["Melter","Turbo"],"picked":"Hologram+1","floor":18},{"not_picked":["Compile Driver","Capacitor"],"picked":"Heatsinks+1","floor":19},{"not_picked":["Go for the Eyes+1","Loop"],"picked":"Creative AI","floor":19},{"not_picked":["Gash","Sweeping Beam","Beam Cell"],"picked":"Singing Bowl","floor":19},{"not_picked":["Streamline","Redo"],"picked":"Leap","floor":19},{"not_picked":["Redo","Steam","Beam Cell"],"picked":"Singing Bowl","floor":19},{"not_picked":["Stack","Undo","Rip and Tear+1"],"picked":"Singing Bowl","floor":20},{"not_picked":["Scrape","Go for the Eyes"],"picked":"White Noise","floor":21}],"player_experience":139581,"relics_obtained":[{"floor":6,"key":"Bottled Lightning"},{"floor":9,"key":"Singing Bowl"},{"floor":11,"key":"Peace Pipe"},{"floor":13,"key":"Blue Candle"}],"event_choices":[{"damage_healed":0,"gold_gain":75,"player_choice":"Gather Gold","damage_taken":11,"max_hp_gain":0,"max_hp_loss":0,"event_name":"World of Goop","floor":4,"gold_loss":0},{"damage_healed":0,"gold_gain":0,"cards_transformed":["Strike_B"],"player_choice":"Change","damage_taken":0,"max_hp_gain":0,"max_hp_loss":0,"event_name":"Living Wall","floor":5,"gold_loss":0,"cards_obtained":["Streamline"]},{"damage_healed":0,"gold_gain":0,"player_choice":"Entered Light","damage_taken":15,"max_hp_gain":0,"max_hp_loss":0,"event_name":"Shining Light","floor":8,"gold_loss":0,"cards_upgraded":["Streamline","Leap"]},{"damage_healed":0,"gold_gain":100,"player_choice":"Bet on Murderer","damage_taken":0,"max_hp_gain":0,"max_hp_loss":0,"event_name":"The Joust","floor":22,"gold_loss":50}],"is_beta":false,"boss_relics":[{"not_picked":["Empty Cage","Calling Bell"],"picked":"Sozu"}],"items_purged_floors":[3,19],"is_endless":false,"potions_floor_spawned":[1,6,11,18],"killed_by":"Book of Stabbing","ascension_level":7}}