{"host":"d2gh6suihlstufn7","time":1614256254,"event":{"mods":["AchievementEnabler","BaseMod","Colored Map","Colored Powertips","Minty Spire (QoL Compilation)","Permanent Neow","Quick Restart","StSLib","SuperFastMode"],"gold_per_floor":[111,31,31,31,51,51,61,78,78,78,93,93,106,119,119,223,223,238,238,238,290,389,389,314,314,314,16,28,48,48,63,63,163,163,183,196,196,196,249,249,279,292,292,292,214,214,226,258,258,258,258],"floor_reached":50,"language":"KOR","playtime":2114,"items_purged":[],"score":540,"play_id":"c89b61b0-b8aa-4d1f-932c-3ff15406f81c","local_time":"20210225213054","is_ascension_mode":false,"campfire_choices":[{"data":"After Image","floor":6.0,"key":"SMITH"},{"floor":10.0,"key":"REST"},{"data":"Footwork","floor":12.0,"key":"SMITH"},{"data":"Terror","floor":15.0,"key":"SMITH"},{"data":"A Thousand Cuts","floor":23.0,"key":"SMITH"},{"data":"Dash","floor":25.0,"key":"SMITH"},{"data":"Neutralize","floor":30.0,"key":"SMITH"},{"floor":32.0,"key":"REST"},{"data":"1","floor":40.0,"key":"LIFT"},{"floor":44.0,"key":"REST"},{"floor":46.0,"key":"RECALL"},{"floor":49.0,"key":"REST"}],"circlet_count":0,"master_deck":["Strike_G","Strike_G","Strike_G","Defend_G","Defend_G","Defend_G","Survivor","Neutralize+1","After Image+1","Quick Slash+1","Footwork+1","Terror+1","Dash+1","Blade Dance+1","Backflip+1","A Thousand Cuts+1","Doppelganger+1","Corpse Explosion+1","Leg Sweep+1","Ghostly+1","Ghostly+1","Ghostly+1","Ghostly+1","Ghostly+1","Backflip+1","Corpse Explosion+1","Blade Dance+1","Burst+1","Choke","Blade Dance+1","Crippling Poison+1","Catalyst+1","Blade Dance+1","Corpse Explosion+1"],"relics":["Ring of the Snake","Toxic Egg 2","Astrolabe","Bag of Marbles","Ornamental Fan","Regal Pillow","Bronze Scales","Sozu","Girya","White Beast Statue","Gremlin Horn"],"acts_visited":["Exordium","TheCity","TheBeyond"],"potions_floor_usage":[50,50],"damage_taken":[{"damage":0.0,"enemies":"Jaw Worm","floor":1.0,"turns":7.0},{"damage":0.0,"enemies":"Cultist","floor":5.0,"turns":4.0},{"damage":2.0,"enemies":"Small Slimes","floor":7.0,"turns":5.0},{"damage":2.0,"enemies":"Blue Slaver","floor":8.0,"turns":3.0},{"damage":0.0,"enemies":"Large Slime","floor":11.0,"turns":5.0},{"damage":0.0,"enemies":"2 Fungi Beasts","floor":13.0,"turns":4.0},{"damage":10.0,"enemies":"Blue Slaver","floor":14.0,"turns":3.0},{"damage":11.0,"enemies":"Hexaghost","floor":16.0,"turns":11.0},{"damage":9.0,"enemies":"Spheric Guardian","floor":18.0,"turns":7.0},{"damage":0.0,"enemies":"Chosen","floor":28.0,"turns":7.0},{"damage":3.0,"enemies":"Snecko","floor":29.0,"turns":5.0},{"damage":0.0,"enemies":"Centurion and Healer","floor":31.0,"turns":6.0},{"damage":19.0,"enemies":"Automaton","floor":33.0,"turns":13.0},{"damage":2.0,"enemies":"3 Darklings","floor":35.0,"turns":3.0},{"damage":1.0,"enemies":"3 Shapes","floor":36.0,"turns":3.0},{"damage":0.0,"enemies":"2 Orb Walkers","floor":39.0,"turns":4.0},{"damage":22.0,"enemies":"Nemesis","floor":41.0,"turns":11.0},{"damage":5.0,"enemies":"3 Darklings","floor":42.0,"turns":3.0},{"damage":16.0,"enemies":"Sphere and 2 Shapes","floor":47.0,"turns":4.0},{"damage":14.0,"enemies":"Giant Head","floor":48.0,"turns":10.0},{"damage":54,"enemies":"Awakened One","floor":50,"turns":13}],"seed_played":"5982160530606060777","potions_obtained":[{"floor":4.0,"key":"GhostInAJar"},{"floor":4.0,"key":"EntropicBrew"},{"floor":4.0,"key":"SteroidPotion"},{"floor":7.0,"key":"DistilledChaos"},{"floor":11.0,"key":"AttackPotion"},{"floor":33.0,"key":"FairyPotion"}],"is_trial":false,"path_per_floor":["M","$","?","?","M","R","M","M","T","R","M","R","M","M","R","B",null,"M","?","?","T","?","R","?","R","T","$","M","M","R","M","R","B",null,"M","M","?","?","?","R","E","M","T","R","$","R","M","E","R","B"],"character_chosen":"THE_SILENT","items_purchased":["Footwork","Regal Pillow","Bronze Scales","Catalyst+1"],"campfire_rested":4,"item_purchase_floors":[2,27,27,45],"current_hp_per_floor":[49,49,35,35,35,35,33,31,31,52,52,52,52,42,42,31,70,61,35,31,31,31,31,31,31,31,31,31,28,28,28,40,21,40,38,37,37,37,37,37,15,10,10,36,36,36,20,6,32,0,0],"gold":258,"neow_bonus":"THREE_RARE_CARDS","is_daily":false,"chose_seed":false,"campfire_upgraded":6,"win_rate":0.0,"timestamp":1614256254,"path_taken":["M","$","?","?","?","R","M","M","T","R","M","R","M","M","R","BOSS","M","?","?","?","?","R","?","R","T","?","M","M","R","M","R","BOSS","M","M","?","?","?","R","E","M","T","R","$","R","M","E","R","BOSS"],"items_purchased_type":["Card","Relic","Relic","Card"],"build_version":"2020-12-22","purchased_purges":0,"victory":false,"max_hp_per_floor":[70,70,70,70,70,70,70,70,70,70,70,70,70,70,70,70,70,70,35,40,40,40,40,40,40,40,40,40,40,40,40,40,40,40,40,40,40,38,38,38,38,38,38,38,38,38,38,38,38,38,38],"card_choices":[{"not_picked":["Phantasmal Killer","Night Terror"],"picked":"After Image","floor":0.0},{"not_picked":["Sucker Punch","Dagger Spray"],"picked":"Quick Slash","floor":1.0},{"not_picked":["Outmaneuver","Catalyst"],"picked":"Terror","floor":5.0},{"not_picked":["Calculated Gamble","Flying Knee"],"picked":"Dash","floor":7.0},{"not_picked":["Prepared","Well Laid Plans","Flying Knee"],"picked":"SKIP","floor":8.0},{"not_picked":["Dodge and Roll+1","Eviscerate","Unload"],"picked":"SKIP","floor":11.0},{"not_picked":["Deadly Poison+1","Flying Knee"],"picked":"Blade Dance+1","floor":13.0},{"not_picked":["Catalyst+1","Deadly Poison+1"],"picked":"Backflip+1","floor":14.0},{"not_picked":["Phantasmal Killer+1","After Image"],"picked":"A Thousand Cuts","floor":16.0},{"not_picked":["Catalyst+1","Slice+1","Prepared+1"],"picked":"SKIP","floor":18.0},{"not_picked":["Flying Knee","Expertise+1"],"picked":"Backflip+1","floor":28.0},{"not_picked":["Leg Sweep+1","Dagger Throw","Well Laid Plans+1"],"picked":"SKIP","floor":29.0},{"not_picked":["Blur+1","Skewer+1","Well Laid Plans"],"picked":"SKIP","floor":31.0},{"not_picked":["Unload","Grand Finale"],"picked":"Corpse Explosion+1","floor":33.0},{"not_picked":["Endless Agony","Dagger Throw+1"],"picked":"Blade Dance+1","floor":35.0},{"not_picked":["Blade Dance+1","Well Laid Plans"],"picked":"Burst+1","floor":36.0},{"not_picked":["Well Laid Plans+1","Quick Slash+1"],"picked":"Choke","floor":39.0},{"not_picked":["Riddle With Holes+1","Poisoned Stab+1"],"picked":"Blade Dance+1","floor":41.0},{"not_picked":["Dagger Spray","Poisoned Stab+1"],"picked":"Crippling Poison+1","floor":42.0},{"not_picked":["Endless Agony+1","Quick Slash"],"picked":"Blade Dance+1","floor":47.0},{"not_picked":["Distraction+1","Storm of Steel+1"],"picked":"Corpse Explosion+1","floor":48.0}],"player_experience":54541,"relics_obtained":[{"floor":9.0,"key":"Toxic Egg 2"},{"floor":21.0,"key":"Bag of Marbles"},{"floor":26.0,"key":"Ornamental Fan"},{"floor":39.0,"key":"Girya"},{"floor":41.0,"key":"White Beast Statue"},{"floor":48.0,"key":"Gremlin Horn"}],"event_choices":[{"damage_healed":0.0,"max_hp_gain":0.0,"max_hp_loss":0.0,"gold_gain":0.0,"event_name":"Shining Light","player_choice":"Entered Light","floor":3.0,"gold_loss":0.0,"damage_taken":14.0,"cards_upgraded":["Strike_G","Quick Slash"]},{"damage_healed":0.0,"max_hp_gain":0.0,"max_hp_loss":0.0,"gold_gain":0.0,"event_name":"Lab","player_choice":"Got Potions","floor":4.0,"gold_loss":0.0,"damage_taken":0.0},{"damage_healed":0.0,"max_hp_gain":0.0,"max_hp_loss":35.0,"gold_gain":0.0,"event_name":"Ghosts","player_choice":"Became a Ghost","floor":19.0,"gold_loss":0.0,"damage_taken":0.0,"cards_obtained":["Ghostly","Ghostly","Ghostly","Ghostly","Ghostly"]},{"damage_healed":0.0,"max_hp_gain":5.0,"max_hp_loss":0.0,"gold_gain":0.0,"event_name":"Forgotten Altar","player_choice":"Shed Blood","floor":20.0,"gold_loss":0.0,"damage_taken":9.0},{"damage_healed":0.0,"max_hp_gain":0.0,"max_hp_loss":0.0,"gold_gain":99.0,"event_name":"Nest","player_choice":"Stole From Cult","floor":22.0,"gold_loss":0.0,"damage_taken":0.0},{"cards_removed":["Defend_G"],"damage_healed":0.0,"max_hp_gain":0.0,"max_hp_loss":0.0,"gold_gain":0.0,"event_name":"Beggar","player_choice":"Gave Gold","floor":24.0,"gold_loss":75.0,"damage_taken":0.0},{"damage_healed":0.0,"max_hp_gain":0.0,"max_hp_loss":0.0,"gold_gain":0.0,"event_name":"SensoryStone","player_choice":"Memory 1","floor":37.0,"gold_loss":0.0,"damage_taken":0.0},{"damage_healed":0.0,"max_hp_gain":0.0,"max_hp_loss":2.0,"gold_gain":0.0,"event_name":"Winding Halls","player_choice":"Max HP","floor":38.0,"gold_loss":0.0,"damage_taken":0.0},{"damage_healed":0.0,"max_hp_gain":0.0,"max_hp_loss":0.0,"gold_gain":0.0,"event_name":"Mysterious Sphere","player_choice":"Fight","floor":39.0,"gold_loss":0.0,"damage_taken":0.0}],"is_beta":false,"boss_relics":[{"not_picked":["Ectoplasm","Fusion Hammer"],"picked":"Astrolabe"},{"not_picked":["Black Star","Cursed Key"],"picked":"Sozu"}],"items_purged_floors":[],"is_endless":false,"potions_floor_spawned":[7,11,16,28,31,33,42,47,48],"killed_by":"Awakened One","ascension_level":0}}