{"host":"0fmi5fguj5lvt8pf","time":1614238342,"event":{"mods":["BaseMod","Colored Map","Curses Come First","Downfall","Minty Spire (QoL Compilation)","Permanent Neow","StSLib"],"gold_per_floor":[99,36,36,52,52,78,78,91,110,122,135,159,187,187,206,307,307,307,321,321,321,321],"floor_reached":20,"language":"ENG","playtime":1176,"items_purged":[],"score":184,"play_id":"110ddc13-60b2-42da-b587-ed7dc94c18c2","local_time":"20210224233222","is_ascension_mode":false,"campfire_choices":[{"data":"bronze:Goto","floor":1.0,"key":"SMITH"},{"floor":18,"key":"RECALL"}],"circlet_count":0,"master_deck":["bronze:Strike","bronze:Strike","bronze:Defend","bronze:Defend","bronze:Replicate","bronze:Goto+1","bronze:ChildClass","bronze:Branch","bronze:BugBarrage","bronze:BugBarrage","bronze:OilSpill","bronze:ForLoop","bronze:DazingPulse","bronze:Shield","bronze:Format","bronze:Repulsor+1","bronze:Verify+1","bronze:DelayedGuard+1"],"relics":["sneckomod:SneckoTalon","Blue Candle","Lantern","Gambling Chip","Astrolabe"],"acts_visited":["Exordium","TheCity"],"potions_floor_usage":[19],"damage_taken":[{"damage":5.0,"enemies":"downfall:FleeingMerchant","floor":2.0,"turns":4.0},{"damage":0.0,"enemies":"2 Louse","floor":4.0,"turns":3.0},{"damage":6.0,"enemies":"Gremlin Nob","floor":6.0,"turns":4.0},{"damage":4.0,"enemies":"Small Slimes","floor":8.0,"turns":3.0},{"damage":0.0,"enemies":"Cultist","floor":9.0,"turns":3.0},{"damage":0.0,"enemies":"Gremlin Gang","floor":10.0,"turns":3.0},{"damage":0.0,"enemies":"Exordium Thugs","floor":11.0,"turns":3.0},{"damage":8.0,"enemies":"3 Sentries","floor":13.0,"turns":4.0},{"damage":0.0,"enemies":"3 Sentries","floor":14.0,"turns":3.0},{"damage":0.0,"enemies":"Blue Slaver","floor":15.0,"turns":2.0},{"damage":11.0,"enemies":"SI_SHIV_ARCHETYPE","floor":16.0,"turns":6.0},{"damage":12,"enemies":"downfall:LooterAlt2","floor":19,"turns":4},{"damage":58,"enemies":"downfall:LooterAlt2","floor":20,"turns":7}],"seed_played":"-5085390816744655264","potions_obtained":[{"floor":5.0,"key":"Swift Potion"},{"floor":5.0,"key":"sneckomod:MuddlingPotion"},{"floor":5.0,"key":"Guardian:BlockOnCardUsePotion"},{"floor":6.0,"key":"Weak Potion"},{"floor":14.0,"key":"bronze:CleanCodePotion"}],"is_trial":false,"path_per_floor":["R","$","?","M","?","E","T","M","M","M","M","T","E","?","M","B",null,"R","M","?"],"character_chosen":"THE_AUTOMATON","items_purchased":["bronze:Branch"],"campfire_rested":0,"item_purchase_floors":[2],"current_hp_per_floor":[70,65,65,65,65,59,59,55,55,55,55,55,47,47,47,36,70,70,58,0,0,0],"gold":321,"neow_bonus":"BOSS_RELIC","is_daily":false,"chose_seed":false,"campfire_upgraded":1,"win_rate":0.0,"timestamp":1614238342,"path_taken":["R","$","?","M","?","E","T","M","?","M","?","?","E","?","M","BOSS","R","M","?"],"items_purchased_type":["Card"],"build_version":"2020-12-22","purchased_purges":0,"victory":false,"max_hp_per_floor":[70,70,70,70,70,70,70,70,70,70,70,70,70,70,70,70,70,70,70,70,70,70],"card_choices":[{"not_picked":["bronze:WildBeam","bronze:BugBarrage"],"picked":"bronze:ChildClass","floor":2.0},{"not_picked":["bronze:Turbo","bronze:Deprecate"],"picked":"bronze:BugBarrage","floor":4.0},{"not_picked":["bronze:Flail","bronze:Assembly","bronze:Allocate"],"picked":"SKIP","floor":6.0},{"not_picked":["bronze:BitShift","bronze:CutThrough"],"picked":"bronze:BugBarrage","floor":8.0},{"not_picked":["bronze:DarkDash","bronze:Boost"],"picked":"bronze:OilSpill","floor":9.0},{"not_picked":["bronze:Deprecate","bronze:Separator","bronze:InfiniteBeams"],"picked":"SKIP","floor":10.0},{"not_picked":["bronze:Terminator","bronze:Flail","bronze:ForLoop"],"picked":"SKIP","floor":11.0},{"not_picked":["bronze:Hardcode","bronze:FollowUp"],"picked":"bronze:ForLoop","floor":13.0},{"not_picked":[],"picked":"bronze:DazingPulse","floor":14.0},{"not_picked":["bronze:Iterate","bronze:CutThrough"],"picked":"bronze:Shield","floor":14.0},{"not_picked":["bronze:Overheat","bronze:Turbo","bronze:BitShift"],"picked":"SKIP","floor":15.0},{"not_picked":["bronze:Verify","bronze:TinkerersToolbox"],"picked":"bronze:Format","floor":16.0},{"not_picked":["bronze:CutThrough","bronze:Optimize","bronze:DarkDash"],"picked":"SKIP","floor":19}],"player_experience":1529114,"relics_obtained":[{"floor":6.0,"key":"Blue Candle"},{"floor":7.0,"key":"Lantern"},{"floor":13.0,"key":"Gambling Chip"}],"event_choices":[{"cards_removed":["bronze:Strike"],"damage_healed":0.0,"max_hp_gain":0.0,"max_hp_loss":0.0,"gold_gain":0.0,"event_name":"The Cleric","player_choice":"Card Removal","floor":3.0,"gold_loss":0.0,"damage_taken":0.0},{"damage_healed":0.0,"max_hp_gain":0.0,"max_hp_loss":0.0,"gold_gain":0.0,"event_name":"Lab","player_choice":"Got Potions","floor":5.0,"gold_loss":0.0,"damage_taken":0.0}],"is_beta":false,"boss_relics":[{"not_picked":["Velvet Choker","Black Star"],"picked":"Astrolabe"}],"items_purged_floors":[],"is_endless":false,"potions_floor_spawned":[6,9,11,14,15,16],"killed_by":"downfall:LooterAlt2","ascension_level":0}}