{"host":"2ty4h143nj8vwezc","time":1614231537,"event":{"mods":["BaseMod","Colored Map","Googly Eyes","Highlight Path","Minty Spire (QoL Compilation)","Quick Restart","StSLib"],"gold_per_floor":[119,194,213,138,149,179,194,194,194,194,207,232,242,252,252,326,326,298,309,309,325,340,340,360,385,385,401,17,17,17,34,34,109,109,120,120,120,91,108,108,118,118,165,165,185,185,185,215,215,215],"floor_reached":51,"language":"ENG","playtime":2365,"items_purged":["Strike_B","Strike_B"],"score":1265,"play_id":"41cac7ce-b434-49b6-9e7d-4a0d0755b234","local_time":"20210225003857","is_ascension_mode":true,"campfire_choices":[{"data":"Chaos","floor":8.0,"key":"SMITH"},{"floor":10.0,"key":"REST"},{"floor":15.0,"key":"REST"},{"floor":23.0,"key":"REST"},{"floor":30.0,"key":"REST"},{"floor":32.0,"key":"REST"},{"data":"Storm","floor":40.0,"key":"SMITH"},{"data":"Seek","floor":42.0,"key":"SMITH"},{"data":"Loop","floor":44.0,"key":"SMITH"},{"floor":46.0,"key":"REST"},{"floor":49.0,"key":"REST"}],"circlet_count":0,"master_deck":["AscendersBane","Defend_B","Defend_B","Defend_B","Zap","Dualcast","Chaos+1","Steam","Cold Snap","Electrodynamics","Loop+1","Lockon","BootSequence","Self Repair","Creative AI","Conserve Battery","Aggregate+1","Storm+1","Chill","Force Field","Seek+1","Compile Driver","Defragment","Coolheaded","Impatience","Chaos","Decay","Steam","Biased Cognition","Buffer+1","Coolheaded+1","Reprogram+1","Loop","Hologram","Leap","Capacitor","Conserve Battery","Writhe","Coolheaded+1"],"relics":["Cracked Core","NeowsBlessing","Ice Cream","StoneCalendar","CaptainsWheel","SlaversCollar","Juzu Bracelet","Cables","Astrolabe","Art of War","Kunai"],"acts_visited":["Exordium","TheCity","TheBeyond"],"potions_floor_usage":[],"damage_taken":[{"damage":0.0,"enemies":"Cultist","floor":1.0,"turns":1.0},{"damage":0.0,"enemies":"Small Slimes","floor":3.0,"turns":1.0},{"damage":0.0,"enemies":"Jaw Worm","floor":5.0,"turns":1.0},{"damage":18.0,"enemies":"Gremlin Nob","floor":6.0,"turns":4.0},{"damage":0.0,"enemies":"3 Louse","floor":7.0,"turns":2.0},{"damage":2.0,"enemies":"2 Fungi Beasts","floor":11.0,"turns":3.0},{"damage":18.0,"enemies":"Lagavulin","floor":12.0,"turns":5.0},{"damage":0.0,"enemies":"Red Slaver","floor":13.0,"turns":2.0},{"damage":7.0,"enemies":"Blue Slaver","floor":14.0,"turns":3.0},{"damage":27.0,"enemies":"Hexaghost","floor":16.0,"turns":9.0},{"damage":21.0,"enemies":"2 Thieves","floor":18.0,"turns":5.0},{"damage":10.0,"enemies":"Shell Parasite","floor":19.0,"turns":7.0},{"damage":5.0,"enemies":"3 Cultists","floor":21.0,"turns":3.0},{"damage":9.0,"enemies":"Centurion and Healer","floor":22.0,"turns":5.0},{"damage":25.0,"enemies":"Chosen and Byrds","floor":24.0,"turns":6.0},{"damage":45.0,"enemies":"Book of Stabbing","floor":25.0,"turns":7.0},{"damage":12.0,"enemies":"Shelled Parasite and Fungi","floor":27.0,"turns":4.0},{"damage":12.0,"enemies":"Cultist and Chosen","floor":31.0,"turns":6.0},{"damage":37.0,"enemies":"Champ","floor":33.0,"turns":9.0},{"damage":0.0,"enemies":"3 Shapes","floor":35.0,"turns":4.0},{"damage":0.0,"enemies":"Orb Walker","floor":39.0,"turns":3.0},{"damage":18.0,"enemies":"4 Shapes","floor":41.0,"turns":5.0},{"damage":33.0,"enemies":"Spire Growth","floor":45.0,"turns":5.0},{"damage":17.0,"enemies":"Reptomancer","floor":48.0,"turns":6.0},{"damage":26,"enemies":"Awakened One","floor":50,"turns":9}],"seed_played":"1459707627922885316","potions_obtained":[{"floor":1.0,"key":"Energy Potion"},{"floor":12.0,"key":"SteroidPotion"},{"floor":13.0,"key":"EntropicBrew"},{"floor":18.0,"key":"PotionOfCapacity"},{"floor":25.0,"key":"Explosive Potion"},{"floor":33.0,"key":"Energy Potion"},{"floor":41.0,"key":"Swift Potion"}],"is_trial":false,"path_per_floor":["M","?","M","$","M","E","M","R","T","R","M","E","M","M","R","B",null,"M","M","?","M","M","R","M","E","T","M","$","?","R","M","R","B",null,"M","?","?","$","M","R","M","R","T","R","M","R","?","E","R","B",null],"character_chosen":"DEFECT","items_purchased":["Defragment","Coolheaded","Impatience","Chaos","Hologram"],"campfire_rested":7,"item_purchase_floors":[28,28,28,28,38],"current_hp_per_floor":[64,53,53,53,53,35,35,35,35,56,54,36,36,29,50,30,61,40,37,37,32,30,51,33,21,21,16,16,16,37,32,53,23,59,59,59,59,59,59,59,48,48,48,48,22,43,57,47,68,42],"gold":215,"neow_bonus":"THREE_ENEMY_KILL","is_daily":false,"chose_seed":false,"campfire_upgraded":4,"win_rate":0.0,"timestamp":1614231537,"path_taken":["M","?","M","$","M","E","M","R","T","R","M","E","M","M","R","BOSS","M","M","?","M","M","R","M","E","T","M","$","?","R","M","R","BOSS","M","?","?","$","M","R","M","R","T","R","M","R","?","E","R","BOSS"],"items_purchased_type":["Card","Card","Card","Card","Card"],"build_version":"2020-12-22","purchased_purges":2,"victory":true,"max_hp_per_floor":[71,71,71,71,71,71,71,71,71,71,71,71,71,71,71,71,71,71,71,71,71,71,71,71,71,71,71,71,71,71,71,71,71,71,71,71,71,71,71,71,71,71,71,71,71,71,71,71,71,71],"card_choices":[{"not_picked":["Recycle","Sweeping Beam"],"picked":"Chaos","floor":1.0},{"not_picked":["Lockon","Sweeping Beam"],"picked":"Steam","floor":3.0},{"not_picked":["Hologram","Go for the Eyes"],"picked":"Cold Snap","floor":5.0},{"not_picked":["Barrage","Genetic Algorithm"],"picked":"Electrodynamics","floor":6.0},{"not_picked":["Hologram","Steam"],"picked":"Loop","floor":7.0},{"not_picked":["Compile Driver","Rebound"],"picked":"Lockon","floor":11.0},{"not_picked":["Beam Cell","Rebound"],"picked":"BootSequence","floor":12.0},{"not_picked":["BootSequence","Auto Shields"],"picked":"Self Repair","floor":13.0},{"not_picked":["Darkness","Coolheaded","Barrage"],"picked":"SKIP","floor":14.0},{"not_picked":["Multi-Cast","Meteor Strike"],"picked":"Creative AI","floor":16.0},{"not_picked":["Beam Cell","Hologram"],"picked":"Conserve Battery","floor":18.0},{"not_picked":["Redo","Darkness"],"picked":"Aggregate","floor":19.0},{"not_picked":["Conserve Battery","Chill+1"],"picked":"Storm","floor":21.0},{"not_picked":["Auto Shields","Streamline+1"],"picked":"Chill","floor":22.0},{"not_picked":["Glacier","Cold Snap"],"picked":"Force Field","floor":24.0},{"not_picked":["Coolheaded","Melter"],"picked":"Seek","floor":25.0},{"not_picked":["Stack","Go for the Eyes"],"picked":"Compile Driver","floor":27.0},{"not_picked":["Redo","Reprogram"],"picked":"Steam","floor":31.0},{"not_picked":["Rainbow","Seek"],"picked":"Biased Cognition","floor":33.0},{"not_picked":["Sweeping Beam","Rebound"],"picked":"Loop","floor":35.0},{"not_picked":["Sunder","Gash"],"picked":"Leap","floor":39.0},{"not_picked":["Force Field","Sweeping Beam+1"],"picked":"Capacitor","floor":41.0},{"not_picked":["Barrage+1","Redo"],"picked":"Conserve Battery","floor":45.0},{"not_picked":["Cold Snap+1","Ball Lightning+1"],"picked":"Coolheaded+1","floor":48.0}],"player_experience":486479,"relics_obtained":[{"floor":6.0,"key":"Ice Cream"},{"floor":9.0,"key":"StoneCalendar"},{"floor":12.0,"key":"CaptainsWheel"},{"floor":25.0,"key":"Juzu Bracelet"},{"floor":26.0,"key":"Cables"},{"floor":43.0,"key":"Art of War"},{"floor":48.0,"key":"Kunai"}],"event_choices":[{"damage_healed":0.0,"max_hp_gain":0.0,"max_hp_loss":0.0,"gold_gain":75.0,"event_name":"World of Goop","player_choice":"Gather Gold","floor":2.0,"gold_loss":0.0,"damage_taken":11.0},{"damage_healed":0.0,"max_hp_gain":0.0,"max_hp_loss":0.0,"gold_gain":0.0,"event_name":"Ghosts","player_choice":"Ignored","floor":20.0,"gold_loss":0.0,"damage_taken":0.0},{"damage_healed":0.0,"max_hp_gain":0.0,"max_hp_loss":0.0,"gold_gain":0.0,"event_name":"Forgotten Altar","player_choice":"Smashed Altar","floor":29.0,"gold_loss":0.0,"damage_taken":0.0,"cards_obtained":["Decay"]},{"damage_healed":0.0,"max_hp_gain":0.0,"max_hp_loss":0.0,"gold_gain":0.0,"event_name":"Upgrade Shrine","player_choice":"Upgraded","floor":36.0,"gold_loss":0.0,"damage_taken":0.0,"cards_upgraded":["Aggregate"]},{"damage_healed":0.0,"max_hp_gain":0.0,"max_hp_loss":0.0,"gold_gain":0.0,"event_name":"Tomb of Lord Red Mask","player_choice":"Ignored","floor":37.0,"gold_loss":0.0,"damage_taken":0.0},{"damage_healed":14.0,"max_hp_gain":0.0,"max_hp_loss":0.0,"gold_gain":0.0,"event_name":"Winding Halls","player_choice":"Writhe","floor":47.0,"gold_loss":0.0,"damage_taken":0.0,"cards_obtained":["Writhe"]}],"is_beta":false,"boss_relics":[{"not_picked":["Calling Bell","Empty Cage"],"picked":"SlaversCollar"},{"not_picked":["Philosopher\u0027s Stone","SacredBark"],"picked":"Astrolabe"}],"items_purged_floors":[4,28],"is_endless":false,"potions_floor_spawned":[1,12,13,14,16,18,19,25,33,41,45],"ascension_level":16}}