{"host":"90jl2h70xtuoeg0i","time":1614245591,"event":{"mods":["AchievementEnabler","BaseMod","Colored Map","Colored Powertips","Minty Spire (QoL Compilation)","Relic Stats","ojb\u0027s Better Paths Mod","ojb\u0027s Info Mod"],"gold_per_floor":[110,110,123,197,30,30,59,73,126,156,156,167,179,209,209,209,209],"floor_reached":16,"language":"ENG","playtime":1233,"items_purged":[],"score":290,"play_id":"d4be85da-866f-49ae-a537-1d6ecfd11477","local_time":"20210225043311","is_ascension_mode":true,"campfire_choices":[{"data":"Poisoned Stab","floor":6,"key":"SMITH"},{"data":"Burst","floor":11,"key":"SMITH"},{"floor":15,"key":"REST"}],"circlet_count":0,"master_deck":["AscendersBane","Strike_G","Strike_G","Strike_G","Strike_G","Strike_G","Defend_G","Defend_G","Defend_G","Defend_G","Defend_G","Survivor","Neutralize","Poisoned Stab+1","Regret","Masterful Stab","Poisoned Stab","Burst+1","Blur","Finisher+1"],"relics":["Ring of the Snake","NeowsBlessing","Akabeko","Mercury Hourglass","Membership Card","Lantern","Molten Egg 2","Bag of Marbles"],"acts_visited":["Exordium"],"potions_floor_usage":[10,14,16],"damage_taken":[{"damage":0,"enemies":"2 Louse","floor":1,"turns":1},{"damage":0,"enemies":"Jaw Worm","floor":3,"turns":1},{"damage":0,"enemies":"Lagavulin","floor":7,"turns":1},{"damage":0,"enemies":"Small Slimes","floor":8,"turns":1},{"damage":12,"enemies":"3 Sentries","floor":10,"turns":6},{"damage":3,"enemies":"Looter","floor":12,"turns":2},{"damage":0,"enemies":"Red Slaver","floor":13,"turns":3},{"damage":31,"enemies":"Lagavulin","floor":14,"turns":6},{"damage":36,"enemies":"Slime Boss","floor":16,"turns":5}],"seed_played":"7046407097688406348","potions_obtained":[{"floor":1,"key":"Explosive Potion"},{"floor":10,"key":"FearPotion"},{"floor":12,"key":"Block Potion"}],"is_trial":false,"path_per_floor":["M","?","M","T","$","R","E","M","T","E","R","M","M","E","R","B"],"character_chosen":"THE_SILENT","items_purchased":["Membership Card"],"campfire_rested":1,"item_purchase_floors":[5],"current_hp_per_floor":[59,59,59,59,59,59,59,59,59,47,47,44,44,13,32,0,0],"gold":209,"neow_bonus":"THREE_ENEMY_KILL","is_daily":false,"chose_seed":false,"campfire_upgraded":2,"win_rate":0.0,"timestamp":1614245591,"path_taken":["M","?","M","?","$","R","E","M","T","E","R","?","M","E","R","BOSS"],"items_purchased_type":["Relic"],"build_version":"2020-12-22","purchased_purges":0,"victory":false,"max_hp_per_floor":[66,66,66,66,66,66,66,66,66,66,66,66,66,66,66,66,66],"relic_stats":{"counters":[9,26],"obtain_stats":[{"Lantern":7,"NeowsBlessing":0,"Molten Egg 2":10,"Bag of Marbles":14,"Membership Card":5,"Akabeko":2,"Ring of the Snake":0,"Mercury Hourglass":4},{"Lantern":3,"NeowsBlessing":0,"Molten Egg 2":5,"Bag of Marbles":8,"Membership Card":2,"Akabeko":1,"Ring of the Snake":0,"Mercury Hourglass":2},{"Lantern":3,"NeowsBlessing":0,"Molten Egg 2":10,"Bag of Marbles":21,"Membership Card":2,"Akabeko":1,"Ring of the Snake":0,"Mercury Hourglass":2}],"Ring of the Snake":[18],"Mercury Hourglass":[99]},"card_choices":[{"not_picked":["Prepared","PiercingWail"],"picked":"Poisoned Stab","floor":1},{"not_picked":["Bane","Prepared"],"picked":"Masterful Stab","floor":3},{"not_picked":["Setup","Outmaneuver","Expertise"],"picked":"SKIP","floor":7},{"not_picked":["Deadly Poison","Sucker Punch"],"picked":"Poisoned Stab","floor":8},{"not_picked":["Well Laid Plans","Flying Knee+1"],"picked":"Burst","floor":10},{"not_picked":["Distraction","Slice+1"],"picked":"Blur","floor":12},{"not_picked":["Blade Dance","Acrobatics"],"picked":"Finisher+1","floor":13},{"not_picked":["Calculated Gamble","Expertise","Caltrops"],"picked":"SKIP","floor":14}],"player_experience":1492379,"relics_obtained":[{"floor":4,"key":"Mercury Hourglass"},{"floor":7,"key":"Lantern"},{"floor":10,"key":"Molten Egg 2"},{"floor":14,"key":"Bag of Marbles"}],"event_choices":[{"damage_healed":0,"gold_gain":0,"player_choice":"Box","damage_taken":0,"relics_obtained":["Akabeko"],"max_hp_gain":0,"max_hp_loss":0,"event_name":"Big Fish","floor":2,"gold_loss":0,"cards_obtained":["Regret"]}],"is_beta":false,"boss_relics":[],"items_purged_floors":[],"is_endless":false,"potions_floor_spawned":[1,10,12],"killed_by":"Slime Boss","ascension_level":20}}