{"host":"v54ek091sdz7ha6h","time":1614258971,"event":{"mods":["BaseMod","Colored Map","Colored Powertips","Custom Start","DeckTracker","Highlight Path","KOR Keyword Fix","Minty Spire (QoL Compilation)","Random Character Button","Rare Cards Sparkle","Relic Stats","StSLib","SuperFastMode","everything is the same but u backflip on backflip"],"gold_per_floor":[12,12,24,43,53,53,53,70,93,18,48,82,82,102,102,207,207,218,218,118,133,148,148,194,229,229,229,239,273,287,317,317,419,419,430,447,447,461,474,506,226,253,253,279,293,303,332,351,351,351,351,351,101,131,131],"floor_reached":56,"language":"KOR","playtime":1628,"items_purged":["Strike_G","Strike_G","Iron Wave","Defend_G"],"score":1831,"play_id":"cc56e07a-5263-4d79-9b03-801159d71a7b","local_time":"20210225221611","is_ascension_mode":false,"campfire_choices":[{"data":"Expertise","floor":6.0,"key":"SMITH"},{"data":"Flechettes","floor":13.0,"key":"SMITH"},{"data":"Blade Dance","floor":15.0,"key":"SMITH"},{"data":"Reflex","floor":27.0,"key":"SMITH"},{"data":"Prepared","floor":32.0,"key":"SMITH"},{"floor":49.0,"key":"RECALL"},{"data":"Acrobatics","floor":52.0,"key":"SMITH"}],"circlet_count":0,"master_deck":["Defend_G","Defend_G","Survivor","Neutralize","Expertise+1","Flechettes+1","Backflip","Grand Finale","Reflex+1","Prepared+1","After Image","Acrobatics+1","Footwork+1","Blur+1","Malaise"],"relics":["Ring of the Snake","Tiny Chest","Orichalcum","MealTicket","Runic Pyramid","FaceOfCleric","Bag of Preparation","Calipers","Bronze Scales","StrikeDummy","Empty Cage","Pantograph","Happy Flower","Bag of Marbles","Thread and Needle","Gremlin Horn","Mercury Hourglass","Oddly Smooth Stone"],"acts_visited":["Exordium","TheCity","TheBeyond","TheEnding"],"potions_floor_usage":[55,55,55],"damage_taken":[{"damage":0.0,"enemies":"2 Louse","floor":1.0,"turns":3.0},{"damage":1.0,"enemies":"Cultist","floor":3.0,"turns":3.0},{"damage":1.0,"enemies":"Jaw Worm","floor":4.0,"turns":3.0},{"damage":0.0,"enemies":"2 Fungi Beasts","floor":5.0,"turns":3.0},{"damage":0.0,"enemies":"Looter","floor":8.0,"turns":2.0},{"damage":18.0,"enemies":"3 Sentries","floor":12.0,"turns":8.0},{"damage":0.0,"enemies":"Exordium Thugs","floor":14.0,"turns":2.0},{"damage":24.0,"enemies":"Hexaghost","floor":16.0,"turns":8.0},{"damage":0.0,"enemies":"Spheric Guardian","floor":18.0,"turns":2.0},{"damage":0.0,"enemies":"Shell Parasite","floor":21.0,"turns":3.0},{"damage":6.0,"enemies":"Sentry and Sphere","floor":22.0,"turns":3.0},{"damage":0.0,"enemies":"Gremlin Leader","floor":25.0,"turns":3.0},{"damage":0.0,"enemies":"3 Cultists","floor":28.0,"turns":1.0},{"damage":0.0,"enemies":"Slavers","floor":29.0,"turns":2.0},{"damage":0.0,"enemies":"Snecko","floor":30.0,"turns":3.0},{"damage":0.0,"enemies":"Gremlin Leader","floor":31.0,"turns":3.0},{"damage":0.0,"enemies":"Automaton","floor":33.0,"turns":3.0},{"damage":0.0,"enemies":"Orb Walker","floor":35.0,"turns":1.0},{"damage":0.0,"enemies":"3 Darklings","floor":36.0,"turns":1.0},{"damage":0.0,"enemies":"Jaw Worm Horde","floor":38.0,"turns":1.0},{"damage":0.0,"enemies":"Sphere and 2 Shapes","floor":39.0,"turns":1.0},{"damage":0.0,"enemies":"Giant Head","floor":40.0,"turns":4.0},{"damage":7.0,"enemies":"Nemesis","floor":42.0,"turns":3.0},{"damage":0.0,"enemies":"Giant Head","floor":44.0,"turns":2.0},{"damage":0.0,"enemies":"4 Shapes","floor":45.0,"turns":1.0},{"damage":0.0,"enemies":"Writhing Mass","floor":46.0,"turns":2.0},{"damage":0.0,"enemies":"Reptomancer","floor":47.0,"turns":1.0},{"damage":0.0,"enemies":"Spire Growth","floor":48.0,"turns":3.0},{"damage":0.0,"enemies":"Time Eater","floor":50.0,"turns":8.0},{"damage":0.0,"enemies":"Shield and Spear","floor":54.0,"turns":1.0},{"damage":0,"enemies":"The Heart","floor":55,"turns":10}],"seed_played":"6246077984142106769","potions_obtained":[{"floor":5.0,"key":"Energy Potion"},{"floor":16.0,"key":"Weak Potion"},{"floor":22.0,"key":"Strength Potion"},{"floor":25.0,"key":"SpeedPotion"},{"floor":29.0,"key":"SkillPotion"},{"floor":31.0,"key":"Block Potion"},{"floor":33.0,"key":"DistilledChaos"},{"floor":45.0,"key":"Ancient Potion"},{"floor":48.0,"key":"PowerPotion"}],"is_trial":false,"path_per_floor":["M","?","M","M","M","R","$","M","T","$","?","E","R","M","R","B",null,"M","?","$","M","M","?","T","E","T","R","M","E","M","E","R","B",null,"M","M","?","M","M","E","$","E","T","E","M","M","E","M","R","B",null,"R","$","E","B",null],"character_chosen":"THE_SILENT","items_purchased":["Happy Flower","SpeedPotion","SpeedPotion"],"campfire_rested":0,"item_purchase_floors":[41,53,53],"current_hp_per_floor":[70,70,69,68,68,68,68,68,68,68,68,50,50,50,50,26,70,70,57,72,72,66,66,66,67,67,67,68,69,70,71,71,72,81,82,83,83,84,85,86,86,80,80,81,82,83,84,85,85,93,93,93,93,94,95],"gold":131,"neow_bonus":"TRANSFORM_TWO_CARDS","is_daily":false,"chose_seed":false,"campfire_upgraded":6,"win_rate":0.0,"timestamp":1614258971,"path_taken":["M","?","M","M","?","R","$","M","T","$","?","E","R","M","R","BOSS","M","?","$","M","M","?","?","E","T","R","M","E","M","E","R","BOSS","M","M","?","M","M","E","$","E","T","E","M","M","E","M","R","BOSS","R","$","E","BOSS"],"items_purchased_type":["Relic","Potion","Potion"],"build_version":"2020-12-22","purchased_purges":4,"victory":true,"max_hp_per_floor":[70,70,70,70,70,70,70,70,70,70,70,70,70,70,70,70,70,70,75,75,75,75,75,75,76,76,76,77,78,79,80,80,81,81,82,83,83,84,85,86,86,87,87,88,89,90,91,92,92,93,93,93,93,94,95],"relic_stats":{"Happy Flower":[10],"Gremlin Horn":[3,3],"counters":[31,93],"Bag of Preparation":[40],"Orichalcum":[54],"Mercury Hourglass":[63],"FaceOfCleric":20,"Bronze Scales":[193],"Pantograph":7,"Tiny Chest":1,"MealTicket":15,"obtain_stats":[{"Calipers":25,"Happy Flower":41,"Gremlin Horn":44,"Oddly Smooth Stone":54,"Thread and Needle":43,"Bag of Preparation":24,"Orichalcum":11,"Empty Cage":34,"Mercury Hourglass":47,"FaceOfCleric":23,"Bronze Scales":29,"Pantograph":40,"Tiny Chest":9,"MealTicket":12,"Bag of Marbles":42,"StrikeDummy":31,"Ring of the Snake":0,"Runic Pyramid":17},{"Calipers":12,"Happy Flower":22,"Gremlin Horn":24,"Oddly Smooth Stone":30,"Thread and Needle":23,"Bag of Preparation":11,"Orichalcum":5,"Empty Cage":17,"Mercury Hourglass":27,"FaceOfCleric":11,"Bronze Scales":14,"Pantograph":22,"Tiny Chest":5,"MealTicket":6,"Bag of Marbles":23,"StrikeDummy":16,"Ring of the Snake":0,"Runic Pyramid":8},{"Calipers":43,"Happy Flower":63,"Gremlin Horn":68,"Oddly Smooth Stone":84,"Thread and Needle":66,"Bag of Preparation":40,"Orichalcum":14,"Empty Cage":55,"Mercury Hourglass":72,"FaceOfCleric":40,"Bronze Scales":46,"Pantograph":63,"Tiny Chest":14,"MealTicket":22,"Bag of Marbles":66,"StrikeDummy":52,"Ring of the Snake":0,"Runic Pyramid":32}],"Ring of the Snake":[62]},"card_choices":[{"not_picked":["PiercingWail","Bane"],"picked":"Flechettes","floor":1.0},{"not_picked":["Poisoned Stab","Choke","Quick Slash"],"picked":"SKIP","floor":3.0},{"not_picked":["Well Laid Plans","Deadly Poison"],"picked":"Backflip","floor":4.0},{"not_picked":["Dagger Throw","PiercingWail"],"picked":"Grand Finale","floor":5.0},{"not_picked":["All Out Attack","Deflect","Dagger Spray"],"picked":"SKIP","floor":8.0},{"not_picked":["Quick Slash","Underhanded Strike","Blade Dance"],"picked":"SKIP","floor":12.0},{"not_picked":["Caltrops","Eviscerate","Leg Sweep"],"picked":"SKIP","floor":14.0},{"not_picked":["Dagger Throw","Underhanded Strike+1"],"picked":"Reflex","floor":18.0},{"not_picked":["PiercingWail+1","Underhanded Strike"],"picked":"Prepared","floor":21.0},{"not_picked":["Cloak And Dagger+1","Accuracy","Bane"],"picked":"SKIP","floor":22.0},{"not_picked":["Die Die Die","Catalyst","Quick Slash"],"picked":"SKIP","floor":25.0},{"not_picked":["Cloak And Dagger+1","Poisoned Stab","Blur"],"picked":"SKIP","floor":28.0},{"not_picked":["Deadly Poison","Cloak And Dagger","Caltrops"],"picked":"SKIP","floor":29.0},{"not_picked":["Envenom","Skewer+1","Backflip"],"picked":"SKIP","floor":30.0},{"not_picked":["Bane","Reflex","Poisoned Stab"],"picked":"SKIP","floor":31.0},{"not_picked":["Adrenaline","A Thousand Cuts"],"picked":"After Image","floor":33.0},{"not_picked":["Deflect+1","Dodge and Roll+1"],"picked":"Acrobatics","floor":35.0},{"not_picked":["Dodge and Roll+1","PiercingWail+1","Underhanded Strike"],"picked":"SKIP","floor":36.0},{"not_picked":["Cloak And Dagger+1","Terror+1","Dagger Throw+1"],"picked":"SKIP","floor":38.0},{"not_picked":["Expertise","Dodge and Roll+1","Dagger Throw+1"],"picked":"SKIP","floor":39.0},{"not_picked":["Slice","PiercingWail+1","Choke+1"],"picked":"SKIP","floor":40.0},{"not_picked":["Outmaneuver+1","Well Laid Plans+1","Masterful Stab+1"],"picked":"SKIP","floor":42.0},{"not_picked":["Infinite Blades+1","Accuracy","Backflip"],"picked":"SKIP","floor":44.0},{"not_picked":["Infinite Blades+1","Distraction+1"],"picked":"Footwork+1","floor":45.0},{"not_picked":["Cloak And Dagger+1","Dash"],"picked":"Blur+1","floor":46.0},{"not_picked":["Grand Finale","Acrobatics","Bouncing Flask+1"],"picked":"SKIP","floor":47.0},{"not_picked":["Infinite Blades","Dash+1","Calculated Gamble"],"picked":"SKIP","floor":48.0},{"not_picked":["Eviscerate+1","Bane"],"picked":"Malaise","floor":54.0}],"player_experience":1504768,"relics_obtained":[{"floor":9.0,"key":"Tiny Chest"},{"floor":12.0,"key":"MealTicket"},{"floor":24.0,"key":"Bag of Preparation"},{"floor":25.0,"key":"Calipers"},{"floor":29.0,"key":"Bronze Scales"},{"floor":31.0,"key":"StrikeDummy"},{"floor":40.0,"key":"Pantograph"},{"floor":42.0,"key":"Bag of Marbles"},{"floor":43.0,"key":"Thread and Needle"},{"floor":44.0,"key":"Gremlin Horn"},{"floor":47.0,"key":"Mercury Hourglass"},{"floor":54.0,"key":"Oddly Smooth Stone"}],"event_choices":[{"cards_removed":["Strike_G"],"damage_healed":0.0,"max_hp_gain":0.0,"max_hp_loss":0.0,"gold_gain":0.0,"event_name":"Wheel of Change","player_choice":"Card Removal","floor":2.0,"gold_loss":0.0,"damage_taken":0.0},{"damage_healed":0.0,"max_hp_gain":0.0,"max_hp_loss":0.0,"gold_gain":30.0,"event_name":"Dead Adventurer","player_choice":"Searched \u00273\u0027 times","floor":11.0,"gold_loss":0.0,"damage_taken":0.0,"relics_obtained":["Orichalcum"]},{"damage_healed":0.0,"max_hp_gain":5.0,"max_hp_loss":0.0,"gold_gain":0.0,"event_name":"Forgotten Altar","player_choice":"Shed Blood","floor":19.0,"gold_loss":0.0,"damage_taken":18.0},{"damage_healed":0.0,"max_hp_gain":0.0,"max_hp_loss":0.0,"gold_gain":0.0,"event_name":"FaceTrader","player_choice":"Trade","floor":23.0,"gold_loss":0.0,"damage_taken":0.0,"relics_obtained":["FaceOfCleric"]},{"cards_removed":["Blade Dance"],"damage_healed":0.0,"max_hp_gain":0.0,"max_hp_loss":0.0,"gold_gain":0.0,"event_name":"NoteForYourself","player_choice":"Took Card","floor":37.0,"gold_loss":0.0,"damage_taken":0.0,"cards_obtained":["Iron Wave"]}],"is_beta":false,"boss_relics":[{"not_picked":["Fusion Hammer","Snecko Eye"],"picked":"Runic Pyramid"},{"not_picked":["Tiny House","Calling Bell"],"picked":"Empty Cage"}],"items_purged_floors":[10,20,41,53],"is_endless":false,"potions_floor_spawned":[5,16,22,25,29,31,33,36,39,42,45,47,48,54],"ascension_level":0}}