{"host":"c83fcgyuu74iknko","time":1614292729,"event":{"mods":["BaseMod","BetterRewards","Colored Map","Colored Powertips","Minty Spire (QoL Compilation)","Quick Restart","StSLib","The Animator","The Senshi"],"gold_per_floor":[121,196,196,196,121,152,152,152,152,183,183,196,196,212,212,354,354,374,412,436,436,436,436],"floor_reached":22,"language":"ENG","playtime":739,"items_purged":["animator:Defend"],"score":288,"play_id":"fc366aae-de62-4ee9-b3e0-ab5a0c7a14e8","local_time":"20210225143849","is_ascension_mode":true,"campfire_choices":[{"floor":8,"key":"REST"},{"data":"animator:Entoma","floor":13,"key":"SMITH"},{"data":"animator:Entoma+2","floor":15,"key":"SMITH"}],"circlet_count":0,"master_deck":["animator:Strike_Overlord","animator:Defend_Overlord+1","animator:Defend+1","animator:Defend+1","animator:Cocytus","animator:Demiurge+1","animator:PandorasActor","animator:RoyMustang","animator:Hans","animator:Eris","animator:Entoma+3","animator:Albedo","animator:PandorasActor","animator:Witch","animator:CrowleyEusford"],"relics":["animator:LivingPicture","animator:TheMissingPiece","NeowsBlessing","War Paint","Golden Idol","CloakClasp","MealTicket","Mark of Pain","Red Mask"],"acts_visited":["Exordium","TheCity"],"potions_floor_usage":[16,16],"damage_taken":[{"damage":0,"enemies":"Jaw Worm","floor":1,"turns":1},{"damage":0,"enemies":"Lagavulin","floor":6,"turns":1},{"damage":0,"enemies":"Gremlin Nob","floor":10,"turns":1},{"damage":1,"enemies":"Small Slimes","floor":12,"turns":5},{"damage":8,"enemies":"2 Louse","floor":14,"turns":3},{"damage":39,"enemies":"Slime Boss","floor":16,"turns":9},{"damage":3,"enemies":"Chosen","floor":18,"turns":5},{"damage":47,"enemies":"Masked Bandits","floor":19,"turns":5},{"damage":21,"enemies":"3 Byrds","floor":20,"turns":5},{"damage":9,"enemies":"Cultist and Chosen","floor":22,"turns":3}],"seed_played":"-3304555466897637040","potions_obtained":[{"floor":12,"key":"Explosive Potion"},{"floor":14,"key":"Energy Potion"},{"floor":19,"key":"Fire Potion"},{"floor":20,"key":"Strength Potion"}],"is_trial":false,"path_per_floor":["M","?","?","?","$","E","?","R","T","E","?","M","R","M","R","B",null,"M","?","M","?","M"],"character_chosen":"THE_ANIMATOR","items_purchased":[],"campfire_rested":1,"item_purchase_floors":[],"current_hp_per_floor":[66,55,42,42,42,42,26,45,45,45,45,48,48,45,45,6,69,66,22,4,4,0,0],"gold":436,"neow_bonus":"THREE_ENEMY_KILL","is_daily":false,"chose_seed":false,"campfire_upgraded":2,"win_rate":0.0,"timestamp":1614292729,"path_taken":["M","?","?","?","$","E","?","R","T","E","?","M","R","M","R","BOSS","M","?","M","?","M"],"items_purchased_type":[],"build_version":"2020-12-22","purchased_purges":1,"victory":false,"max_hp_per_floor":[66,66,66,66,66,66,66,66,66,66,66,67,67,69,69,69,69,69,69,69,69,69,69],"card_choices":[{"not_picked":["animator:Verdia","animator:YunYun"],"picked":"animator:PandorasActor","floor":1},{"not_picked":["animator:Chris","animator:NarberalGamma"],"picked":"animator:Hans","floor":6},{"not_picked":["animator:NarberalGamma","animator:MumenRider"],"picked":"animator:Eris","floor":10},{"not_picked":["animator:Demiurge","animator:Shalltear"],"picked":"animator:Entoma","floor":12},{"not_picked":["animator:YaoHaDucy","animator:Genos","animator:RoryMercury"],"picked":"SKIP","floor":14},{"not_picked":["animator:Guren","animator:Eris"],"picked":"animator:Albedo","floor":16},{"not_picked":["animator:ElricEdward","animator:SilverFang+1","animator:Melzalgald+1"],"picked":"SKIP","floor":18},{"not_picked":["animator:Gluttony","animator:WinryRockbell"],"picked":"animator:PandorasActor","floor":19},{"not_picked":["animator:LeleiLaLalena","animator:Sonic+1","animator:Mikaela"],"picked":"SKIP","floor":20}],"player_experience":279509,"relics_obtained":[{"floor":6,"key":"War Paint"},{"floor":9,"key":"CloakClasp"},{"floor":10,"key":"MealTicket"},{"floor":19,"key":"Red Mask"}],"event_choices":[{"damage_healed":0,"gold_gain":75,"player_choice":"Gather Gold","damage_taken":11,"max_hp_gain":0,"max_hp_loss":0,"event_name":"World of Goop","floor":2,"gold_loss":0},{"damage_healed":0,"gold_gain":0,"player_choice":"Entered Light","damage_taken":13,"max_hp_gain":0,"max_hp_loss":0,"event_name":"Shining Light","floor":3,"gold_loss":0,"cards_upgraded":["animator:Defend","animator:Defend"]},{"damage_healed":0,"gold_gain":0,"cards_transformed":["animator:Strike"],"player_choice":"Change","damage_taken":0,"max_hp_gain":0,"max_hp_loss":0,"event_name":"Living Wall","floor":4,"gold_loss":0,"cards_obtained":["animator:RoyMustang"]},{"damage_healed":0,"gold_gain":0,"player_choice":"Take Damage","damage_taken":16,"relics_obtained":["Golden Idol"],"max_hp_gain":0,"max_hp_loss":0,"event_name":"Golden Idol","floor":7,"gold_loss":0},{"damage_healed":0,"gold_gain":0,"player_choice":"Bought 0 Potions","damage_taken":0,"max_hp_gain":0,"max_hp_loss":0,"event_name":"The Woman in Blue","floor":11,"gold_loss":0},{"damage_healed":0,"gold_gain":0,"player_choice":"Fought Bandits","damage_taken":0,"max_hp_gain":0,"max_hp_loss":0,"event_name":"Masked Bandits","floor":19,"gold_loss":0},{"damage_healed":0,"gold_gain":0,"cards_transformed":["animator:Strike","animator:Strike"],"player_choice":"Became Test Subject","damage_taken":0,"max_hp_gain":0,"max_hp_loss":0,"event_name":"Drug Dealer","floor":21,"gold_loss":0,"cards_obtained":["animator:Witch","animator:CrowleyEusford"]}],"is_beta":false,"boss_relics":[{"not_picked":["Busted Crown","Calling Bell"],"picked":"Mark of Pain"}],"items_purged_floors":[5],"is_endless":false,"potions_floor_spawned":[12,14,19,20],"killed_by":"Cultist and Chosen","ascension_level":4}}