{"host":"oq9vgnvl0fi8z8ha","time":1614273555,"event":{"mods":["Act Like it!","BaseMod","Block Reminder","ChefMod","Curses Come First","Evolution","Fox Events","Hallownest","Highlight Path","Minty Spire (QoL Compilation)","Relic Stats","Robot Space Explorer","Smile Girya","StSLib","The Blue Laboratory","The Bug Knight","The Runesmith","Unceasing Turn Reminder"],"gold_per_floor":[113,113,14,14,26,53,71,90,113,113,148,17,48,48,48,146,146,159,159,52,66,79,79,97,125,137,149,161,185,210,222,234,246,246],"floor_reached":33,"language":"ENG","playtime":2164,"items_purged":[],"score":363,"play_id":"c948d61d-3443-47e9-9482-869405e778ba","local_time":"20210225101915","is_ascension_mode":true,"campfire_choices":[{"floor":10.0,"key":"RECALL"},{"data":"Zap","floor":15.0,"key":"SMITH"},{"floor":23.0,"key":"REST"},{"floor":27,"key":"REST"},{"floor":32,"key":"REST"}],"circlet_count":0,"master_deck":["Sweeping Beam","Barrage","Strike_B","Zap+1","Dualcast","Trip","Sweeping Beam","Hallownest:skillLeafShield","Hallownest:skillLeafShield","Hallownest:skillLeafShield","Hallownest:skillLeafShield","Hallownest:skillLeafShield","Loop","Redo","Cold Snap","Sweeping Beam","Gash","Streamline","All For One","Lockon","Steam","Capacitor","Creative AI","Conserve Battery","Defragment","Defragment","Doom and Gloom","Double Energy+1","Storm","Cold Snap+1","Reinforced Body","Lockon"],"relics":["Cracked Core","EVO:Axolotl","Hallownest:DreamNailRelic","Happy Flower","MealTicket","Omamori","Strawberry","Inserter","MawBank","Turnip"],"acts_visited":["Exordium","TheCity"],"potions_floor_usage":[30,33],"damage_taken":[{"damage":0.0,"enemies":"Hallownest:monsterHuskWarrior","floor":1.0,"turns":2.0},{"damage":0.0,"enemies":"Hallownest:2_MossCreeps","floor":5.0,"turns":4.0},{"damage":0.0,"enemies":"Hallownest:eliteMossKnight","floor":6.0,"turns":4.0},{"damage":0.0,"enemies":"Hallownest:2_Baldur","floor":7.0,"turns":4.0},{"damage":10.0,"enemies":"Hallownest:Guard_and_Warrior","floor":8.0,"turns":5.0},{"damage":7.0,"enemies":"Hallownest:eliteCrystalGuardian","floor":11.0,"turns":5.0},{"damage":1.0,"enemies":"Hallownest:eliteVengeflyKing","floor":13.0,"turns":6.0},{"damage":35.0,"enemies":"Hallownest:BossFalseKnight","floor":16.0,"turns":7.0},{"damage":5.0,"enemies":"Chosen","floor":18.0,"turns":3.0},{"damage":30.0,"enemies":"2 Thieves","floor":21.0,"turns":4.0},{"damage":34.0,"enemies":"Snake Plant","floor":22.0,"turns":4.0},{"damage":34.0,"enemies":"Sentry and Sphere","floor":24.0,"turns":6.0},{"damage":5,"enemies":"HollowMod:Nosk","floor":25,"turns":6},{"damage":9,"enemies":"Centurion and Healer","floor":29,"turns":7},{"damage":24,"enemies":"Cultist and Chosen","floor":30,"turns":6},{"damage":62,"enemies":"Automaton","floor":33,"turns":6}],"seed_played":"-1860148708778743760","potions_obtained":[{"floor":6.0,"key":"blueLaboratory:SystemWipe"},{"floor":7.0,"key":"DistilledChaos"},{"floor":8.0,"key":"SteroidPotion"},{"floor":24.0,"key":"Explosive Potion"},{"floor":29,"key":"GamblersBrew"},{"floor":30,"key":"blueLaboratory:PlasmaFuel"}],"is_trial":false,"path_per_floor":["M","?","$","?","M","E","M","M","T","R","E","$","E","T","R","B",null,"M","?","$","M","M","R","M","E","T","R","$","M","M","?","R","B"],"character_chosen":"DEFECT","items_purchased":["Loop","Redo","Lockon","Steam","Defragment","Doom and Gloom"],"campfire_rested":3,"item_purchase_floors":[3,3,12,12,20,20],"current_hp_per_floor":[75,75,75,75,75,75,75,65,65,65,58,73,79,79,79,44,82,77,77,82,52,18,42,8,3,3,27,42,33,9,9,33,0,0],"gold":246,"neow_bonus":"RANDOM_COLORLESS","is_daily":false,"chose_seed":false,"campfire_upgraded":1,"win_rate":0.0,"timestamp":1614273555,"path_taken":["M","?","$","?","M","E","M","M","T","R","E","?","E","?","R","BOSS","M","?","?","?","M","R","M","E","T","R","$","M","?","?","R","BOSS"],"items_purchased_type":["Card","Card","Card","Card","Card","Card"],"build_version":"2020-12-22","purchased_purges":0,"victory":false,"max_hp_per_floor":[75,75,75,75,75,75,75,75,75,75,75,75,82,82,82,82,82,82,82,82,82,82,82,82,82,82,82,82,82,82,82,82,82,82],"relic_stats":{"Inserter":[21],"Happy Flower":[23],"counters":[16,77],"MealTicket":35,"Turnip":[4],"MawBank":96,"obtain_stats":[{"Inserter":17,"Happy Flower":6,"Strawberry":13,"MealTicket":9,"Turnip":26,"Hallownest:DreamNailRelic":4,"Omamori":11,"EVO:Axolotl":0,"Cracked Core":0,"MawBank":25},{"Inserter":8,"Happy Flower":3,"Strawberry":7,"MealTicket":5,"Turnip":13,"Hallownest:DreamNailRelic":1,"Omamori":6,"EVO:Axolotl":0,"Cracked Core":0,"MawBank":13},{"Inserter":35,"Happy Flower":9,"Strawberry":28,"MealTicket":17,"Turnip":58,"Hallownest:DreamNailRelic":2,"Omamori":22,"EVO:Axolotl":0,"Cracked Core":0,"MawBank":58}]},"card_choices":[{"not_picked":["Jack Of All Trades","Flash of Steel"],"picked":"Trip","floor":0.0},{"not_picked":["Darkness","Redo"],"picked":"Sweeping Beam","floor":1.0},{"not_picked":["Loop","Turbo"],"picked":"Cold Snap","floor":5.0},{"not_picked":["Beam Cell","Coolheaded"],"picked":"Sweeping Beam","floor":6.0},{"not_picked":["Turbo","Beam Cell"],"picked":"Gash","floor":7.0},{"not_picked":["Sweeping Beam","Sunder"],"picked":"Streamline","floor":8.0},{"not_picked":["Steam Power","Redo"],"picked":"All For One","floor":11.0},{"not_picked":["Double Energy","Steam"],"picked":"Capacitor","floor":13.0},{"not_picked":["Rainbow","Hyperbeam"],"picked":"Creative AI","floor":16.0},{"not_picked":["Heatsinks+1","Barrage"],"picked":"Conserve Battery","floor":18.0},{"not_picked":["Barrage","Steam Power","Rebound+1"],"picked":"SKIP","floor":21.0},{"not_picked":["Turbo","Hologram"],"picked":"Double Energy+1","floor":22.0},{"not_picked":["Turbo","Steam"],"picked":"Storm","floor":24.0},{"not_picked":["Storm+1","Leap"],"picked":"Cold Snap+1","floor":25},{"not_picked":["Steam Power+1","Rebound"],"picked":"Reinforced Body","floor":29},{"not_picked":["Loop+1","Rebound"],"picked":"Lockon","floor":30}],"player_experience":317187,"relics_obtained":[{"floor":6.0,"key":"Happy Flower"},{"floor":9.0,"key":"MealTicket"},{"floor":11.0,"key":"Omamori"},{"floor":13.0,"key":"Strawberry"},{"floor":25,"key":"MawBank"},{"floor":26,"key":"Turnip"}],"event_choices":[{"damage_healed":0.0,"max_hp_gain":0.0,"max_hp_loss":0.0,"gold_gain":0.0,"cards_transformed":["Strike_B"],"event_name":"Transmorgrifier","player_choice":"Transformed","floor":19.0,"gold_loss":0.0,"damage_taken":0.0,"cards_obtained":["Defragment"]},{"damage_healed":0,"gold_gain":0,"player_choice":"Ignored","damage_taken":0,"max_hp_gain":0,"max_hp_loss":0,"event_name":"Cursed Tome","floor":31,"gold_loss":0}],"is_beta":false,"boss_relics":[{"not_picked":["Tiny House","FrozenCore"],"picked":"Inserter"}],"items_purged_floors":[],"is_endless":false,"potions_floor_spawned":[6,7,8,24,29,30],"killed_by":"Automaton","ascension_level":2}}