{"host":"vk2xyavtylxbvrfq","time":1614286214,"event":{"mods":["Bard","BaseMod","Bestiary","Better Altar","Better Match","Better Note","Better Sensory Stone","Better Skull","Better Vampires","Block Reminder","Bossed Relics","Colored Map","Curses Come First","Displayed Cursed Tome","Downfall","Extra Virgin Snecko Oil","Fox Events","Hermit","Ironclad Rager","Marked Mod","Minty Spire (QoL Compilation)","Quick Restart","Rare Cards Sparkle","Relic Sorter","Reliquary","Robot Space Explorer","StSLib","The Hayseed","The Runesmith","Unceasing Turn Reminder"],"gold_per_floor":[112,112,37,54,14,44,57,69,69,69,35,3,3,19,19,123,123,111,111,129,129,129,129],"floor_reached":22,"language":"ENG","playtime":813,"items_purged":[],"score":258,"play_id":"098c40f3-fbe9-43da-8435-09839dad0381","local_time":"20210225155014","is_ascension_mode":true,"campfire_choices":[{"floor":10.0,"key":"REST"},{"floor":13.0,"key":"REST"},{"data":"hermit:Combo","floor":15.0,"key":"SMITH"}],"circlet_count":0,"master_deck":["hermit:Strike_Hermit","hermit:Strike_Hermit","hermit:Strike_Hermit","hermit:Strike_Hermit","hermit:Defend_Hermit","hermit:Defend_Hermit","hermit:Defend_Hermit","hermit:Defend_Hermit","hermit:Snapshot","hermit:Covet","Mayhem","hermit:BodyArmor","Regret","Panacea+1","hermit:Headshot+1","hermit:BigShot","hermit:BigShot","hermit:Combo+1","hermit:Glare","hermit:Gestalt","hermit:FlashPowder","hermit:CalledShot","hermit:HeroicBravado","hermit:Grudge+1","hermit:ItchyTrigger+1","hermit:EyeOfTheStorm"],"relics":["hermit:Momento","Ornamental Fan","reliquary:BallBearing","reliquary:TridentHead","reliquary:ThirdArm","MutagenicStrength"],"acts_visited":["Exordium","TheCity"],"potions_floor_usage":[],"damage_taken":[{"damage":4.0,"enemies":"Jaw Worm","floor":1.0,"turns":4.0},{"damage":0.0,"enemies":"Small Slimes","floor":4.0,"turns":4.0},{"damage":35.0,"enemies":"Gremlin Nob","floor":6.0,"turns":5.0},{"damage":0.0,"enemies":"Cultist","floor":7.0,"turns":3.0},{"damage":23.0,"enemies":"Lots of Slimes","floor":8.0,"turns":4.0},{"damage":4.0,"enemies":"3 Louse","floor":14.0,"turns":4.0},{"damage":10.0,"enemies":"Slime Boss","floor":16.0,"turns":9.0},{"damage":19.0,"enemies":"2 Thieves","floor":18.0,"turns":5.0},{"damage":4.0,"enemies":"Shell Parasite","floor":20.0,"turns":6.0},{"damage":16,"enemies":"Cultist and Chosen","floor":22,"turns":6}],"seed_played":"-1723754410610079834","potions_obtained":[{"floor":4.0,"key":"FearPotion"},{"floor":7.0,"key":"sneckomod:MuddlingPotion"},{"floor":14.0,"key":"LiquidMemories"},{"floor":16.0,"key":"FearPotion"}],"is_trial":false,"path_per_floor":["M","?","?","M","$","E","M","M","T","R","$","?","R","M","R","B",null,"M","?","M","?","M"],"character_chosen":"HERMIT","items_purchased":["hermit:BigShot","hermit:FlashPowder"],"campfire_rested":2,"item_purchase_floors":[5,11],"current_hp_per_floor":[64,64,64,64,64,29,29,6,6,26,26,26,46,42,42,32,59,40,40,36,36,20,20],"gold":129,"neow_bonus":"RANDOM_COLORLESS_2","is_daily":false,"chose_seed":false,"campfire_upgraded":1,"win_rate":0.0,"timestamp":1614286214,"path_taken":["M","?","?","?","$","E","M","M","T","R","$","?","R","M","R","BOSS","M","?","M","?","M"],"items_purchased_type":["Card","Card"],"build_version":"2020-12-22","purchased_purges":0,"victory":false,"max_hp_per_floor":[68,68,68,68,68,68,68,68,68,68,68,68,68,68,68,68,68,68,68,68,68,68,68],"card_choices":[{"not_picked":["Thinking Ahead","Secret Technique"],"picked":"Mayhem","floor":0.0},{"not_picked":["hermit:HoleUp","hermit:Vantage"],"picked":"hermit:BodyArmor","floor":1.0},{"not_picked":["Blind+1","Mind Blast+1"],"picked":"Panacea+1","floor":3.0},{"not_picked":["hermit:SprayPray+1","hermit:TrackingShot+1"],"picked":"hermit:Headshot+1","floor":3.0},{"not_picked":["hermit:Quickdraw","hermit:HighCaliber"],"picked":"hermit:BigShot","floor":4.0},{"not_picked":["hermit:HeroicBravado","hermit:Grudge"],"picked":"hermit:Combo","floor":6.0},{"not_picked":["hermit:Misfire","hermit:Quickdraw"],"picked":"hermit:Glare","floor":7.0},{"not_picked":["hermit:Misfire","hermit:Coalescence"],"picked":"hermit:Gestalt","floor":8.0},{"not_picked":["hermit:HoleUp","hermit:Desperado"],"picked":"hermit:CalledShot","floor":14.0},{"not_picked":["hermit:Purgatory","hermit:DeadOrAlive"],"picked":"hermit:HeroicBravado","floor":16.0},{"not_picked":["hermit:Glare+1","hermit:ShadowCloak"],"picked":"hermit:Grudge+1","floor":18.0},{"not_picked":["hermit:HighCaliber","hermit:Desperado"],"picked":"hermit:ItchyTrigger+1","floor":20.0}],"player_experience":1482215,"relics_obtained":[{"floor":6.0,"key":"reliquary:BallBearing"},{"floor":9.0,"key":"reliquary:TridentHead"}],"event_choices":[{"damage_healed":0.0,"max_hp_gain":0.0,"max_hp_loss":0.0,"gold_gain":0.0,"event_name":"Big Fish","player_choice":"Box","floor":2.0,"gold_loss":0.0,"damage_taken":0.0,"relics_obtained":["Ornamental Fan"],"cards_obtained":["Regret"]},{"damage_healed":0.0,"max_hp_gain":0.0,"max_hp_loss":0.0,"gold_gain":0.0,"event_name":"betterMatch:BetterMatch","player_choice":"2","floor":3.0,"gold_loss":0.0,"damage_taken":0.0,"cards_obtained":["betterMatch:ColorlessUncommonCard","betterMatch:CommonCard"]},{"damage_healed":0.0,"max_hp_gain":0.0,"max_hp_loss":0.0,"gold_gain":0.0,"event_name":"World of Goop","player_choice":"Left Gold","floor":12.0,"gold_loss":32.0,"damage_taken":0.0},{"damage_healed":0.0,"max_hp_gain":0.0,"max_hp_loss":0.0,"gold_gain":0.0,"event_name":"Drug Dealer","player_choice":"Inject Mutagens","floor":19.0,"gold_loss":0.0,"damage_taken":0.0,"relics_obtained":["MutagenicStrength"]},{"damage_healed":0.0,"max_hp_gain":0.0,"max_hp_loss":0.0,"gold_gain":0.0,"event_name":"The Library","player_choice":"Read","floor":21.0,"gold_loss":0.0,"damage_taken":0.0,"cards_obtained":["hermit:EyeOfTheStorm"]}],"is_beta":false,"boss_relics":[{"not_picked":["Busted Crown","bronze:MakeshiftBattery"],"picked":"reliquary:ThirdArm"}],"items_purged_floors":[],"is_endless":false,"potions_floor_spawned":[4,7,14,16],"killed_by":"Cultist and Chosen","ascension_level":8}}