{"host":"ugys05tpep779cl6","time":1614255667,"event":{"mods":["AchievementEnabler","Aspiration","BaseMod","Beaked The Cultist","CatGirl Mod","Colored Powertips","HololiveMod","Lobotomy","Minty Spire (QoL Compilation)","Quick Restart","Replay The Spire","Spicy Shops","StSLib","The Druid"],"gold_per_floor":[114,114,134,134,151,151,186,186,186,202,227,239,339,374,374,478,478,498,518,343,343,357,357,389,401,480,498,527,539,573,573,573,668,668,682,682,393,407,420,454,454,485,510,510,218,247,261,279,279,279,279,279,38,73,73],"floor_reached":56,"language":"ENG","playtime":3552,"items_purged":["Defend_R","Defend_R","Defend_R"],"score":1815,"play_id":"75785189-a93a-4a60-a569-dc213fcc31be","local_time":"20210225132107","is_ascension_mode":true,"campfire_choices":[{"data":"Neutralize","floor":6.0,"key":"SMITH"},{"data":"ReplayReversal","floor":8.0,"key":"SMITH"},{"data":"Strike_R","floor":15.0,"key":"PURGE"},{"floor":23.0,"key":"RECALL"},{"data":"Body Slam","floor":32.0,"key":"SMITH"},{"data":"Limit Break","floor":41.0,"key":"SMITH"},{"data":"Uppercut","floor":44.0,"key":"SMITH"},{"data":"Double Tap","floor":49.0,"key":"SMITH"},{"data":"Flame Barrier","floor":52.0,"key":"SMITH"}],"circlet_count":0,"master_deck":["Strike_R+1","Strike_R+1","Defend_R+1","Disarm+1","Survivor","Neutralize+1","ReplayReversal+1","Spot Weakness","Iron Wave","Disarm","Double Tap+1","Flame Barrier+1","Shrug It Off+1","Body Slam+1","Shrug It Off+1","Limit Break+1","Disarm+1","Disarm+1","Uppercut+1"],"relics":["Burning Blood","aspiration:DSix","War Paint","Happy Flower","Vajra","ChewingGum","Bag of Marbles","Anchor","King of Hearts","Replay:Kaleidoscope","MutagenicStrength","Empty Cage","Blue Doll","BargainBundle","ReplayTheSpireMod:Shallot","Peace Pipe","MealTicket","Counterbalance","Akabeko","HornCleat","Bottled Lightning"],"acts_visited":["Exordium","TheCity","TheBeyond","TheEnding"],"potions_floor_usage":[55,55,55,55,55,55],"damage_taken":[{"damage":12.0,"enemies":"Small Slimes","floor":1.0,"turns":5.0},{"damage":5.0,"enemies":"Jaw Worm","floor":3.0,"turns":4.0},{"damage":0.0,"enemies":"Cultist","floor":5.0,"turns":4.0},{"damage":25.0,"enemies":"3 Sentries","floor":7.0,"turns":14.0},{"damage":4.0,"enemies":"3 Louse","floor":10.0,"turns":6.0},{"damage":31.0,"enemies":"Gremlin Nob","floor":11.0,"turns":6.0},{"damage":0.0,"enemies":"Gremlin Gang","floor":12.0,"turns":5.0},{"damage":0.0,"enemies":"Lagavulin","floor":14.0,"turns":8.0},{"damage":20.0,"enemies":"The Guardian","floor":16.0,"turns":11.0},{"damage":6.0,"enemies":"Shell Parasite","floor":18.0,"turns":6.0},{"damage":40.0,"enemies":"Spheric Guardian","floor":19.0,"turns":7.0},{"damage":0.0,"enemies":"Snake Plant","floor":22.0,"turns":4.0},{"damage":40.0,"enemies":"Slavers","floor":24.0,"turns":7.0},{"damage":0.0,"enemies":"Snecko","floor":25.0,"turns":5.0},{"damage":3.0,"enemies":"Centurion and Healer","floor":27.0,"turns":5.0},{"damage":0.0,"enemies":"Book of Stabbing","floor":28.0,"turns":7.0},{"damage":0.0,"enemies":"Snake Plant","floor":29.0,"turns":3.0},{"damage":0.0,"enemies":"Gremlin Leader","floor":30.0,"turns":4.0},{"damage":40.0,"enemies":"Pondfish","floor":33.0,"turns":25.0},{"damage":0.0,"enemies":"Orb Walker","floor":35.0,"turns":3.0},{"damage":7.0,"enemies":"3 Darklings","floor":38.0,"turns":4.0},{"damage":0.0,"enemies":"Writhing Mass","floor":39.0,"turns":6.0},{"damage":20.0,"enemies":"R_Hoarder","floor":40.0,"turns":10.0},{"damage":31.0,"enemies":"Nemesis","floor":42.0,"turns":11.0},{"damage":11.0,"enemies":"Giant Head","floor":46.0,"turns":9.0},{"damage":1.0,"enemies":"Spire Growth","floor":47.0,"turns":4.0},{"damage":0.0,"enemies":"3 Darklings","floor":48.0,"turns":6.0},{"damage":54.0,"enemies":"Awakened One","floor":50.0,"turns":16.0},{"damage":16,"enemies":"Shield and Spear","floor":54,"turns":6},{"damage":32,"enemies":"The Heart","floor":55,"turns":11}],"seed_played":"-3646864566469914984","potions_obtained":[{"floor":5.0,"key":"LifebloodPotion"},{"floor":7.0,"key":"BloodPotion"},{"floor":10.0,"key":"Milkshake"},{"floor":16.0,"key":"Energy Potion"},{"floor":19.0,"key":"Swift Potion"},{"floor":24.0,"key":"DuplicationPotion"},{"floor":27.0,"key":"Toxic Potion"},{"floor":28.0,"key":"Explosive Potion"},{"floor":33.0,"key":"Strength Potion"},{"floor":47.0,"key":"EntropicBrew"},{"floor":48.0,"key":"Dexterity Potion"}],"is_trial":false,"path_per_floor":["M","?","M","?","M","R","E","R","T","M","E","M","?","E","R","B",null,"M","M","$","?","M","R","E","M","T","M","E","M","E","?","R","B",null,"M","?","$","M","M","E","R","E","T","R","$","E","M","M","R","B",null,"R","$","E","B",null],"character_chosen":"IRONCLAD","items_purchased":["Blue Doll","BargainBundle","Counterbalance","HornCleat"],"campfire_rested":0,"item_purchase_floors":[37,37,45,53],"current_hp_per_floor":[74,58,59,59,65,65,46,46,46,48,39,45,45,51,51,37,80,80,46,46,46,52,52,18,24,24,27,33,39,45,45,45,11,80,80,80,80,79,80,66,66,41,41,41,56,51,56,62,62,14,80,80,80,70,44],"gold":73,"neow_bonus":"DSIX","is_daily":false,"chose_seed":false,"campfire_upgraded":7,"win_rate":0.0,"timestamp":1614255667,"path_taken":["M","?","M","?","M","R","E","R","T","?","E","?","?","E","R","BOSS","M","?","?","?","M","R","E","M","T","M","E","?","E","?","R","BOSS","M","?","$","M","M","E","R","E","T","R","?","E","?","M","R","BOSS","R","$","E","BOSS"],"items_purchased_type":["Relic","Relic","Relic","Relic"],"build_version":"2020-12-22","purchased_purges":3,"victory":true,"max_hp_per_floor":[80,80,80,80,80,80,80,80,80,80,80,80,80,80,80,80,80,80,80,80,80,80,80,80,80,80,80,80,80,80,80,80,80,80,80,80,80,80,80,80,80,80,80,80,80,80,80,80,80,80,80,80,80,80,80],"card_choices":[{"not_picked":["Armaments","Dual Wield"],"picked":"Disarm","floor":1.0},{"not_picked":["ReplayTheSpireMod:Stacked","ReplayTheSpireMod:Muscle Training","Bloodletting"],"picked":"SKIP","floor":3.0},{"not_picked":["ReplayTheSpireMod:Stacked","Rage","Headbutt"],"picked":"SKIP","floor":5.0},{"not_picked":["Ghostly Armor","Run Through"],"picked":"ReplayReversal","floor":7.0},{"not_picked":["Thunderclap","Demonic Infusion"],"picked":"Spot Weakness","floor":10.0},{"not_picked":["Infernal Blade","Power Through"],"picked":"Iron Wave","floor":11.0},{"not_picked":["Heavy Blade","Sword Boomerang"],"picked":"Disarm","floor":12.0},{"not_picked":["ReplayTheSpireMod:Corrosion Curse","Bloodletting","Pummel"],"picked":"SKIP","floor":14.0},{"not_picked":["Corruption","Offering"],"picked":"Double Tap","floor":16.0},{"not_picked":["Wild Strike","Flex+1","Clothesline"],"picked":"SKIP","floor":18.0},{"not_picked":["Perfected Strike","Rupture"],"picked":"Flame Barrier","floor":19.0},{"not_picked":["True Grit","Flex","Clash+1"],"picked":"SKIP","floor":22.0},{"not_picked":["Warcry","Clothesline"],"picked":"Shrug It Off+1","floor":24.0},{"not_picked":["Reaper","Intimidate"],"picked":"Body Slam","floor":25.0},{"not_picked":["Sever Soul+1","ReplayTheSpireMod:Strike From Hell+1","Pommel Strike+1"],"picked":"SKIP","floor":27.0},{"not_picked":["Body Slam","Rage","ReplayTheSpireMod:Strike From Hell"],"picked":"SKIP","floor":28.0},{"not_picked":["Battle Trance+1","Shrug It Off","Flex"],"picked":"SKIP","floor":29.0},{"not_picked":["Feel No Pain","Sentinel"],"picked":"Shrug It Off+1","floor":30.0},{"not_picked":["Fiend Fire","Demonic Infusion"],"picked":"Limit Break","floor":33.0},{"not_picked":["Flex+1","Dropkick+1","Flame Barrier"],"picked":"SKIP","floor":35.0},{"not_picked":["Twin Strike","Iron Wave"],"picked":"Disarm+1","floor":38.0},{"not_picked":["Perfected Strike","Shrug It Off+1","Rampage+1"],"picked":"SKIP","floor":39.0},{"not_picked":["True Grit+1","Eclipse","Clash+1"],"picked":"SKIP","floor":40.0},{"not_picked":["Cleave","Clash+1"],"picked":"Uppercut","floor":42.0},{"not_picked":["Headbutt","Body Slam","Twin Strike"],"picked":"SKIP","floor":46.0},{"not_picked":["Rampage+1","Flex","Headbutt"],"picked":"SKIP","floor":47.0},{"not_picked":["Reckless Charge","Demonic Infusion","Headbutt+1"],"picked":"SKIP","floor":48.0},{"not_picked":["Second Wind","Perfected Strike+1","Hemokinesis+1"],"picked":"SKIP","floor":54}],"player_experience":777250,"relics_obtained":[{"floor":7.0,"key":"War Paint"},{"floor":11.0,"key":"Happy Flower"},{"floor":14.0,"key":"Vajra"},{"floor":24.0,"key":"Anchor"},{"floor":28.0,"key":"King of Hearts"},{"floor":30.0,"key":"Replay:Kaleidoscope"},{"floor":40.0,"key":"ReplayTheSpireMod:Shallot"},{"floor":42.0,"key":"Peace Pipe"},{"floor":43.0,"key":"MealTicket"},{"floor":46.0,"key":"Akabeko"},{"floor":54,"key":"Bottled Lightning"}],"event_choices":[{"damage_healed":0.0,"max_hp_gain":0.0,"max_hp_loss":0.0,"gold_gain":0.0,"event_name":"Shining Light","player_choice":"Entered Light","floor":2.0,"gold_loss":0.0,"damage_taken":16.0,"cards_upgraded":["Strike_R","Strike_R"]},{"damage_healed":0.0,"max_hp_gain":0.0,"max_hp_loss":0.0,"gold_gain":100.0,"event_name":"Wheel of Change","player_choice":"Gold","floor":13.0,"gold_loss":0.0,"damage_taken":0.0},{"damage_healed":0.0,"max_hp_gain":0.0,"max_hp_loss":0.0,"gold_gain":0.0,"event_name":"WeMeetAgain","player_choice":"Gave Potion","floor":21.0,"gold_loss":0.0,"damage_taken":0.0,"relics_obtained":["Bag of Marbles"]},{"damage_healed":0.0,"max_hp_gain":0.0,"max_hp_loss":0.0,"gold_gain":0.0,"event_name":"Drug Dealer","player_choice":"Inject Mutagens","floor":31.0,"gold_loss":0.0,"damage_taken":0.0,"relics_obtained":["MutagenicStrength"]},{"damage_healed":0.0,"max_hp_gain":0.0,"max_hp_loss":0.0,"gold_gain":0.0,"event_name":"Duplicator","player_choice":"Copied","floor":36.0,"gold_loss":0.0,"damage_taken":0.0,"cards_obtained":["Disarm"]}],"is_beta":false,"boss_relics":[{"not_picked":["Honey Jar","Abe\u0027s Treasure"],"picked":"ChewingGum"},{"not_picked":["Replay:Drink Me","SacredBark"],"picked":"Empty Cage"}],"items_purged_floors":[20,20,37],"is_endless":false,"potions_floor_spawned":[5,7,10,16,19,24,27,28,33,38,47,48,54],"ascension_level":3}}