{"host":"61r95uy0hn86b9iu","time":1614214840,"event":{"mods":["AchievementEnabler","BaseMod","Better Vampires","BetterRewards","Colored Powertips","Hubris","Minty Spire (QoL Compilation)","Shop Mod","StSLib"],"gold_per_floor":[117,130,130,154,180,192,236,248,314,476,488,517,600,91,91,170,170,188,198,248,16,29,29,40,40,40,59,55,55,70,101,101,101,101],"floor_reached":33,"language":"ENG","playtime":868,"items_purged":["Doubt"],"score":716,"play_id":"9d6288b8-2678-4494-8acf-cd6eb1b3bafa","local_time":"20210224190040","is_ascension_mode":true,"campfire_choices":[{"floor":6.0,"key":"REST"},{"floor":8.0,"key":"REST"},{"floor":15.0,"key":"REST"},{"data":"Chrysalis","floor":23,"key":"SMITH"},{"floor":32,"key":"REST"}],"circlet_count":0,"master_deck":["AscendersBane","Defend_B","Defend_B","Zap","Dualcast","Sunder","Double Energy","Leap","Go for the Eyes","Chill","Sweeping Beam+1","Doom and Gloom+1","Chrysalis+1","Melter+1","Thunder Strike+1","Rainbow+1","Reinforced Body+1","Beam Cell+1","Glacier","Conserve Battery","hubris:PowerSurge","Consume","Defragment"],"relics":["Cracked Core","Turnip","Molten Egg 2","HornCleat","hubris:BallOfYels","MerchantsRug","Anchor","Shuriken","PreservedInsect"],"acts_visited":["Exordium","TheCity"],"potions_floor_usage":[27,31,33],"damage_taken":[{"damage":3.0,"enemies":"2 Louse","floor":1.0,"turns":2.0},{"damage":0.0,"enemies":"Cultist","floor":2.0,"turns":2.0},{"damage":2.0,"enemies":"Jaw Worm","floor":4.0,"turns":3.0},{"damage":6.0,"enemies":"3 Louse","floor":5.0,"turns":3.0},{"damage":46.0,"enemies":"Gremlin Nob","floor":7.0,"turns":5.0},{"damage":10.0,"enemies":"Red Slaver","floor":12.0,"turns":2.0},{"damage":40.0,"enemies":"The Guardian","floor":16.0,"turns":10.0},{"damage":0.0,"enemies":"Spheric Guardian","floor":18.0,"turns":2.0},{"damage":7.0,"enemies":"Chosen","floor":19.0,"turns":4.0},{"damage":0,"enemies":"Snake Plant","floor":22,"turns":3},{"damage":8,"enemies":"Chosen and Byrds","floor":24,"turns":5},{"damage":0,"enemies":"Shelled Parasite and Fungi","floor":27,"turns":4},{"damage":0,"enemies":"Snake Plant","floor":30,"turns":3},{"damage":49,"enemies":"Gremlin Leader","floor":31,"turns":10},{"damage":55,"enemies":"Automaton","floor":33,"turns":6}],"seed_played":"6005887770237219449","potions_obtained":[{"floor":1.0,"key":"PotionOfCapacity"},{"floor":11.0,"key":"Explosive Potion"},{"floor":11.0,"key":"Strength Potion"},{"floor":16.0,"key":"Strength Potion"},{"floor":19.0,"key":"LiquidMemories"},{"floor":27,"key":"Ancient Potion"}],"is_trial":false,"path_per_floor":["M","M","?","M","M","R","E","R","T","?","?","M","?","$","R","B",null,"M","M","?","$","M","R","M","?","T","M","$","$","M","E","R","B"],"character_chosen":"DEFECT","items_purchased":["Sunder","Strawberry","Chrysalis","Melter+1","MerchantsRug","Lee\u0027s Waffle","Defragment"],"campfire_rested":4,"item_purchase_floors":[0,14,14,14,21,21,28],"current_hp_per_floor":[47,47,47,45,39,60,14,35,35,35,35,25,25,32,55,15,62,62,55,55,85,85,85,77,77,77,77,77,77,77,28,53,0,0],"gold":101,"neow_bonus":"","is_daily":false,"chose_seed":false,"campfire_upgraded":1,"win_rate":0.0,"timestamp":1614214840,"path_taken":["M","M","?","?","?","R","E","R","T","?","?","?","?","$","R","BOSS","M","M","?","?","?","R","M","?","T","M","?","$","?","E","R","BOSS"],"items_purchased_type":["Card","Relic","Card","Card","Relic","Relic","Card"],"build_version":"2020-12-22","purchased_purges":1,"victory":false,"max_hp_per_floor":[71,71,71,71,71,71,71,71,71,71,71,71,71,78,78,78,78,78,78,78,85,85,85,85,85,85,85,85,85,85,85,85,85,85],"card_choices":[{"not_picked":["Redo","Beam Cell","Hologram"],"picked":"SKIP","floor":1.0},{"not_picked":["Cold Snap","Blizzard"],"picked":"Leap","floor":2.0},{"not_picked":["Cold Snap","Fusion"],"picked":"Go for the Eyes","floor":4.0},{"not_picked":["Recycle","Compile Driver"],"picked":"Chill","floor":5.0},{"not_picked":["Turbo","hubris:PowerSurge"],"picked":"Sweeping Beam+1","floor":7.0},{"not_picked":["Hologram","Go for the Eyes+1"],"picked":"Doom and Gloom+1","floor":12.0},{"not_picked":["Seek","Machine Learning"],"picked":"Thunder Strike+1","floor":16.0},{"not_picked":["Sweeping Beam+1","FTL+1"],"picked":"Glacier","floor":18.0},{"not_picked":["Leap","Streamline+1"],"picked":"Conserve Battery","floor":19.0},{"not_picked":["Genetic Algorithm","Rebound+1","hubris:PowerSurge"],"picked":"SKIP","floor":22},{"not_picked":["Genetic Algorithm","Rebound+1"],"picked":"hubris:PowerSurge","floor":22},{"not_picked":["BootSequence","Undo","hubris:PowerSurge"],"picked":"SKIP","floor":24},{"not_picked":["Blizzard+1","Self Repair"],"picked":"Consume","floor":27},{"not_picked":["Turbo","Compile Driver+1","Consume"],"picked":"SKIP","floor":30},{"not_picked":["Compile Driver+1","Rebound+1","Beam Cell+1"],"picked":"SKIP","floor":31}],"player_experience":3398965,"relics_obtained":[{"floor":7.0,"key":"Molten Egg 2"},{"floor":9.0,"key":"HornCleat"},{"floor":9.0,"key":"hubris:BallOfYels"},{"floor":26,"key":"Anchor"},{"floor":26,"key":"Shuriken"},{"floor":31,"key":"PreservedInsect"}],"event_choices":[{"damage_healed":0.0,"max_hp_gain":0.0,"max_hp_loss":0.0,"gold_gain":0.0,"event_name":"WeMeetAgain","player_choice":"Gave Potion","floor":3.0,"gold_loss":0.0,"damage_taken":0.0,"relics_obtained":["MawBank"]},{"damage_healed":0.0,"max_hp_gain":0.0,"max_hp_loss":0.0,"gold_gain":150.0,"event_name":"Liars Game","player_choice":"AGREE","floor":10.0,"gold_loss":0.0,"damage_taken":0.0,"cards_obtained":["Doubt"]},{"damage_healed":0.0,"max_hp_gain":0.0,"max_hp_loss":0.0,"gold_gain":0.0,"event_name":"Lab","player_choice":"Got Potions","floor":11.0,"gold_loss":0.0,"damage_taken":0.0},{"damage_healed":0.0,"max_hp_gain":0.0,"max_hp_loss":0.0,"gold_gain":71.0,"event_name":"Golden Wing","player_choice":"Gained Gold","floor":13.0,"gold_loss":0.0,"damage_taken":0.0},{"damage_healed":0,"gold_gain":100,"player_choice":"Bet on Murderer","damage_taken":0,"max_hp_gain":0,"max_hp_loss":0,"event_name":"The Joust","floor":20,"gold_loss":50},{"cards_removed":["Strike_B"],"damage_healed":0,"gold_gain":0,"player_choice":"Purged","damage_taken":0,"max_hp_gain":0,"max_hp_loss":0,"event_name":"Purifier","floor":25,"gold_loss":0}],"is_beta":false,"boss_relics":[{"not_picked":["hubris:BlackHole","Runic Pyramid"],"picked":"Astrolabe"}],"items_purged_floors":[14],"is_endless":false,"potions_floor_spawned":[1,16,19,24,27],"killed_by":"Automaton","ascension_level":19}}