{"host":"lrlpjk0euiz9m2wl","time":1614272906,"event":{"mods":["AchievementEnabler","BaseMod","BetterRewards","Downfall","Minty Spire (QoL Compilation)","StSLib"],"gold_per_floor":[99,110,125,145,155,172,172,172,172,182,199,212,227,246,256,256,256,256],"floor_reached":16,"language":"ENG","playtime":1069,"items_purged":[],"score":102,"play_id":"91442b37-3891-4c99-ad3b-8490bf138010","local_time":"20210225180826","is_ascension_mode":false,"campfire_choices":[],"circlet_count":0,"master_deck":["sneckomod:Strike","sneckomod:Strike","sneckomod:Strike+1","sneckomod:Defend","sneckomod:Defend","sneckomod:Defend","sneckomod:TailWhip","sneckomod:SnekBite+1","sneckomod:Unknown","champ:RageSigil","sneckomod:Unknown2Cost+1","sneckomod:UnknownUncommonPower","sneckomod:UnknownBlock","sneckomod:UnlimitedRolls","sneckomod:UnknownUncommonAttack","downfall:Malfunctioning","Regret","sneckomod:SnakeSap","sneckomod:UnknownX","sneckomod:Unknown0Cost","sneckomod:SoulExchange","sneckomod:Nope"],"relics":["sneckomod:SneckoSoul","The Courier","Anchor"],"acts_visited":["Exordium"],"potions_floor_usage":[16],"damage_taken":[{"damage":6,"enemies":"Jaw Worm","floor":2,"turns":3},{"damage":10,"enemies":"2 Louse","floor":3,"turns":3},{"damage":0,"enemies":"Small Slimes","floor":4,"turns":2},{"damage":0,"enemies":"Exordium Wildlife","floor":5,"turns":2},{"damage":32,"enemies":"Exordium Thugs","floor":6,"turns":6},{"damage":19,"enemies":"Lots of Slimes","floor":10,"turns":4},{"damage":2,"enemies":"3 Louse","floor":11,"turns":3},{"damage":16,"enemies":"Exordium Thugs","floor":12,"turns":4},{"damage":13,"enemies":"Large Slime","floor":13,"turns":3},{"damage":0,"enemies":"downfall:LooterAlt","floor":14,"turns":3},{"damage":0,"enemies":"Lots of Slimes","floor":15,"turns":1},{"damage":31,"enemies":"WA_ARCHETYPE_RETAIN","floor":16,"turns":4}],"seed_played":"6455128772563975626","potions_obtained":[{"floor":2,"key":"LiquidMemories"},{"floor":6,"key":"SpeedPotion"},{"floor":12,"key":"ColorlessPotion"},{"floor":15,"key":"sneckomod:DiceRollPotion"}],"is_trial":false,"path_per_floor":["R","M","M","M","M","M","T","?","?","M","M","M","M","M","M","B"],"character_chosen":"THE_SNECKO","items_purchased":[],"campfire_rested":0,"item_purchase_floors":[],"current_hp_per_floor":[99,93,83,83,83,51,51,51,51,32,30,14,14,14,14,0,0,0],"gold":256,"neow_bonus":"TEN_PERCENT_HP_BONUS","is_daily":false,"chose_seed":false,"campfire_upgraded":0,"win_rate":0.0,"timestamp":1614272906,"path_taken":["R","M","M","M","M","M","T","?","?","M","M","M","M","M","M","BOSS"],"items_purchased_type":[],"build_version":"2020-12-22","purchased_purges":0,"victory":false,"max_hp_per_floor":[99,99,99,99,99,99,99,99,99,99,99,99,99,99,99,99,99,99],"card_choices":[{"not_picked":["sneckomod:Unknown1Cost","sneckomod:UnknownCommonAttack"],"picked":"sneckomod:Unknown2Cost","floor":2},{"not_picked":["sneckomod:QuickBite","sneckomod:RainOfDice"],"picked":"sneckomod:UnknownUncommonPower","floor":3},{"not_picked":["sneckomod:UnknownCommonSkill","sneckomod:RainOfDice"],"picked":"sneckomod:UnknownBlock","floor":4},{"not_picked":["sneckomod:UnknownStrike","sneckomod:WideSting"],"picked":"sneckomod:UnlimitedRolls","floor":5},{"not_picked":["sneckomod:QuickBite","sneckomod:SerpentIdol"],"picked":"sneckomod:UnknownUncommonAttack","floor":6},{"not_picked":["sneckomod:RainOfDice","sneckomod:UnknownUncommonSkill"],"picked":"sneckomod:SnakeSap","floor":10},{"not_picked":["sneckomod:DiceBlock","sneckomod:UnknownCommonAttack","sneckomod:WideSting"],"picked":"SKIP","floor":11},{"not_picked":["sneckomod:SoulDraw","sneckomod:SoulCleanse"],"picked":"sneckomod:UnknownX","floor":12},{"not_picked":["sneckomod:WideSting","sneckomod:UnknownCommonAttack"],"picked":"sneckomod:Unknown0Cost","floor":13},{"not_picked":["sneckomod:IronFang","sneckomod:SerpentIdol"],"picked":"sneckomod:SoulExchange","floor":14},{"not_picked":["sneckomod:UnknownCommonAttack","sneckomod:Unknown1Cost"],"picked":"sneckomod:Nope","floor":15}],"player_experience":138697,"relics_obtained":[{"floor":7,"key":"The Courier"}],"event_choices":[{"damage_healed":0,"gold_gain":0,"player_choice":"Box","damage_taken":0,"relics_obtained":["Anchor"],"max_hp_gain":0,"max_hp_loss":0,"event_name":"Big Fish","floor":9,"gold_loss":0,"cards_obtained":["Regret"]}],"is_beta":false,"boss_relics":[],"items_purged_floors":[],"is_endless":false,"potions_floor_spawned":[2,6,12,15],"killed_by":"WA_ARCHETYPE_RETAIN","ascension_level":0}}