{"host":"p4yrwepmrl4g8pul","time":1614238567,"event":{"mods":["Act Like it!","BaseMod","BetterRewards","Colored Map","Custom Start","Downfall","Gensokyo","Marisa£®ÏF”Í°°ƒß¿Ì…≥£©","Minty Spire (QoL Compilation)","Rare Cards Sparkle","Reimu£®≤©¿ˆ¡È√Œ£©","Remilia£®¿Ÿ√◊¿Ú—«£©","Remove Card Discount Mod","Shop Mod","StSLib","Thieving Mod"],"gold_per_floor":[99,113,88,104,122,132,132,132,132,165,65,78,97,118,137,137,137],"floor_reached":16,"language":"ZHS","playtime":674,"items_purged":["Strike_R","Strike_R","Strike_R","Bash","Defend_R"],"score":208,"play_id":"0ddbdb46-8257-477b-975f-8db2eece544c","local_time":"20210225153607","is_ascension_mode":true,"campfire_choices":[{"floor":1.0,"key":"RECALL"},{"data":"Armaments","floor":11,"key":"SMITH"}],"circlet_count":0,"master_deck":["AscendersBane","Strike_R","Defend_R","Defend_R","Defend_R","Body Slam","Warcry","Twin Strike","Warcry","Cleave","Armaments+1","Entrench","Iron Wave"],"relics":["Burning Blood","Lee\u0027s Waffle","downfall:HeartBlessingRed","Odd Mushroom"],"acts_visited":["Exordium"],"potions_floor_usage":[12],"damage_taken":[{"damage":12.0,"enemies":"Small Slimes","floor":2.0,"turns":4.0},{"damage":5.0,"enemies":"downfall:FleeingMerchant","floor":3.0,"turns":4.0},{"damage":4.0,"enemies":"2 Louse","floor":4.0,"turns":4.0},{"damage":6.0,"enemies":"Jaw Worm","floor":5.0,"turns":6.0},{"damage":9.0,"enemies":"downfall:LooterAlt","floor":6.0,"turns":6.0},{"damage":50.0,"enemies":"3 Sentries","floor":10.0,"turns":11.0},{"damage":12,"enemies":"Exordium Wildlife","floor":12,"turns":4},{"damage":5,"enemies":"Red Slaver","floor":13,"turns":3},{"damage":0,"enemies":"The Mushroom Lair","floor":14,"turns":3},{"damage":11,"enemies":"Blue Slaver","floor":15,"turns":4},{"damage":37,"enemies":"SI_SHIV_ARCHETYPE","floor":16,"turns":8}],"seed_played":"1744522313717584424","potions_obtained":[{"floor":4.0,"key":"ZuzhouPotion:ReiMu"},{"floor":6.0,"key":"Ancient Potion"},{"floor":14,"key":"GrandPatriotsElixir:ReiMu"}],"is_trial":true,"path_per_floor":["R","M","$","M","M","M","T","?","?","E","R","M","M","?","M","B"],"character_chosen":"IRONCLAD","items_purchased":[],"campfire_rested":0,"item_purchase_floors":[],"current_hp_per_floor":[68,62,82,82,82,79,79,84,84,40,40,34,35,41,36,0,0],"gold":137,"neow_bonus":"","is_daily":false,"chose_seed":false,"campfire_upgraded":1,"win_rate":0.0,"timestamp":1614238567,"path_taken":["R","M","$","M","M","M","T","?","?","E","R","M","M","?","M","BOSS"],"items_purchased_type":[],"build_version":"2020-12-22","purchased_purges":5,"victory":false,"max_hp_per_floor":[75,75,82,82,82,82,82,87,87,87,87,87,87,87,87,87,87],"card_choices":[{"not_picked":["Anger","Heavy Blade"],"picked":"Body Slam","floor":2.0},{"not_picked":["Bludgeon","Wild Strike"],"picked":"Warcry","floor":3.0},{"not_picked":["Second Wind","Rage"],"picked":"Twin Strike","floor":4.0},{"not_picked":["Spot Weakness","Rage"],"picked":"Warcry","floor":5.0},{"not_picked":["Pommel Strike","Perfected Strike"],"picked":"Cleave","floor":6.0},{"not_picked":["Thunderclap","Twin Strike"],"picked":"Armaments","floor":10.0},{"not_picked":["Sentinel","Flex","Feed"],"picked":"SKIP","floor":12},{"not_picked":["Cleave","Dual Wield","Sever Soul"],"picked":"SKIP","floor":13},{"not_picked":["Metallicize","True Grit"],"picked":"Entrench","floor":14},{"not_picked":["Heavy Blade","Shockwave"],"picked":"Iron Wave","floor":15}],"player_experience":832887,"relics_obtained":[{"floor":14,"key":"Odd Mushroom"}],"event_choices":[{"damage_healed":0.0,"max_hp_gain":5.0,"max_hp_loss":0.0,"gold_gain":0.0,"event_name":"Big Fish","player_choice":"Donut","floor":8.0,"gold_loss":0.0,"damage_taken":0.0},{"cards_removed":["Strike_R"],"damage_healed":0.0,"max_hp_gain":0.0,"max_hp_loss":0.0,"gold_gain":0.0,"event_name":"The Cleric","player_choice":"Card Removal","floor":9.0,"gold_loss":0.0,"damage_taken":0.0},{"damage_healed":0,"gold_gain":0,"player_choice":"Fought Mushrooms","damage_taken":0,"max_hp_gain":0,"max_hp_loss":0,"event_name":"Mushrooms","floor":14,"gold_loss":0}],"is_beta":false,"boss_relics":[],"items_purged_floors":[3,3,3,3,3],"is_endless":false,"potions_floor_spawned":[4,6,10,14,15],"killed_by":"SI_SHIV_ARCHETYPE","ascension_level":20}}