{"host":"gvgax75aunlv59s2","time":1614213437,"event":{"mods":["BaseMod","Bossed Relics","Curses Come First","Decade(???)","Googly Eyes","GungeonMod","Hermit","Highlight Path","Infinite Spire","Minty Spire (QoL Compilation)","Replay The Spire","Robot Space Explorer","Shop Mod","Spicy Shops","Spikes Relics","Spire Arcade","StSLib","Synergy Search","The Bug Knight","The Cursed","The Hierophant","The Runesmith","The Servant 0.9.4","TheBandit","[IsaacMod]????"],"gold_per_floor":[111,111,124,138,138,138,165,180,180,193,261,290,321,321,321,321,321],"floor_reached":16,"language":"ENG","playtime":927,"items_purged":[],"score":110,"play_id":"181d97db-dd88-4b2d-bdb9-e37bdf66fd28","local_time":"20210224193717","is_ascension_mode":false,"campfire_choices":[{"data":"DemoMod:WhiteBlade","floor":6,"key":"SMITH"},{"floor":15,"key":"REST"}],"circlet_count":0,"master_deck":["Strike_R","Strike_R","Strike_R","Strike_R","Defend_R","Defend_R","Defend_R","Defend_R","Bash","DemoMod:WhiteBlade+1","DemoMod:BlackBlade","Wild Strike","Inflame","Spot Weakness","Seeing Red","BlessedFruit","BlessedFruit","Pot Of Greed","Pot Of Greed"],"relics":["Burning Blood","HushsDoor","PillsDrop","ReplayTheSpireMod:TigerMarble","Shuriken","HeavenlyBonsai","Pantograph","Odd Mushroom","Grinning Jar"],"acts_visited":["Exordium"],"potions_floor_usage":[],"damage_taken":[{"damage":0,"enemies":"Small Slimes","floor":1,"turns":3},{"damage":5,"enemies":"Cultist","floor":3,"turns":4},{"damage":0,"enemies":"Jaw Worm","floor":4,"turns":1},{"damage":19,"enemies":"Gremlin Nob","floor":7,"turns":4},{"damage":11,"enemies":"Blue Slaver","floor":8,"turns":4},{"damage":0,"enemies":"Looter","floor":10,"turns":1},{"damage":10,"enemies":"The Mushroom Lair","floor":12,"turns":4},{"damage":57,"enemies":"Lagavulin","floor":13,"turns":8},{"damage":70,"enemies":"Slime Boss","floor":16,"turns":11}],"seed_played":"4753533441792610810","potions_obtained":[{"floor":3,"key":"SpeedPotion"},{"floor":10,"key":"Milkshake"},{"floor":13,"key":"Strength Potion"}],"is_trial":false,"path_per_floor":["M","?","M","M","?","R","E","M","T","M","T","?","E","?","R","B"],"character_chosen":"IRONCLAD","items_purchased":[],"campfire_rested":1,"item_purchase_floors":[],"current_hp_per_floor":[80,80,80,80,80,80,67,62,62,68,68,65,15,15,39,0,0],"gold":321,"neow_bonus":"RANDOM_COMMON_RELIC","is_daily":false,"chose_seed":false,"campfire_upgraded":1,"win_rate":0.0,"timestamp":1614213437,"path_taken":["M","?","M","M","?","R","E","?","T","M","?","?","E","?","R","BOSS"],"items_purchased_type":[],"build_version":"2020-12-22","purchased_purges":0,"victory":false,"max_hp_per_floor":[80,80,80,80,80,80,80,80,80,80,80,81,82,82,82,84,84],"card_choices":[{"not_picked":[],"picked":"ChaosCard","floor":0},{"not_picked":["Havoc","Headbutt"],"picked":"DemoMod:WhiteBlade","floor":1},{"not_picked":["Perfected Strike","Replay:Undeath\u0027s Touch"],"picked":"Inflame","floor":3},{"not_picked":["Rampage","Pommel Strike","Sword Boomerang"],"picked":"SKIP","floor":4},{"not_picked":["Bomb","Headbutt"],"picked":"Spot Weakness","floor":7},{"not_picked":["ReplayTheSpireMod:Stacked","Shrug It Off"],"picked":"Seeing Red","floor":8},{"not_picked":["Perfected Strike","Run Through","Uppercut"],"picked":"SKIP","floor":10},{"not_picked":["Perfected Strike","ReplayReversal","Rampage"],"picked":"SKIP","floor":13}],"player_experience":196254,"relics_obtained":[{"floor":7,"key":"Shuriken"},{"floor":9,"key":"HeavenlyBonsai"},{"floor":11,"key":"Pantograph"},{"floor":12,"key":"Odd Mushroom"},{"floor":13,"key":"Grinning Jar"}],"event_choices":[{"damage_healed":0,"gold_gain":0,"cards_transformed":["Strike_R"],"player_choice":"Transformed","damage_taken":0,"max_hp_gain":0,"max_hp_loss":0,"event_name":"Transmorgrifier","floor":2,"gold_loss":0,"cards_obtained":["Wild Strike"]},{"damage_healed":0,"gold_gain":0,"player_choice":"Fought Mushrooms","damage_taken":0,"max_hp_gain":0,"max_hp_loss":0,"event_name":"Mushrooms","floor":12,"gold_loss":0}],"is_beta":false,"boss_relics":[],"items_purged_floors":[],"is_endless":false,"potions_floor_spawned":[3,10,13],"killed_by":"Slime Boss","ascension_level":0}}