{"host":"lsq35p0sdkx2xifo","time":1614233381,"event":{"mods":["AchievementEnabler","BaseMod","Highlight Path","Minty Spire (QoL Compilation)","StSLib","The Senshi"],"gold_per_floor":[119,44,44,44,56,91,91,111,190,225,245,259,274,63,63,136,136,150,167,185,185,185],"floor_reached":21,"language":"ENG","playtime":955,"items_purged":["Defend_R","Strike_R"],"score":386,"play_id":"a9896934-e8ba-4b86-b765-8bf32180d939","local_time":"20210224220941","is_ascension_mode":true,"campfire_choices":[{"floor":7,"key":"REST"},{"floor":15,"key":"REST"}],"circlet_count":0,"master_deck":["AscendersBane","Strike_R","Strike_R","Defend_R","Defend_R","Defend_R","Bash","Blind","Flame Barrier","Sword Boomerang","Cleave","Evolve","Metallicize+1","Sword Boomerang","Spot Weakness","Juggernaut+1","Disarm","Body Slam+1"],"relics":["Burning Blood","Vajra","Tiny Chest","Frozen Egg 2","FossilizedHelix","Empty Cage"],"acts_visited":["Exordium","TheCity"],"potions_floor_usage":[10,10,15,16,18,18],"damage_taken":[{"damage":4,"enemies":"Cultist","floor":1,"turns":3},{"damage":7,"enemies":"2 Louse","floor":5,"turns":3},{"damage":29,"enemies":"Gremlin Nob","floor":6,"turns":4},{"damage":0,"enemies":"Small Slimes","floor":8,"turns":3},{"damage":40,"enemies":"Lagavulin","floor":10,"turns":6},{"damage":0,"enemies":"3 Louse","floor":11,"turns":3},{"damage":0,"enemies":"Large Slime","floor":12,"turns":3},{"damage":14,"enemies":"Gremlin Gang","floor":13,"turns":4},{"damage":46,"enemies":"Hexaghost","floor":16,"turns":11},{"damage":12,"enemies":"3 Byrds","floor":18,"turns":4},{"damage":7,"enemies":"Shell Parasite","floor":19,"turns":6},{"damage":31,"enemies":"Centurion and Healer","floor":20,"turns":6},{"damage":56,"enemies":"3 Cultists","floor":21,"turns":4}],"seed_played":"-4929725805248702290","potions_obtained":[{"floor":6,"key":"Energy Potion"},{"floor":8,"key":"DuplicationPotion"},{"floor":11,"key":"Regen Potion"},{"floor":16,"key":"Regen Potion"},{"floor":18,"key":"Fruit Juice"}],"is_trial":false,"path_per_floor":["M","$","?","?","M","E","R","M","T","E","M","M","M","$","R","B",null,"M","M","M","M"],"character_chosen":"IRONCLAD","items_purchased":["Fruit Juice"],"campfire_rested":2,"item_purchase_floors":[14],"current_hp_per_floor":[70,70,59,59,58,35,57,63,63,29,35,41,33,33,62,37,69,77,76,51,0,0],"gold":185,"neow_bonus":"RANDOM_COLORLESS","is_daily":false,"chose_seed":false,"campfire_upgraded":0,"win_rate":0.0,"timestamp":1614233381,"path_taken":["M","$","?","?","?","E","R","M","T","E","M","M","M","$","R","BOSS","M","M","M","M"],"items_purchased_type":["Potion"],"build_version":"2020-12-22","purchased_purges":2,"victory":false,"max_hp_per_floor":[75,75,75,75,75,75,75,75,75,75,75,75,75,75,80,80,80,85,85,85,85,85],"card_choices":[{"not_picked":["Jack Of All Trades","Impatience"],"picked":"Blind","floor":0},{"not_picked":["Clash","Iron Wave"],"picked":"Flame Barrier","floor":1},{"not_picked":["Clash","Power Through"],"picked":"Sword Boomerang","floor":5},{"not_picked":["Fiend Fire","Ghostly Armor"],"picked":"Cleave","floor":6},{"not_picked":["Intimidate","Thunderclap"],"picked":"Evolve","floor":8},{"not_picked":["Anger","Power Through"],"picked":"Metallicize+1","floor":10},{"not_picked":["Thunderclap","Rupture+1"],"picked":"Sword Boomerang","floor":11},{"not_picked":["Clash","True Grit"],"picked":"Spot Weakness","floor":12},{"not_picked":["Iron Wave","Warcry","Cleave"],"picked":"SKIP","floor":13},{"not_picked":["Fiend Fire","Impervious"],"picked":"Juggernaut+1","floor":16},{"not_picked":["True Grit","Pommel Strike"],"picked":"Disarm","floor":18},{"not_picked":["Anger","Dark Embrace+1"],"picked":"Body Slam+1","floor":19},{"not_picked":["Combust+1","Shockwave","Hemokinesis"],"picked":"SKIP","floor":20}],"player_experience":1436164,"relics_obtained":[{"floor":6,"key":"Tiny Chest"},{"floor":9,"key":"Frozen Egg 2"},{"floor":10,"key":"FossilizedHelix"}],"event_choices":[{"damage_healed":0,"gold_gain":0,"player_choice":"Success","damage_taken":11,"relics_obtained":["Vajra"],"max_hp_gain":0,"max_hp_loss":0,"event_name":"Scrap Ooze","floor":3,"gold_loss":0},{"damage_healed":0,"gold_gain":0,"player_choice":"Ignored","damage_taken":0,"max_hp_gain":0,"max_hp_loss":0,"event_name":"WeMeetAgain","floor":4,"gold_loss":0}],"is_beta":false,"boss_relics":[{"not_picked":["Velvet Choker","Runic Cube"],"picked":"Empty Cage"}],"items_purged_floors":[2,14],"is_endless":false,"potions_floor_spawned":[6,8,11,16,18],"killed_by":"3 Cultists","ascension_level":20}}