{"host":"ul3z8ex5o8l5j7mh","time":1614281218,"event":{"mods":["2.2 Compatiblity","AchievementEnabler","BaseMod","Bestiary","Colored Map","Colored Powertips","Curses Come First","DeckTracker","Highlight Path","Keyboard Shortcuts","Minty Spire (QoL Compilation)","Relic Sorter","Relic Stats","StSLib","SuperFastMode"],"gold_per_floor":[118,118,118,135,149,176,176,210,210,226,226,32,46,46,46],"floor_reached":14,"language":"ENG","playtime":578,"items_purged":["Wild Strike+1"],"score":130,"play_id":"310f7abd-ff8d-4af6-bc4e-df90b2f83fc0","local_time":"20210225202658","is_ascension_mode":true,"campfire_choices":[{"data":"Reaper","floor":7.0,"key":"SMITH"},{"data":"True Grit","floor":11.0,"key":"SMITH"}],"circlet_count":0,"master_deck":["Strike_R","Strike_R","Strike_R","Strike_R","Strike_R","Defend_R","Bash","Evolve+1","Inflame+1","True Grit+1","Warcry","Power Through","Reaper+1","Shrug It Off","Twin Strike"],"relics":["Astrolabe","Pen Nib","Turnip","Boot","Bottled Flame","Membership Card"],"acts_visited":["Exordium"],"potions_floor_usage":[13],"damage_taken":[{"damage":0.0,"enemies":"Cultist","floor":1.0,"turns":2.0},{"damage":6.0,"enemies":"2 Louse","floor":4.0,"turns":2.0},{"damage":12.0,"enemies":"Jaw Worm","floor":5.0,"turns":2.0},{"damage":5.0,"enemies":"Gremlin Nob","floor":6.0,"turns":3.0},{"damage":30.0,"enemies":"3 Sentries","floor":8.0,"turns":6.0},{"damage":8.0,"enemies":"2 Fungi Beasts","floor":10.0,"turns":2.0},{"damage":25,"enemies":"Large Slime","floor":13,"turns":9},{"damage":69,"enemies":"Gremlin Nob","floor":14,"turns":6}],"seed_played":"6435895569030463537","potions_obtained":[{"floor":6.0,"key":"BloodPotion"},{"floor":8.0,"key":"PowerPotion"},{"floor":10.0,"key":"Ancient Potion"},{"floor":13,"key":"Energy Potion"}],"is_trial":false,"path_per_floor":["M","?","$","M","M","E","R","E","T","M","R","$","M","E"],"character_chosen":"IRONCLAD","items_purchased":["Membership Card"],"campfire_rested":0,"item_purchase_floors":[12],"current_hp_per_floor":[72,60,60,54,42,37,37,31,31,39,39,39,42,0,0],"gold":46,"neow_bonus":"BOSS_RELIC","is_daily":false,"chose_seed":false,"campfire_upgraded":2,"win_rate":0.0,"timestamp":1614281218,"path_taken":["M","?","$","M","M","E","R","E","T","M","R","$","M","E"],"items_purchased_type":["Relic"],"build_version":"2020-12-22","purchased_purges":1,"victory":false,"max_hp_per_floor":[80,80,80,80,80,80,80,80,80,80,80,80,80,80,80],"relic_stats":{"counters":[8,32],"Astrolabe":["Evolve","Wild Strike","Inflame"],"Pen Nib":[4],"Turnip":[0],"Boot":[0],"obtain_stats":[{"Bottled Flame":9,"Astrolabe":0,"Pen Nib":2,"Turnip":6,"Membership Card":12,"Boot":8,"Burning Blood":0},{"Bottled Flame":5,"Astrolabe":0,"Pen Nib":1,"Turnip":4,"Membership Card":6,"Boot":5,"Burning Blood":0},{"Bottled Flame":15,"Astrolabe":0,"Pen Nib":2,"Turnip":9,"Membership Card":17,"Boot":15,"Burning Blood":0}]},"card_choices":[{"not_picked":["Clash","Havoc"],"picked":"True Grit","floor":1.0},{"not_picked":["Dual Wield","Whirlwind"],"picked":"Warcry","floor":4.0},{"not_picked":["Anger","Intimidate"],"picked":"Power Through","floor":5.0},{"not_picked":["Battle Trance","Entrench"],"picked":"Reaper","floor":6.0},{"not_picked":["Havoc","Evolve","Headbutt"],"picked":"SKIP","floor":8.0},{"not_picked":["Warcry","Combust"],"picked":"Shrug It Off","floor":10.0},{"not_picked":["Disarm","Headbutt"],"picked":"Twin Strike","floor":13}],"player_experience":438673,"relics_obtained":[{"floor":6.0,"key":"Turnip"},{"floor":8.0,"key":"Boot"},{"floor":9.0,"key":"Bottled Flame"}],"event_choices":[{"damage_healed":0.0,"max_hp_gain":0.0,"max_hp_loss":0.0,"gold_gain":0.0,"event_name":"Scrap Ooze","player_choice":"Success","floor":2.0,"gold_loss":0.0,"damage_taken":12.0,"relics_obtained":["Pen Nib"]}],"is_beta":false,"boss_relics":[],"items_purged_floors":[12],"is_endless":false,"potions_floor_spawned":[6,8,10,13],"killed_by":"Gremlin Nob","ascension_level":6}}