{"host":"2mhgakmjhthqu3yt","time":1614275281,"event":{"mods":["AchievementEnabler","BaseMod","Block Reminder","Colored Powertips","Highlight Path","Minty Spire (QoL Compilation)","Quick Restart"],"gold_per_floor":[119,134,150,150,163,163,193,193,218,251,265,292,362,330,330,330,330],"floor_reached":16,"language":"ENG","playtime":708,"items_purged":[],"score":126,"play_id":"b2392cb4-3cdb-4ae6-a516-c50f2282a1c3","local_time":"20210225184801","is_ascension_mode":true,"campfire_choices":[{"data":"Hologram","floor":6.0,"key":"SMITH"},{"data":"Defragment","floor":8,"key":"SMITH"},{"floor":15,"key":"REST"}],"circlet_count":0,"master_deck":["Strike_B","Strike_B","Strike_B","Strike_B","Defend_B","Defend_B","Defend_B","Defend_B","Zap","Dualcast","Hologram+1","Cold Snap","Scrape","Redo","Defragment+1","Skim","Hyperbeam"],"relics":["Cracked Core","NeowsBlessing","Ancient Tea Set","Smiling Mask","PreservedInsect","Bottled Flame"],"acts_visited":["Exordium"],"potions_floor_usage":[10,10,16],"damage_taken":[{"damage":0.0,"enemies":"Jaw Worm","floor":1.0,"turns":1.0},{"damage":0.0,"enemies":"Cultist","floor":2.0,"turns":1.0},{"damage":0.0,"enemies":"2 Louse","floor":3.0,"turns":1.0},{"damage":3.0,"enemies":"2 Fungi Beasts","floor":5.0,"turns":4.0},{"damage":28,"enemies":"Gremlin Nob","floor":7,"turns":5},{"damage":1,"enemies":"3 Sentries","floor":10,"turns":11},{"damage":13,"enemies":"Large Slime","floor":11,"turns":7},{"damage":22,"enemies":"Lagavulin","floor":12,"turns":4},{"damage":37,"enemies":"Slime Boss","floor":16,"turns":6}],"seed_played":"1607919496868484170","potions_obtained":[{"floor":1.0,"key":"DistilledChaos"},{"floor":3.0,"key":"SkillPotion"},{"floor":10,"key":"Ancient Potion"},{"floor":12,"key":"DuplicationPotion"}],"is_trial":false,"path_per_floor":["M","M","M","?","M","R","E","R","T","E","M","E","T","?","R","B"],"character_chosen":"DEFECT","items_purchased":[],"campfire_rested":1,"item_purchase_floors":[],"current_hp_per_floor":[75,75,75,75,72,72,44,44,44,43,30,8,8,8,30,0,0],"gold":330,"neow_bonus":"THREE_ENEMY_KILL","is_daily":false,"chose_seed":false,"campfire_upgraded":2,"win_rate":0.0,"timestamp":1614275281,"path_taken":["M","M","M","?","?","R","E","R","T","E","M","E","?","?","R","BOSS"],"items_purchased_type":[],"build_version":"2020-12-22","purchased_purges":0,"victory":false,"max_hp_per_floor":[75,75,75,75,75,75,75,75,75,75,75,75,75,75,75,75,75],"card_choices":[{"not_picked":["Storm","Rebound","Go for the Eyes"],"picked":"SKIP","floor":1.0},{"not_picked":["Leap","Barrage"],"picked":"Hologram","floor":2.0},{"not_picked":["Stack","Barrage"],"picked":"Cold Snap","floor":3.0},{"not_picked":["Steam Power","Streamline"],"picked":"Redo","floor":5.0},{"not_picked":["Beam Cell","Go for the Eyes"],"picked":"Defragment","floor":7},{"not_picked":["Defragment","Compile Driver"],"picked":"Skim","floor":10},{"not_picked":["Scrape","Sweeping Beam"],"picked":"Hyperbeam","floor":11},{"not_picked":["Hologram","Static Discharge","Redo"],"picked":"SKIP","floor":12}],"player_experience":111217,"relics_obtained":[{"floor":7,"key":"Ancient Tea Set"},{"floor":9,"key":"Smiling Mask"},{"floor":10,"key":"PreservedInsect"},{"floor":12,"key":"Bottled Flame"}],"event_choices":[{"damage_healed":0.0,"max_hp_gain":0.0,"max_hp_loss":0.0,"gold_gain":0.0,"event_name":"Match and Keep!","player_choice":"1 cards matched","floor":4.0,"gold_loss":0.0,"damage_taken":0.0,"cards_obtained":["Scrape"]},{"damage_healed":0,"gold_gain":0,"player_choice":"Left Gold","damage_taken":0,"max_hp_gain":0,"max_hp_loss":0,"event_name":"World of Goop","floor":14,"gold_loss":32}],"is_beta":false,"boss_relics":[],"items_purged_floors":[],"is_endless":false,"potions_floor_spawned":[1,3,10,12],"killed_by":"Slime Boss","ascension_level":1}}