{"host":"5ueuk67tsx07ylcu","time":1614291930,"event":{"mods":["BaseMod","Colored Map","Colored Powertips","Downfall","Duelist Mod","GifTheSpireLib","Hermit","Infinite Spire","Lobotomy","Minty Spire (QoL Compilation)","StSLib","The Animator"],"gold_per_floor":[20,20,34,57,57,57,81,81,81,81,105,105,145,31,31,162,162,186,101,200,100,121,137,137,137,164,205,205,28,28,28,28,151,151,166,16,37,37,60,60,78,78,78],"floor_reached":42,"language":"ENG","playtime":2088,"items_purged":["Strike_G","Defend_G","Strike_G","Strike_G"],"score":485,"play_id":"851f92a0-0fb4-443e-875e-5fc44c55890b","local_time":"20210225172530","is_ascension_mode":true,"campfire_choices":[{"data":"infinitespire:Neurotoxin","floor":6,"key":"SMITH"},{"floor":12,"key":"RECALL"},{"data":"Noxious Fumes","floor":15,"key":"SMITH"},{"data":"Venomology","floor":24,"key":"SMITH"},{"floor":30,"key":"REST"},{"floor":32,"key":"REST"},{"data":"Venomology","floor":40,"key":"SMITH"}],"circlet_count":0,"master_deck":["Defend_G","Defend_G","Defend_G","Defend_G","Survivor","Neutralize","infinitespire:Neurotoxin+1","Poisoned Stab","Masterful Stab","Noxious Fumes+1","Venomology+1","Backstab","Dagger Spray+1","Bane","infinitespire:Neurotoxin+1","Deadly Poison+1","Terror+1","Venomology+1","Burst","Infinite Blades","Crippling Poison","Infinite Blades+1"],"relics":["Ring of the Snake","Golden Idol","Pantograph","Prayer Wheel","WristBlade","Potion Belt","Dream Catcher","Tough Bandages","Runic Pyramid"],"acts_visited":["Exordium","TheCity","TheBeyond"],"potions_floor_usage":[11,13,13,13,16,16,18,22,22,22,23,23,27,28,33,33,33,33,35,35,37,39,41,41,42,42],"damage_taken":[{"damage":3,"enemies":"Jaw Worm","floor":1,"turns":6},{"damage":0,"enemies":"Cultist","floor":3,"turns":4},{"damage":4,"enemies":"2 Louse","floor":4,"turns":3},{"damage":3,"enemies":"Blue Slaver","floor":7,"turns":3},{"damage":0,"enemies":"3 Louse","floor":11,"turns":2},{"damage":0,"enemies":"Lagavulin","floor":13,"turns":5},{"damage":6,"enemies":"Slime Boss","floor":16,"turns":9},{"damage":18,"enemies":"3 Byrds","floor":18,"turns":6},{"damage":0,"enemies":"Spheric Guardian","floor":22,"turns":2},{"damage":8,"enemies":"Centurion and Healer","floor":23,"turns":4},{"damage":23,"enemies":"Slavers","floor":27,"turns":4},{"damage":0,"enemies":"Snake Plant","floor":28,"turns":1},{"damage":47,"enemies":"Champ","floor":33,"turns":7},{"damage":30,"enemies":"3 Darklings","floor":35,"turns":6},{"damage":0,"enemies":"3 Shapes","floor":37,"turns":3},{"damage":23,"enemies":"Writhing Mass","floor":39,"turns":3},{"damage":14,"enemies":"3 Darklings","floor":41,"turns":3},{"damage":10,"enemies":"Jaw Worm Horde","floor":42,"turns":2}],"seed_played":"5774866775494494693","potions_obtained":[{"floor":1,"key":"DistilledChaos"},{"floor":4,"key":"DistilledChaos"},{"floor":11,"key":"SpeedPotion"},{"floor":13,"key":"Strength Potion"},{"floor":33,"key":"sneckomod:MuddlingPotion"},{"floor":37,"key":"bronze:BurnAndBuffPotion"},{"floor":41,"key":"DuplicationPotion"}],"is_trial":false,"path_per_floor":["M","?","M","M","?","R","M","?","T","T","M","R","E","$","R","B",null,"M","?","?","$","M","M","R","?","T","E","M","$","R","?","R","B",null,"M","$","M","?","M","R","M","M"],"character_chosen":"THE_SILENT","items_purchased":["Backstab","SkillPotion"],"campfire_rested":2,"item_purchase_floors":[14,29],"current_hp_per_floor":[67,50,50,46,46,46,43,43,43,43,43,43,43,43,43,62,70,52,52,52,52,52,44,44,44,44,21,21,21,42,42,63,23,70,40,40,40,40,17,17,3,0,0],"gold":78,"neow_bonus":"THREE_RARE_CARDS","is_daily":false,"chose_seed":false,"campfire_upgraded":4,"win_rate":0.0,"timestamp":1614291930,"path_taken":["M","?","M","M","?","R","?","?","T","?","M","R","E","$","R","BOSS","M","?","?","$","M","M","R","?","T","E","?","$","R","?","R","BOSS","M","$","M","?","M","R","M","M"],"items_purchased_type":["Card","Potion"],"build_version":"2020-12-22","purchased_purges":4,"victory":false,"max_hp_per_floor":[70,70,70,70,70,70,70,70,70,70,70,70,70,70,70,70,70,70,70,70,70,70,70,70,70,70,70,70,70,70,70,70,70,70,70,70,70,70,70,70,70,70,70],"card_choices":[{"not_picked":["Storm of Steel","Wraith Form v2"],"picked":"infinitespire:Neurotoxin","floor":0},{"not_picked":["PiercingWail","Deflect"],"picked":"Poisoned Stab","floor":1},{"not_picked":["All Out Attack","Cloak And Dagger","Slice"],"picked":"SKIP","floor":3},{"not_picked":["Catalyst","Backflip"],"picked":"Masterful Stab","floor":4},{"not_picked":["Backflip","Prepared"],"picked":"Noxious Fumes","floor":7},{"not_picked":["Blade Dance","Dodge and Roll"],"picked":"Venomology","floor":11},{"not_picked":["Flying Knee","Quick Slash","Underhanded Strike"],"picked":"SKIP","floor":13},{"not_picked":["Cloak And Dagger","Quick Slash+1"],"picked":"Dagger Spray+1","floor":18},{"not_picked":["Outmaneuver","Deflect","PiercingWail"],"picked":"SKIP","floor":18},{"not_picked":["Malaise","Well Laid Plans","Finisher"],"picked":"SKIP","floor":22},{"not_picked":["Acrobatics","Endless Agony","Deflect"],"picked":"SKIP","floor":22},{"not_picked":["Sucker Punch","PiercingWail"],"picked":"Bane","floor":23},{"not_picked":["Prepared+1","Slice+1","Underhanded Strike"],"picked":"SKIP","floor":23},{"not_picked":["Choke+1","Sucker Punch+1"],"picked":"Deadly Poison+1","floor":27},{"not_picked":["Cloak And Dagger","Backflip+1"],"picked":"Terror+1","floor":30},{"not_picked":["Skewer","Acrobatics"],"picked":"Venomology","floor":32},{"not_picked":["infinitespire:Neurotoxin","Storm of Steel"],"picked":"Burst","floor":33},{"not_picked":["Blade Dance","Flying Knee+1","Leg Sweep"],"picked":"SKIP","floor":35},{"not_picked":["Eviscerate+1","Deadly Poison","Dagger Throw+1"],"picked":"SKIP","floor":35},{"not_picked":["Escape Plan+1","Setup"],"picked":"Infinite Blades","floor":37},{"not_picked":["Flying Knee+1","Predator+1"],"picked":"Crippling Poison","floor":37},{"not_picked":["Flechettes+1","Accuracy","Underhanded Strike+1"],"picked":"SKIP","floor":39},{"not_picked":["Prepared","Die Die Die","Expertise"],"picked":"SKIP","floor":39},{"not_picked":["Sucker Punch","Expertise+1"],"picked":"Infinite Blades+1","floor":41},{"not_picked":["Blade Dance+1","Deflect+1","Outmaneuver+1"],"picked":"SKIP","floor":41}],"player_experience":331674,"relics_obtained":[{"floor":9,"key":"Pantograph"},{"floor":13,"key":"Prayer Wheel"},{"floor":26,"key":"Dream Catcher"},{"floor":27,"key":"Tough Bandages"}],"event_choices":[{"damage_healed":0,"gold_gain":0,"player_choice":"Take Damage","damage_taken":17,"relics_obtained":["Golden Idol"],"max_hp_gain":0,"max_hp_loss":0,"event_name":"Golden Idol","floor":2,"gold_loss":0},{"cards_removed":["Strike_G"],"damage_healed":0,"gold_gain":0,"player_choice":"Purged","damage_taken":0,"max_hp_gain":0,"max_hp_loss":0,"event_name":"Purifier","floor":5,"gold_loss":0},{"cards_removed":["Strike_G"],"damage_healed":0,"gold_gain":0,"player_choice":"Forget","damage_taken":0,"max_hp_gain":0,"max_hp_loss":0,"event_name":"Living Wall","floor":8,"gold_loss":0},{"damage_healed":0,"gold_gain":0,"player_choice":"Obtained Relic","damage_taken":0,"relics_obtained":["Potion Belt"],"max_hp_gain":0,"max_hp_loss":0,"event_name":"Addict","floor":19,"gold_loss":85},{"damage_healed":0,"gold_gain":99,"player_choice":"Stole From Cult","damage_taken":0,"max_hp_gain":0,"max_hp_loss":0,"event_name":"Nest","floor":20,"gold_loss":0},{"damage_healed":0,"gold_gain":0,"player_choice":"Copied","damage_taken":0,"max_hp_gain":0,"max_hp_loss":0,"event_name":"Duplicator","floor":25,"gold_loss":0,"cards_obtained":["infinitespire:Neurotoxin"]},{"damage_healed":0,"gold_gain":0,"player_choice":"Ignored","damage_taken":0,"max_hp_gain":0,"max_hp_loss":0,"event_name":"The Mausoleum","floor":31,"gold_loss":0}],"is_beta":false,"boss_relics":[{"not_picked":["bronze:MakeshiftBattery","Cursed Key"],"picked":"WristBlade"},{"not_picked":["Runic Dome","HoveringKite"],"picked":"Runic Pyramid"}],"items_purged_floors":[14,21,29,36],"is_endless":false,"potions_floor_spawned":[1,4,11,13,28,33,37,41],"killed_by":"Jaw Worm Horde","ascension_level":2}}