{"host":"sim2kxx81cjsn49b","time":1614272638,"event":{"mods":["ATMod(阿瑾Mod)","BaseMod","Minty Spire (QoL Compilation)","Reliquary","RumiaBox-露米娅的神秘盒子","StSLib","TestMod","Waifu the Spire","【功能Mod】混沌之环修复补丁"],"gold_per_floor":[115,127,147,147,159,159,193,193,217,217,217,217,142,153,153,153,153],"floor_reached":16,"language":"ZHS","playtime":419,"items_purged":["Strike_B"],"score":254,"play_id":"bc6464d7-5caa-4cb0-bc71-6bf1ffc30077","local_time":"20210226010358","is_ascension_mode":true,"campfire_choices":[{"data":"Redo","floor":6.0,"key":"SMITH"},{"data":"Chaos","floor":15,"key":"SMITH"}],"circlet_count":0,"master_deck":["AscendersBane","Strike_B","Strike_B","Defend_B","Defend_B","Defend_B","Defend_B","Zap","Dualcast","AT_FamilyPortrait","Redo+1","AT_DarkMatter","Coolheaded","Chaos+1","Machine Learning","AT_WarpDrive"],"relics":["Cracked Core","testmod-TestBox","AT_ATBox","testmod-BatchProcessingSystem","NeowsBlessing","AddBug","SecretRecord","Baka","SecretRecord"],"acts_visited":["Exordium"],"potions_floor_usage":[16],"damage_taken":[{"damage":0.0,"enemies":"Cultist","floor":1.0,"turns":1.0},{"damage":0.0,"enemies":"2 Louse","floor":2.0,"turns":1.0},{"damage":0.0,"enemies":"Small Slimes","floor":3.0,"turns":1.0},{"damage":3.0,"enemies":"3 Louse","floor":5.0,"turns":3.0},{"damage":5.0,"enemies":"Gremlin Nob","floor":7.0,"turns":2.0},{"damage":15.0,"enemies":"Red Slaver","floor":10.0,"turns":5.0},{"damage":2,"enemies":"Looter","floor":14,"turns":2},{"damage":42,"enemies":"Slime Boss","floor":16,"turns":3}],"seed_played":"-1504184759992496703","potions_obtained":[{"floor":2.0,"key":"SteroidPotion"},{"floor":5.0,"key":"FearPotion"},{"floor":7.0,"key":"FocusPotion"},{"floor":10.0,"key":"testmod-SpacePotion"},{"floor":12.0,"key":"LiquidMemories"},{"floor":12.0,"key":"Ancient Potion"}],"is_trial":false,"path_per_floor":["M","M","M","?","M","R","E","?","T","M","?","?","$","M","R","B"],"character_chosen":"DEFECT","items_purchased":[],"campfire_rested":0,"item_purchase_floors":[],"current_hp_per_floor":[64,64,64,40,37,37,32,32,32,17,17,17,17,16,16,0,0],"gold":153,"neow_bonus":"THREE_ENEMY_KILL","is_daily":false,"chose_seed":false,"campfire_upgraded":2,"win_rate":0.0,"timestamp":1614272638,"path_taken":["M","M","?","?","M","R","E","?","T","M","?","?","$","M","R","BOSS"],"items_purchased_type":[],"build_version":"2020-12-22","purchased_purges":1,"victory":false,"max_hp_per_floor":[71,71,71,71,71,71,71,71,71,71,71,71,71,71,71,71,71],"card_choices":[{"not_picked":["Steam","Sweeping Beam"],"picked":"Redo","floor":1.0},{"not_picked":["Capacitor","FTL"],"picked":"AT_DarkMatter","floor":2.0},{"not_picked":["Sweeping Beam","AT_HeatAcrobatics"],"picked":"Coolheaded","floor":3.0},{"not_picked":["Force Field","Streamline","AT_HeatAcrobatics"],"picked":"SKIP","floor":5.0},{"not_picked":["Meteor Strike","Steam"],"picked":"Chaos","floor":7.0},{"not_picked":["Sweeping Beam","Stack","Force Field"],"picked":"SKIP","floor":10.0},{"not_picked":["Compile Driver","Leap"],"picked":"AT_WarpDrive","floor":14}],"player_experience":646740,"relics_obtained":[{"floor":1.0,"key":"AddBug"},{"floor":1.0,"key":"Baka"},{"floor":7.0,"key":"reliquary:RosewoodLute"},{"floor":9.0,"key":"DataDisk"},{"floor":10.0,"key":"FossilizedHelix"},{"floor":10.0,"key":"SecretRecord"}],"event_choices":[{"damage_healed":0.0,"max_hp_gain":0.0,"max_hp_loss":0.0,"gold_gain":0.0,"event_name":"Golden Idol","player_choice":"Take Damage","floor":4.0,"gold_loss":0.0,"damage_taken":24.0,"relics_obtained":["Golden Idol"]},{"damage_healed":0.0,"max_hp_gain":0.0,"max_hp_loss":0.0,"gold_gain":0.0,"cards_transformed":["Strike_B"],"event_name":"Living Wall","player_choice":"Change","floor":8.0,"gold_loss":0.0,"damage_taken":0.0,"cards_obtained":["Machine Learning"]},{"damage_healed":0.0,"max_hp_gain":0.0,"max_hp_loss":0.0,"gold_gain":0.0,"event_name":"Shining Light","player_choice":"Ignored","floor":11.0,"gold_loss":0.0,"damage_taken":0.0},{"damage_healed":0.0,"max_hp_gain":0.0,"max_hp_loss":0.0,"gold_gain":0.0,"event_name":"Lab","player_choice":"Got Potions","floor":12.0,"gold_loss":0.0,"damage_taken":0.0}],"is_beta":false,"boss_relics":[],"items_purged_floors":[13],"is_endless":false,"potions_floor_spawned":[2,5,7,10],"killed_by":"Slime Boss","ascension_level":20}}