{"host":"dqv8oo4v229c1o2l","time":1614281787,"event":{"mods":["AchievementEnabler","BaseMod","Colored Map","Colored Powertips","Minty Spire (QoL Compilation)","Quick Restart","Rare Cards Sparkle","StSLib","Synergy Search"],"gold_per_floor":[110,130,46,46,58,58,68,68,68,68,33,43,43,43,43,138,138,149,159,39,49,49,49,49,49,49],"floor_reached":25,"language":"ENG","playtime":7427,"items_purged":[],"score":287,"play_id":"284ba506-914b-4806-82a9-fbc735861dd9","local_time":"20210225113627","is_ascension_mode":true,"campfire_choices":[{"data":"Coolheaded","floor":6,"key":"SMITH"},{"data":"Hologram","floor":8,"key":"SMITH"},{"data":"Flash of Steel","floor":13,"key":"SMITH"},{"data":"Zap","floor":15,"key":"SMITH"},{"data":"Hologram","floor":23,"key":"SMITH"}],"circlet_count":0,"master_deck":["AscendersBane","Strike_B+1","Strike_B+1","Strike_B+1","Defend_B+1","Defend_B+1","Defend_B+1","Defend_B+1","Zap+1","Dualcast+1","Parasite","Gash","Coolheaded+1","Flash of Steel+1","Hologram+1","Core Surge","Leap","All For One","Hologram+1","Machine Learning","Steam","Scrape","BootSequence+1"],"relics":["Cracked Core","StoneCalendar","Bird Faced Urn","Inserter"],"acts_visited":["Exordium","TheCity"],"potions_floor_usage":[16,19,21],"damage_taken":[{"damage":3,"enemies":"Jaw Worm","floor":1,"turns":4},{"damage":0,"enemies":"Small Slimes","floor":2,"turns":3},{"damage":6,"enemies":"2 Louse","floor":5,"turns":3},{"damage":8,"enemies":"Red Slaver","floor":7,"turns":3},{"damage":10,"enemies":"Looter","floor":12,"turns":3},{"damage":27,"enemies":"Hexaghost","floor":16,"turns":11},{"damage":6,"enemies":"Spheric Guardian","floor":18,"turns":3},{"damage":23,"enemies":"2 Thieves","floor":19,"turns":4},{"damage":11,"enemies":"3 Cultists","floor":21,"turns":4},{"damage":26,"enemies":"Centurion and Healer","floor":25,"turns":4}],"seed_played":"7540768264270225553","potions_obtained":[{"floor":1,"key":"EssenceOfDarkness"},{"floor":2,"key":"FocusPotion"},{"floor":12,"key":"EssenceOfSteel"},{"floor":16,"key":"Explosive Potion"},{"floor":18,"key":"Fire Potion"}],"is_trial":false,"path_per_floor":["M","M","$","?","M","R","M","R","T","?","?","M","R","$","R","B",null,"M","M","$","M","?","R","$","M"],"character_chosen":"DEFECT","items_purchased":["Flash of Steel","Steam","Scrape"],"campfire_rested":0,"item_purchase_floors":[3,20,20],"current_hp_per_floor":[65,65,65,50,44,44,36,36,36,36,54,44,44,44,44,17,61,55,32,32,23,23,23,23,0,0],"gold":49,"neow_bonus":"ONE_RARE_RELIC","is_daily":false,"chose_seed":false,"campfire_upgraded":5,"win_rate":0.0,"timestamp":1614281787,"path_taken":["M","M","$","?","M","R","M","R","T","?","?","M","R","$","R","BOSS","M","M","$","M","?","R","$","M"],"items_purchased_type":["Card","Card","Card"],"build_version":"2020-12-22","purchased_purges":0,"victory":false,"max_hp_per_floor":[75,75,75,75,75,75,75,75,75,75,75,75,75,75,75,75,75,75,75,75,75,75,75,75,75,75],"card_choices":[{"not_picked":["Genetic Algorithm","Go for the Eyes"],"picked":"Gash","floor":1},{"not_picked":["Reinforced Body","Compile Driver"],"picked":"Coolheaded","floor":2},{"not_picked":["Turbo","Doom and Gloom","Aggregate"],"picked":"SKIP","floor":5},{"not_picked":["Heatsinks","Ball Lightning"],"picked":"Hologram","floor":7},{"not_picked":["Hello World","Compile Driver"],"picked":"Leap","floor":12},{"not_picked":["Multi-Cast","Hyperbeam"],"picked":"All For One","floor":16},{"not_picked":["Leap","BootSequence"],"picked":"Hologram","floor":18},{"not_picked":["Compile Driver","Defragment"],"picked":"Machine Learning","floor":19},{"not_picked":["Chaos","Undo"],"picked":"BootSequence+1","floor":21}],"player_experience":335532,"relics_obtained":[{"floor":9,"key":"Bird Faced Urn"}],"event_choices":[{"damage_healed":0,"gold_gain":0,"player_choice":"Entered Light","damage_taken":15,"max_hp_gain":0,"max_hp_loss":0,"event_name":"Shining Light","floor":4,"gold_loss":0,"cards_upgraded":["Strike_B","Dualcast"]},{"damage_healed":0,"gold_gain":0,"cards_transformed":["Strike_B"],"player_choice":"Change","damage_taken":0,"max_hp_gain":0,"max_hp_loss":0,"event_name":"Living Wall","floor":10,"gold_loss":0,"cards_obtained":["Core Surge"]},{"damage_healed":18,"gold_gain":0,"player_choice":"Healed","damage_taken":0,"max_hp_gain":0,"max_hp_loss":0,"event_name":"The Cleric","floor":11,"gold_loss":35},{"damage_healed":0,"gold_gain":0,"player_choice":"Simplicity","damage_taken":0,"max_hp_gain":0,"max_hp_loss":0,"event_name":"Back to Basics","floor":22,"gold_loss":0,"cards_upgraded":["Strike_B","Strike_B","Defend_B","Defend_B","Defend_B","Defend_B"]}],"is_beta":false,"boss_relics":[{"not_picked":["Ectoplasm","SacredBark"],"picked":"Inserter"}],"items_purged_floors":[],"is_endless":false,"potions_floor_spawned":[1,2,12,16,18],"killed_by":"Centurion and Healer","ascension_level":10}}