{"host":"ia6vzboaxs0e83w2","time":1614271197,"event":{"mods":["2.2 Compatiblity","BaseMod","Colored Map","DeckTracker","Downfall","Highlight Path","Minty Spire (QoL Compilation)","Random Character Button","StSLib"],"gold_per_floor":[99,112,122,122,122,135,135,285,303,315,315,315,335,345,363,465,465,465,479,53,53,153,153,153,153],"floor_reached":23,"language":"POL","playtime":1845,"items_purged":[],"score":183,"play_id":"905305f5-3e67-4df3-bfa5-c140f1b73d49","local_time":"20210225173957","is_ascension_mode":false,"campfire_choices":[{"data":"hexamod:Sear","floor":1.0,"key":"SMITH"},{"data":"hexamod:GhostflameInferno","floor":11.0,"key":"SMITH"},{"data":"hexamod:HexaLevel","floor":18.0,"key":"SMITH"}],"circlet_count":0,"master_deck":["hexamod:Strike","hexamod:Strike","hexamod:Strike","hexamod:Defend","hexamod:Defend","hexamod:Defend","hexamod:Defend","hexamod:Sear+1","hexamod:Float","hexamod:GhostflameInferno+1","hexamod:ShieldOfDarkness","hexamod:SearingWound","hexamod:ShieldOfDarkness","downfall:Icky","hexamod:AdvancingGuard","hexamod:BacktrackSmack","hexamod:FirstSeal","hexamod:HexaLevel+1","hexamod:Hexaguard","hexamod:InspiringFlames","hexamod:UnleashSpirits","hexamod:GhostOfSpirePast+1","hexamod:NightmareGuise+1","Pride","hexamod:HauntingEcho"],"relics":["hexamod:SpiritBrand","Sundial","Black Star","Kunai","Strange Spoon","Akabeko","Girya","Frozen Egg 2"],"acts_visited":["Exordium","TheCity"],"potions_floor_usage":[23],"damage_taken":[{"damage":0.0,"enemies":"2 Louse","floor":2.0,"turns":2.0},{"damage":5.0,"enemies":"Small Slimes","floor":3.0,"turns":3.0},{"damage":0.0,"enemies":"Jaw Worm","floor":6.0,"turns":3.0},{"damage":4.0,"enemies":"3 Louse","floor":9.0,"turns":6.0},{"damage":0.0,"enemies":"Exordium Wildlife","floor":10.0,"turns":4.0},{"damage":0.0,"enemies":"2 Fungi Beasts","floor":13.0,"turns":4.0},{"damage":0.0,"enemies":"downfall:LooterAlt","floor":14.0,"turns":4.0},{"damage":0.0,"enemies":"Lots of Slimes","floor":15.0,"turns":6.0},{"damage":19.0,"enemies":"SI_SHIV_ARCHETYPE","floor":16.0,"turns":12.0},{"damage":4.0,"enemies":"3 Byrds","floor":19.0,"turns":7.0},{"damage":3.0,"enemies":"downfall:FleeingMerchant","floor":20.0,"turns":4.0},{"damage":74.0,"enemies":"WA_ARCHETYPE_RETAIN","floor":22.0,"turns":18.0},{"damage":13,"enemies":"downfall:LooterAlt2","floor":23,"turns":1}],"seed_played":"8375927682915395795","potions_obtained":[{"floor":6.0,"key":"Block Potion"},{"floor":9.0,"key":"BlessingOfTheForge"},{"floor":15.0,"key":"Fire Potion"},{"floor":16.0,"key":"Strength Potion"},{"floor":22.0,"key":"hexamod:SoulburnPotion"}],"is_trial":false,"path_per_floor":["R","M","M","?","?","M","T","?","M","M","R","?","M","M","M","B",null,"R","M","$","?","?","M"],"character_chosen":"THE_SPIRIT","items_purchased":["Kunai","Strange Spoon"],"campfire_rested":0,"item_purchase_floors":[20,20],"current_hp_per_floor":[70,70,65,65,70,70,70,70,66,66,66,59,66,73,75,63,75,75,71,75,75,8,0,0,0],"gold":153,"neow_bonus":"ONE_RANDOM_RARE_CARD","is_daily":false,"chose_seed":false,"campfire_upgraded":3,"win_rate":0.0,"timestamp":1614271197,"path_taken":["R","M","M","?","?","M","T","?","M","?","R","?","M","M","M","BOSS","R","M","$","?","?","M"],"items_purchased_type":["Relic","Relic"],"build_version":"2020-12-22","purchased_purges":0,"victory":false,"max_hp_per_floor":[70,70,70,70,75,75,75,75,75,75,75,75,75,75,75,75,75,75,75,75,75,75,75,75,75],"card_choices":[{"not_picked":["hexamod:InspiringFlames","hexamod:NightmareStrike"],"picked":"hexamod:ShieldOfDarkness","floor":2.0},{"not_picked":["hexamod:FourthSeal","hexamod:Firestarter"],"picked":"hexamod:SearingWound","floor":3.0},{"not_picked":["hexamod:Again","hexamod:Hexaguard"],"picked":"hexamod:ShieldOfDarkness","floor":6.0},{"not_picked":["hexamod:SoulSteal","hexamod:NightmareGuise"],"picked":"hexamod:AdvancingGuard","floor":9.0},{"not_picked":["hexamod:SoulSteal","hexamod:NecessarySacrifice"],"picked":"hexamod:BacktrackSmack","floor":10.0},{"not_picked":["hexamod:CatchUp","hexamod:PhantomFireball"],"picked":"hexamod:HexaLevel","floor":13.0},{"not_picked":["hexamod:SkipABeat","hexamod:GhostLash"],"picked":"hexamod:Hexaguard","floor":14.0},{"not_picked":["hexamod:FastForward","hexamod:Again"],"picked":"hexamod:InspiringFlames","floor":15.0},{"not_picked":["hexamod:UnlimitedPower","hexamod:GhostflameInferno"],"picked":"hexamod:UnleashSpirits","floor":16.0},{"not_picked":["hexamod:NightmareStrike","hexamod:GhostLash"],"picked":"hexamod:GhostOfSpirePast+1","floor":19.0},{"not_picked":["hexamod:RecurringNightmare+1","hexamod:ThermalTransfer"],"picked":"hexamod:NightmareGuise+1","floor":20.0},{"not_picked":["hexamod:ThermalTransfer","hexamod:StepThrough"],"picked":"hexamod:HauntingEcho","floor":22.0}],"player_experience":463295,"relics_obtained":[{"floor":7.0,"key":"Sundial"},{"floor":22.0,"key":"Girya"},{"floor":22.0,"key":"Frozen Egg 2"}],"event_choices":[{"damage_healed":0.0,"max_hp_gain":5.0,"max_hp_loss":0.0,"gold_gain":0.0,"event_name":"Big Fish","player_choice":"Donut","floor":5.0,"gold_loss":0.0,"damage_taken":0.0},{"damage_healed":0.0,"max_hp_gain":0.0,"max_hp_loss":0.0,"gold_gain":0.0,"event_name":"Addict","player_choice":"Stole Relic","floor":21.0,"gold_loss":0.0,"damage_taken":0.0,"relics_obtained":["Akabeko"],"cards_obtained":["Pride"]}],"is_beta":false,"boss_relics":[{"not_picked":["Astrolabe","Snecko Eye"],"picked":"Black Star"}],"items_purged_floors":[],"is_endless":false,"potions_floor_spawned":[6,9,15,16,22],"killed_by":"downfall:LooterAlt2","ascension_level":0}}