{"host":"t6r1isv2bex5ovch","time":1614264589,"event":{"mods":["AchievementEnabler","Act Like it!","Aspiration","BaseMod","Better Altar","Better Match","Better Note","Better Sensory Stone","Better Skull","Better Third Choice","Better Vampires","Bossed Relics","Colored Powertips","Displayed Cursed Tome","Evolution","Fox Events","Gremlin Skip","Halation","Hallownest","Highlight Path","Hubris","Infinite Spire","Minty Spire (QoL Compilation)","Reliquary","Ruina","Spire Arcade","StSLib","The Bug Knight"],"gold_per_floor":[115,115,115,133,144,144,173,98,145,157,57,74,85,116,116,214,214,231,151,161,161,179,179,238,270,270,283,299,299,357,367,367,469,469,488,507,523,523,105,135,147,188,200,229,259,286,298,320,332,344,344],"floor_reached":50,"language":"ENG","playtime":5897,"items_purged":["HollowMod:NailStrikeStart","HollowMod:NailStrikeStart","HollowMod:theNailsmith+1"],"score":662,"play_id":"1955575b-9d63-467b-ba44-2e20f11ebd4d","local_time":"20210226014949","is_ascension_mode":true,"campfire_choices":[{"data":"HollowMod:CycloneSlash","floor":6.0,"key":"SMITH"},{"data":"HollowMod:RecoilStrike","floor":15.0,"key":"SMITH"},{"data":"HollowMod:theNailsmith","floor":23.0,"key":"SMITH"},{"data":"HollowMod:CycloneSlash","floor":32.0,"key":"SMITH"},{"data":"HollowMod:DashSlash","floor":41,"key":"SMITH"},{"floor":49,"key":"REST"}],"circlet_count":0,"master_deck":["HollowMod:PogoStrike","HollowMod:DashSlash+1","Hallownest:skillLeafShield","Hallownest:skillLeafShield","Hallownest:skillLeafShield","Hallownest:skillLeafShield","Hallownest:skillLeafShield","HollowMod:CycloneSlash+1","HollowMod:CycloneSlash+1","HollowMod:RecoilStrike+1","HollowMod:DashSlash","Hallownest:skillCityofTearsMap","HollowMod:VengefulSpirit+1","HollowMod:CloakDash","HollowMod:MonarchWings","HollowMod:HuntersJournal","HollowMod:SoulShaman+1","hubris:InfiniteBlow+4","HollowMod:DesolateDive+1","HollowMod:DreamGate+1","HollowMod:Weaversong","HollowMod:MantisMark+1","HollowMod:CloakDash+1"],"relics":["HollowMod:VesselMask","EVO:Axolotl","hubris:Icosahedron","reliquary:Vitrine","PreservedInsect","HollowMod:MantisClawRelic","Empty Cage","Smiling Mask","Tiny Chest","HollowMod:KingsSoulRelic","Black Star","halation:PeacePiece","hubris:MysteriousPyramids","MawBank","reliquary:Aerogel","aspiration:TomeofQuesting","HollowMod:StagPassRelic","Molten Egg 2"],"acts_visited":["Hallownest:Greenpath","Hallownest:CityofTears","Hallownest:KingdomsEdge"],"potions_floor_usage":[40,50],"damage_taken":[{"damage":0.0,"enemies":"Hallownest:2_MossCreeps","floor":1.0,"turns":5.0},{"damage":1.0,"enemies":"2_ Uuma","floor":4.0,"turns":3.0},{"damage":0.0,"enemies":"Hallownest:2_Baldur","floor":5.0,"turns":2.0},{"damage":9.0,"enemies":"Hallownest:eliteCrystalGuardian","floor":7.0,"turns":5.0},{"damage":0.0,"enemies":"Hallownest:1_Baldur_1_Crawlid_1_Warrior","floor":10.0,"turns":2.0},{"damage":0.0,"enemies":"Hallownest:Guard_and_Warrior","floor":12.0,"turns":4.0},{"damage":9.0,"enemies":"Hallownest:2_Tiktiks_1_Baldur_1_Crawlid","floor":13.0,"turns":3.0},{"damage":0.0,"enemies":"Hallownest:eliteVengeflyKing","floor":14.0,"turns":4.0},{"damage":100.0,"enemies":"Hallownest:BossHornet","floor":16.0,"turns":10.0},{"damage":1.0,"enemies":"Hallownest:3_Youths","floor":18.0,"turns":5.0},{"damage":12.0,"enemies":"Hallownest:2_Mistakes","floor":20.0,"turns":8.0},{"damage":0.0,"enemies":"Hallownest:2_Husk_Sentries","floor":22.0,"turns":5.0},{"damage":7.0,"enemies":"Hallownest:Glutton_and_Coward","floor":24.0,"turns":3.0},{"damage":16.0,"enemies":"Nightmare","floor":25.0,"turns":6.0},{"damage":5.0,"enemies":"Hallownest:Master_and_Novice","floor":27.0,"turns":4.0},{"damage":0.0,"enemies":"Hallownest:2_Flukemon","floor":28.0,"turns":4.0},{"damage":6.0,"enemies":"Hallownest:Glutton_and_Coward","floor":30.0,"turns":3.0},{"damage":14.0,"enemies":"Hallownest:monsterShrumalOgre","floor":31.0,"turns":4.0},{"damage":24.0,"enemies":"Hallownest:BossSoulMaster","floor":33.0,"turns":7.0},{"damage":31.0,"enemies":"Hallownest:2_Littles","floor":35.0,"turns":4.0},{"damage":9.0,"enemies":"Hallownest:Shield_Heavy","floor":36.0,"turns":4.0},{"damage":0.0,"enemies":"Hallownest:2_Great","floor":37.0,"turns":3.0},{"damage":37,"enemies":"Hallownest:StalkingDevout","floor":40,"turns":5},{"damage":8,"enemies":"Hallownest:eliteHiveKnight","floor":42,"turns":5},{"damage":0,"enemies":"Hallownest:monsterPrimalAspid","floor":44,"turns":4},{"damage":0,"enemies":"Hallownest:2_Soldiers_and_1_Guardian","floor":45,"turns":4},{"damage":0,"enemies":"Hallownest:Shield_Sturdy","floor":46,"turns":4},{"damage":1,"enemies":"Hallownest:2_Wandering_and_1_Horned","floor":48,"turns":4},{"damage":33,"enemies":"Hallownest:BossGreyPrinceZote","floor":50,"turns":5}],"seed_played":"281772200270139357","potions_obtained":[{"floor":1.0,"key":"FairyPotion"},{"floor":4.0,"key":"SteroidPotion"},{"floor":13.0,"key":"BlessingOfTheForge"},{"floor":14.0,"key":"ColorlessPotion"},{"floor":20.0,"key":"Swift Potion"},{"floor":27.0,"key":"Explosive Potion"},{"floor":30.0,"key":"SkillPotion"},{"floor":33.0,"key":"Energy Potion"},{"floor":35.0,"key":"AttackPotion"},{"floor":37.0,"key":"AttackPotion"},{"floor":42,"key":"SmokeBomb"},{"floor":46,"key":"Block Potion"}],"is_trial":false,"path_per_floor":["M","?","?","M","M","R","E","$","T","M","$","M","M","E","R","B",null,"M","?","M","$","M","R","M","NM","T","M","M","AVR","M","M","R","B",null,"M","M","M","?","$","E","R","E","T","M","M","M","?","M","R","B"],"character_chosen":"THE_BUGKNIGHT","items_purchased":["halation:PeacePiece","hubris:MysteriousPyramids"],"campfire_rested":1,"item_purchase_floors":[39,39],"current_hp_per_floor":[82,82,82,81,81,81,72,72,72,72,72,78,75,81,81,24,82,82,82,72,72,82,82,77,72,72,67,67,67,61,47,47,23,82,51,42,42,50,50,13,13,5,5,5,5,5,8,7,32,0,0],"gold":344,"neow_bonus":"TEN_PERCENT_HP_BONUS","is_daily":false,"chose_seed":false,"campfire_upgraded":5,"win_rate":0.0,"timestamp":1614264589,"path_taken":["M","?","?","M","M","R","E","$","T","M","?","M","M","E","R","BOSS","M","?","M","$","M","R","M","NM","T","M","M","AVR","M","M","R","BOSS","M","M","M","?","$","E","R","E","T","M","?","M","?","M","R","BOSS"],"items_purchased_type":["Relic","Relic"],"build_version":"2020-12-22","purchased_purges":3,"victory":false,"max_hp_per_floor":[82,82,82,82,82,82,82,82,82,82,82,82,82,82,82,82,82,82,82,82,82,82,82,82,82,82,82,82,82,82,82,82,82,82,82,82,82,82,82,82,82,82,82,82,82,82,85,85,85,85,85],"card_choices":[{"not_picked":["HollowMod:PureNailStrike","HollowMod:PerfectDash"],"picked":"HollowMod:DashSlash","floor":1.0},{"not_picked":["HollowMod:BrokenVessel","HollowMod:DreamGate"],"picked":"HollowMod:CycloneSlash","floor":4.0},{"not_picked":["HollowMod:SoulShaman","HollowMod:WraithStrike","HollowMod:DoubleDash"],"picked":"SKIP","floor":5.0},{"not_picked":["HollowMod:LifebloodCocoon","HollowMod:InfectedCysts","HollowMod:ShapeofUnn"],"picked":"SKIP","floor":7.0},{"not_picked":["HollowMod:PaleKingsBlessing","HollowMod:HowlingWraiths"],"picked":"HollowMod:CycloneSlash","floor":10.0},{"not_picked":["HollowMod:NewJinnsSoul","HollowMod:InfectedCysts","HollowMod:SharpenedNail"],"picked":"SKIP","floor":12.0},{"not_picked":["HollowMod:GoodIntentions","HollowMod:SharpenedNail","HollowMod:PerfectDash"],"picked":"SKIP","floor":13.0},{"not_picked":["HollowMod:DoubleDash","HollowMod:GrimmsGift"],"picked":"HollowMod:RecoilStrike","floor":14.0},{"not_picked":["HollowMod:VoidDash","HollowMod:ElderbugsWisdom"],"picked":"HollowMod:theNailsmith","floor":16.0},{"not_picked":["HollowMod:VengefulVoid","HollowMod:InfectedCysts"],"picked":"HollowMod:DashSlash","floor":18.0},{"not_picked":["HollowMod:QuirrelsAssistance","HollowMod:VengefulVoid","HollowMod:SiblingsSouls"],"picked":"SKIP","floor":20.0},{"not_picked":["HollowMod:AbyssShriek","HollowMod:GoodIntentions"],"picked":"HollowMod:VengefulSpirit+1","floor":22.0},{"not_picked":["HollowMod:DescendingDark+1","HollowMod:CornifersMapStart+1"],"picked":"HollowMod:CloakDash","floor":24.0},{"not_picked":["HollowMod:BaldurShell","HollowMod:ShadowDash"],"picked":"HollowMod:MonarchWings","floor":25.0},{"not_picked":["HollowMod:CrystalDash+1","HollowMod:MidwifesHunger"],"picked":"HollowMod:HuntersJournal","floor":27.0},{"not_picked":["HollowMod:SharpenedNail","HollowMod:BrokenVessel"],"picked":"HollowMod:SoulShaman+1","floor":28.0},{"not_picked":["HollowMod:NewLittleFool","HollowMod:CycloneSlash"],"picked":"HollowMod:DesolateDive+1","floor":30.0},{"not_picked":["HollowMod:CornifersMapStart","HollowMod:MawleksShell+1"],"picked":"HollowMod:DreamGate+1","floor":31.0},{"not_picked":["HollowMod:MidwifesHunger","HollowMod:PaleKingsBlessing"],"picked":"HollowMod:Weaversong","floor":33.0},{"not_picked":["HollowMod:InfectedCysts","HollowMod:LifebloodCocoon+1","HollowMod:VengefulVoid"],"picked":"SKIP","floor":35.0},{"not_picked":["HollowMod:HowlingWraiths","HollowMod:NewJinnsSoul+1"],"picked":"HollowMod:MantisMark+1","floor":36.0},{"not_picked":["HollowMod:BrokenVessel","HollowMod:DesolateDive"],"picked":"HollowMod:CloakDash+1","floor":37.0},{"not_picked":["HollowMod:theNailsmith","HollowMod:NewLittleFool+1","HollowMod:InfectionAssault"],"picked":"SKIP","floor":40},{"not_picked":["HollowMod:MothsMistake+1","HollowMod:VengefulSpirit+1","HollowMod:CrystalDash+1"],"picked":"SKIP","floor":42},{"not_picked":["HollowMod:CornifersMapStart","HollowMod:CoiledNail+1","HollowMod:Grubsong+1"],"picked":"SKIP","floor":44},{"not_picked":["HollowMod:BlackTendrils+1","HollowMod:DashSlash+1","HollowMod:SoulEater+1"],"picked":"SKIP","floor":45},{"not_picked":["HollowMod:CrystalDash","HollowMod:VengefulVoid+1","HollowMod:InfectedAttack+1"],"picked":"SKIP","floor":46},{"not_picked":["HollowMod:ShapeofUnn","HollowMod:HeavyBlow+1","HollowMod:SoulStrike+1"],"picked":"SKIP","floor":48}],"player_experience":558275,"relics_obtained":[{"floor":7.0,"key":"reliquary:Vitrine"},{"floor":9.0,"key":"PreservedInsect"},{"floor":14.0,"key":"HollowMod:MantisClawRelic"},{"floor":25.0,"key":"Smiling Mask"},{"floor":26.0,"key":"Tiny Chest"},{"floor":40,"key":"MawBank"},{"floor":40,"key":"reliquary:Aerogel"},{"floor":42,"key":"aspiration:TomeofQuesting"},{"floor":42,"key":"HollowMod:StagPassRelic"},{"floor":43,"key":"Molten Egg 2"}],"event_choices":[],"is_beta":false,"boss_relics":[{"not_picked":["Philosopher\u0027s Stone","infinitespire:Cupcake"],"picked":"Empty Cage"},{"not_picked":["SacredBark","Cursed Key"],"picked":"Black Star"}],"items_purged_floors":[8,11,39],"is_endless":true,"potions_floor_spawned":[1,4,13,14,20,27,30,31,33,35,37,42,46],"killed_by":"Hallownest:BossGreyPrinceZote","ascension_level":3}}