{"host":"2l5k2wp87eek7qja","time":1614274461,"event":{"mods":["BaseMod","Colored Map","Minty Spire (QoL Compilation)","Relic Stats"],"gold_per_floor":[112,130,141,159,84,116,116,141,141,153,188,210,238,252,252,324,324,340,360,360,379,379,404,416,416,464,497,509,509,520,520,520,596,596,610,610,610,621,276,306,306,306,374,405,421,440,94,126,126,126,126,126,126,15,40,40,40],"floor_reached":56,"language":"ENG","playtime":3360,"items_purged":["Strike_G","Strike_G+1"],"score":2389,"play_id":"c408538c-14bd-47e8-ab08-658da1c8d0d1","local_time":"20210225193421","is_ascension_mode":true,"campfire_choices":[{"data":"Blade Dance","floor":7.0,"key":"SMITH"},{"floor":15.0,"key":"REST"},{"data":"Accuracy","floor":25.0,"key":"SMITH"},{"data":"Accuracy","floor":29.0,"key":"SMITH"},{"floor":32.0,"key":"RECALL"},{"data":"Well Laid Plans","floor":41.0,"key":"SMITH"},{"data":"Accuracy","floor":49.0,"key":"SMITH"},{"data":"Infinite Blades","floor":53,"key":"SMITH"}],"circlet_count":0,"master_deck":["AscendersBane","Defend_G","Defend_G","Defend_G","Defend_G","Defend_G","Survivor","Neutralize+1","Infinite Blades+1","Accuracy+1","Blade Dance+1","Acrobatics+1","Backflip+1","Distraction+1","Acrobatics+1","PiercingWail+1","Tactician+1","Crippling Poison+1","Cloak And Dagger+1","Accuracy+1","Cloak And Dagger+1","Deflect+1","Bullet Time+1","Malaise+1","Deflect+1","PanicButton+1","PiercingWail+1","Night Terror+1","Acrobatics+1","Deflect+1","Well Laid Plans+1","Blur+1","Cloak And Dagger+1","Leg Sweep+1","Accuracy+1","Blade Dance+1","Dodge and Roll+1"],"relics":["Ring of the Snake","PreservedInsect","Lantern","Toxic Egg 2","Letter Opener","Pear","Odd Mushroom","Omamori","Astrolabe","Vajra","WarpedTongs","Boot","Whetstone","HoveringKite","Orrery","Bag of Preparation","White Beast Statue","Strawberry","Shuriken","Turnip","Tough Bandages"],"acts_visited":["Exordium","TheCity","TheBeyond","TheEnding"],"potions_floor_usage":[51,51,56,56,56,56],"damage_taken":[{"damage":6.0,"enemies":"Cultist","floor":1.0,"turns":5.0},{"damage":0.0,"enemies":"Small Slimes","floor":2.0,"turns":6.0},{"damage":3.0,"enemies":"Jaw Worm","floor":3.0,"turns":4.0},{"damage":16.0,"enemies":"Gremlin Gang","floor":4.0,"turns":5.0},{"damage":6.0,"enemies":"3 Sentries","floor":6.0,"turns":6.0},{"damage":20.0,"enemies":"Lagavulin","floor":8.0,"turns":5.0},{"damage":1.0,"enemies":"Looter","floor":10.0,"turns":3.0},{"damage":0.0,"enemies":"Gremlin Nob","floor":11.0,"turns":3.0},{"damage":8.0,"enemies":"The Mushroom Lair","floor":12.0,"turns":4.0},{"damage":0.0,"enemies":"Lagavulin","floor":13.0,"turns":4.0},{"damage":4.0,"enemies":"Exordium Thugs","floor":14.0,"turns":4.0},{"damage":22.0,"enemies":"Slime Boss","floor":16.0,"turns":4.0},{"damage":0.0,"enemies":"3 Byrds","floor":18.0,"turns":4.0},{"damage":7.0,"enemies":"Shell Parasite","floor":19.0,"turns":5.0},{"damage":11.0,"enemies":"Sentry and Sphere","floor":21.0,"turns":4.0},{"damage":13.0,"enemies":"Slavers","floor":23.0,"turns":4.0},{"damage":0.0,"enemies":"Chosen and Byrds","floor":24.0,"turns":4.0},{"damage":0.0,"enemies":"Book of Stabbing","floor":27.0,"turns":2.0},{"damage":7.0,"enemies":"Snecko","floor":28.0,"turns":3.0},{"damage":0.0,"enemies":"3 Cultists","floor":30.0,"turns":4.0},{"damage":19.0,"enemies":"Collector","floor":33.0,"turns":6.0},{"damage":0.0,"enemies":"3 Shapes","floor":35.0,"turns":1.0},{"damage":0.0,"enemies":"Orb Walker","floor":38.0,"turns":3.0},{"damage":0.0,"enemies":"Giant Head","floor":40.0,"turns":3.0},{"damage":0.0,"enemies":"Nemesis","floor":44.0,"turns":3.0},{"damage":0.0,"enemies":"Maw","floor":45.0,"turns":4.0},{"damage":3.0,"enemies":"Transient","floor":46.0,"turns":6.0},{"damage":0.0,"enemies":"Reptomancer","floor":48.0,"turns":4.0},{"damage":19.0,"enemies":"Awakened One","floor":50.0,"turns":8.0},{"damage":32,"enemies":"Time Eater","floor":51,"turns":9},{"damage":0,"enemies":"Shield and Spear","floor":55,"turns":6},{"damage":63,"enemies":"The Heart","floor":56,"turns":11}],"seed_played":"-4196758712027301163","potions_obtained":[{"floor":1.0,"key":"Fire Potion"},{"floor":2.0,"key":"SteroidPotion"},{"floor":4.0,"key":"Dexterity Potion"},{"floor":8.0,"key":"LiquidMemories"},{"floor":13.0,"key":"LiquidMemories"},{"floor":19.0,"key":"ColorlessPotion"},{"floor":23.0,"key":"SteroidPotion"},{"floor":28.0,"key":"Swift Potion"},{"floor":38.0,"key":"LiquidMemories"},{"floor":44.0,"key":"Block Potion"},{"floor":46.0,"key":"SteroidPotion"},{"floor":55,"key":"Swift Potion"}],"is_trial":false,"path_per_floor":["M","M","M","M","$","E","R","E","T","M","E","?","E","M","R","B",null,"M","M","?","M","?","E","M","R","T","E","M","R","M","?","R","B",null,"M","?","?","M","$","E","R","?","T","E","M","M","$","E","R","B","B",null,"R","$","E","B"],"character_chosen":"THE_SILENT","items_purchased":["Orrery","Well Laid Plans","Shuriken","Accuracy","EntropicBrew"],"campfire_rested":1,"item_purchase_floors":[39,39,47,47,54],"current_hp_per_floor":[53,53,50,34,34,28,28,8,8,7,17,9,9,5,27,5,58,58,51,51,40,40,27,27,27,27,27,20,20,20,20,20,1,57,57,57,57,57,57,57,57,57,57,64,64,61,61,61,61,42,10,62,62,62,62,0,0],"gold":40,"neow_bonus":"RANDOM_COMMON_RELIC","is_daily":false,"chose_seed":false,"campfire_upgraded":6,"win_rate":0.0,"timestamp":1614274461,"path_taken":["M","M","M","M","?","E","R","E","T","M","E","?","E","M","R","BOSS","M","M","?","?","?","E","?","R","T","E","M","R","M","?","R","BOSS","M","?","?","M","$","E","R","?","T","E","M","M","$","E","R","BOSS","BOSS","R","$","E","BOSS"],"items_purchased_type":["Relic","Card","Relic","Card","Potion"],"build_version":"2020-12-22","purchased_purges":2,"victory":false,"max_hp_per_floor":[66,66,66,66,66,66,66,66,66,66,76,76,76,76,76,76,76,76,76,76,76,76,76,76,76,76,76,76,76,76,76,76,76,76,76,76,76,76,76,76,76,72,72,79,79,79,79,79,79,79,79,79,79,79,79,79,79],"relic_stats":{"counters":[32,147],"Astrolabe":["PiercingWail","Tactician","Crippling Poison"],"HoveringKite":[36],"PreservedInsect":517,"Bag of Preparation":[16],"Letter Opener":[677],"Whetstone":["Strike_G","Neutralize"],"Boot":[23],"WarpedTongs":[68],"Tough Bandages":[60],"Shuriken":[26],"Turnip":[5],"obtain_stats":[{"Lantern":6,"Pear":11,"Astrolabe":17,"Vajra":20,"HoveringKite":34,"PreservedInsect":0,"Omamori":13,"Bag of Preparation":40,"Letter Opener":9,"Whetstone":27,"Odd Mushroom":12,"Boot":23,"White Beast Statue":43,"WarpedTongs":22,"Tough Bandages":55,"Shuriken":47,"Strawberry":44,"Orrery":39,"Turnip":48,"Toxic Egg 2":8,"Ring of the Snake":0},{"Lantern":5,"Pear":8,"Astrolabe":12,"Vajra":14,"HoveringKite":21,"PreservedInsect":0,"Omamori":10,"Bag of Preparation":24,"Letter Opener":6,"Whetstone":18,"Odd Mushroom":9,"Boot":16,"White Beast Statue":24,"WarpedTongs":15,"Tough Bandages":31,"Shuriken":27,"Strawberry":25,"Orrery":23,"Turnip":28,"Toxic Egg 2":6,"Ring of the Snake":0},{"Lantern":26,"Pear":37,"Astrolabe":53,"Vajra":62,"HoveringKite":89,"PreservedInsect":0,"Omamori":45,"Bag of Preparation":96,"Letter Opener":31,"Whetstone":76,"Odd Mushroom":41,"Boot":70,"White Beast Statue":96,"WarpedTongs":66,"Tough Bandages":136,"Shuriken":109,"Strawberry":99,"Orrery":93,"Turnip":113,"Toxic Egg 2":31,"Ring of the Snake":0}],"Ring of the Snake":[64]},"card_choices":[{"not_picked":["Backflip","Crippling Poison"],"picked":"Infinite Blades","floor":1.0},{"not_picked":["Concentrate","Endless Agony"],"picked":"Accuracy","floor":2.0},{"not_picked":["Riddle With Holes","Catalyst","PiercingWail"],"picked":"SKIP","floor":3.0},{"not_picked":["Infinite Blades","Underhanded Strike","Acrobatics"],"picked":"SKIP","floor":4.0},{"not_picked":["Dash","Poisoned Stab"],"picked":"Blade Dance","floor":6.0},{"not_picked":["Blur+1","Dodge and Roll+1"],"picked":"Acrobatics+1","floor":8.0},{"not_picked":["Bullet Time+1","Dodge and Roll+1"],"picked":"Backflip+1","floor":10.0},{"not_picked":["Outmaneuver+1","Predator","Bouncing Flask+1"],"picked":"SKIP","floor":11.0},{"not_picked":["Skewer","Underhanded Strike"],"picked":"Distraction+1","floor":12.0},{"not_picked":["Caltrops","PiercingWail+1"],"picked":"Acrobatics+1","floor":13.0},{"not_picked":["Flechettes","Unload","Poisoned Stab"],"picked":"SKIP","floor":14.0},{"not_picked":["Underhanded Strike+1","Outmaneuver+1"],"picked":"Cloak And Dagger+1","floor":18.0},{"not_picked":["Dagger Spray","Bouncing Flask+1","Infinite Blades+1"],"picked":"SKIP","floor":19.0},{"not_picked":["Masterful Stab+1","Calculated Gamble+1"],"picked":"Accuracy","floor":21.0},{"not_picked":["Masterful Stab","Caltrops"],"picked":"Cloak And Dagger+1","floor":23.0},{"not_picked":["Skewer","Flechettes"],"picked":"Deflect+1","floor":24.0},{"not_picked":["Dagger Spray","Envenom"],"picked":"Bullet Time+1","floor":27.0},{"not_picked":["Slice","Dagger Throw+1","Dagger Spray"],"picked":"SKIP","floor":28.0},{"not_picked":["Outmaneuver+1","Dagger Throw","Sucker Punch+1"],"picked":"SKIP","floor":30.0},{"not_picked":["Tools of the Trade","Envenom"],"picked":"Malaise+1","floor":33.0},{"not_picked":["Escape Plan+1","Slice"],"picked":"Deflect+1","floor":35.0},{"not_picked":["Purity+1","Forethought+1"],"picked":"PanicButton+1","floor":36.0},{"not_picked":["Skewer","Deadly Poison+1"],"picked":"PiercingWail+1","floor":38.0},{"not_picked":["Deflect+1","Endless Agony"],"picked":"Night Terror+1","floor":39.0},{"not_picked":["Flying Knee","Bouncing Flask+1"],"picked":"Acrobatics+1","floor":39.0},{"not_picked":["Dodge and Roll+1","PiercingWail+1"],"picked":"Deflect+1","floor":39.0},{"not_picked":["Sucker Punch","Dagger Spray"],"picked":"Blur+1","floor":40.0},{"not_picked":["Backflip+1","Quick Slash","Dodge and Roll+1"],"picked":"SKIP","floor":44.0},{"not_picked":["Storm of Steel+1","Dagger Spray"],"picked":"Cloak And Dagger+1","floor":45.0},{"not_picked":["Deflect+1","Backflip+1"],"picked":"Leg Sweep+1","floor":46.0},{"not_picked":["Dodge and Roll+1","Predator"],"picked":"Blade Dance+1","floor":48.0},{"not_picked":["Expertise+1","Outmaneuver+1"],"picked":"Dodge and Roll+1","floor":55}],"player_experience":900388,"relics_obtained":[{"floor":6.0,"key":"Lantern"},{"floor":8.0,"key":"Toxic Egg 2"},{"floor":9.0,"key":"Letter Opener"},{"floor":11.0,"key":"Pear"},{"floor":12.0,"key":"Odd Mushroom"},{"floor":13.0,"key":"Omamori"},{"floor":23.0,"key":"Boot"},{"floor":27.0,"key":"Whetstone"},{"floor":40.0,"key":"Bag of Preparation"},{"floor":43.0,"key":"White Beast Statue"},{"floor":44.0,"key":"Strawberry"},{"floor":48.0,"key":"Turnip"},{"floor":55,"key":"Tough Bandages"}],"event_choices":[{"damage_healed":0.0,"max_hp_gain":0.0,"max_hp_loss":0.0,"gold_gain":0.0,"event_name":"Mushrooms","player_choice":"Fought Mushrooms","floor":12.0,"gold_loss":0.0,"damage_taken":0.0},{"damage_healed":0.0,"max_hp_gain":0.0,"max_hp_loss":0.0,"gold_gain":0.0,"event_name":"WeMeetAgain","player_choice":"Gave Potion","floor":20.0,"gold_loss":0.0,"damage_taken":0.0,"relics_obtained":["Vajra"]},{"damage_healed":0.0,"max_hp_gain":0.0,"max_hp_loss":0.0,"gold_gain":0.0,"event_name":"Accursed Blacksmith","player_choice":"Rummage","floor":22.0,"gold_loss":0.0,"damage_taken":0.0,"relics_obtained":["WarpedTongs"],"cards_obtained":["Pain"]},{"damage_healed":0.0,"max_hp_gain":0.0,"max_hp_loss":0.0,"gold_gain":0.0,"event_name":"FaceTrader","player_choice":"Leave","floor":31.0,"gold_loss":0.0,"damage_taken":0.0},{"damage_healed":0.0,"max_hp_gain":0.0,"max_hp_loss":0.0,"gold_gain":0.0,"event_name":"SensoryStone","player_choice":"Memory 1","floor":36.0,"gold_loss":0.0,"damage_taken":0.0},{"damage_healed":0.0,"max_hp_gain":0.0,"max_hp_loss":0.0,"gold_gain":0.0,"event_name":"Tomb of Lord Red Mask","player_choice":"Ignored","floor":37.0,"gold_loss":0.0,"damage_taken":0.0},{"damage_healed":0.0,"max_hp_gain":0.0,"max_hp_loss":4.0,"gold_gain":0.0,"event_name":"Winding Halls","player_choice":"Max HP","floor":42.0,"gold_loss":0.0,"damage_taken":0.0}],"is_beta":false,"boss_relics":[{"not_picked":["Empty Cage","Runic Pyramid"],"picked":"Astrolabe"},{"not_picked":["Ring of the Serpent","Black Star"],"picked":"HoveringKite"}],"items_purged_floors":[5,39],"is_endless":false,"potions_floor_spawned":[1,2,4,8,13,19,23,28,38,44,45,46,48,55],"killed_by":"The Heart","ascension_level":20}}