{"host":"np4f5reu8f2vit8r","time":1614219520,"event":{"mods":["BaseMod","Bestiary","Curses Come First","Minty Spire (QoL Compilation)","Permanent Neow","Relic Stats","StSLib"],"gold_per_floor":[109,109,129,139,150,181,181,215,215,215,230,230,262,277,277,356,356,376,35,46,61,74,74,74,74],"floor_reached":24,"language":"ENG","playtime":1093,"items_purged":["Strike_R"],"score":440,"play_id":"3000caa0-9ca6-4f4f-8adc-05e414f99657","local_time":"20210225151840","is_ascension_mode":true,"campfire_choices":[{"data":"Carnage","floor":7.0,"key":"SMITH"},{"data":"True Grit","floor":12.0,"key":"SMITH"},{"data":"Shockwave","floor":15.0,"key":"SMITH"},{"data":"Feel No Pain","floor":23.0,"key":"SMITH"}],"circlet_count":0,"master_deck":["AscendersBane","Strike_R","Strike_R","Strike_R","Strike_R","Defend_R","Defend_R","Defend_R","Defend_R","Bash","Bludgeon+1","Carnage+1","Thunderclap","Shockwave+1","True Grit+1","Evolve","Feel No Pain+1","Offering","Offering","Evolve","Power Through","Clothesline","Flame Barrier"],"relics":["Burning Blood","HornCleat","Turnip","Thread and Needle","Ginger","Blood Vial","Mark of Pain","ClockworkSouvenir"],"acts_visited":["Exordium","TheCity"],"potions_floor_usage":[24],"damage_taken":[{"damage":10.0,"enemies":"Small Slimes","floor":1.0,"turns":3.0},{"damage":0.0,"enemies":"Cultist","floor":3.0,"turns":2.0},{"damage":0.0,"enemies":"2 Louse","floor":4.0,"turns":2.0},{"damage":5.0,"enemies":"Red Slaver","floor":5.0,"turns":2.0},{"damage":8.0,"enemies":"Gremlin Nob","floor":6.0,"turns":3.0},{"damage":21.0,"enemies":"3 Sentries","floor":8.0,"turns":7.0},{"damage":10.0,"enemies":"Lots of Slimes","floor":11.0,"turns":6.0},{"damage":20.0,"enemies":"Lagavulin","floor":13.0,"turns":10.0},{"damage":2.0,"enemies":"2 Fungi Beasts","floor":14.0,"turns":3.0},{"damage":15.0,"enemies":"The Guardian","floor":16.0,"turns":7.0},{"damage":29.0,"enemies":"Shell Parasite","floor":18.0,"turns":5.0},{"damage":12.0,"enemies":"Spheric Guardian","floor":20.0,"turns":3.0},{"damage":6.0,"enemies":"Shelled Parasite and Fungi","floor":21.0,"turns":5.0},{"damage":5.0,"enemies":"Snake Plant","floor":22.0,"turns":3.0},{"damage":52,"enemies":"Gremlin Leader","floor":24,"turns":6}],"seed_played":"-2275473669122006013","potions_obtained":[{"floor":1.0,"key":"EntropicBrew"},{"floor":6.0,"key":"Ancient Potion"},{"floor":8.0,"key":"BlessingOfTheForge"},{"floor":11.0,"key":"Regen Potion"},{"floor":16.0,"key":"Fruit Juice"}],"is_trial":false,"path_per_floor":["M","?","M","M","M","E","R","E","T","?","M","R","E","M","R","B",null,"M","$","M","M","M","R","E"],"character_chosen":"IRONCLAD","items_purchased":["Power Through","ClockworkSouvenir","SpeedPotion"],"campfire_rested":0,"item_purchase_floors":[19,19,19],"current_hp_per_floor":[64,64,68,68,68,66,66,51,51,51,47,47,48,54,54,47,63,42,47,43,45,48,48,0,0],"gold":74,"neow_bonus":"THREE_RARE_CARDS","is_daily":false,"chose_seed":false,"campfire_upgraded":4,"win_rate":0.0,"timestamp":1614219520,"path_taken":["M","?","M","?","?","E","R","E","T","?","M","R","E","?","R","BOSS","M","?","M","M","M","R","E"],"items_purchased_type":["Card","Relic","Potion"],"build_version":"2020-12-22","purchased_purges":1,"victory":false,"max_hp_per_floor":[68,68,68,68,68,68,68,68,68,68,68,68,68,68,68,68,68,68,73,73,73,73,73,73,73],"relic_stats":{"Blood Vial":14,"counters":[15,67],"Turnip":[13],"Ginger":[7],"obtain_stats":[{"Blood Vial":13,"HornCleat":6,"Thread and Needle":9,"Turnip":8,"Mark of Pain":17,"Ginger":10,"Burning Blood":0,"ClockworkSouvenir":19},{"Blood Vial":8,"HornCleat":5,"Thread and Needle":6,"Turnip":6,"Mark of Pain":10,"Ginger":6,"Burning Blood":0,"ClockworkSouvenir":11},{"Blood Vial":35,"HornCleat":12,"Thread and Needle":19,"Turnip":19,"Mark of Pain":45,"Ginger":19,"Burning Blood":0,"ClockworkSouvenir":50}],"Burning Blood":75},"card_choices":[{"not_picked":["Impervious","Fiend Fire"],"picked":"Bludgeon","floor":0.0},{"not_picked":["Flex","Second Wind"],"picked":"Carnage","floor":1.0},{"not_picked":["Reckless Charge","Perfected Strike"],"picked":"Thunderclap","floor":3.0},{"not_picked":["Twin Strike","Dual Wield"],"picked":"Shockwave","floor":4.0},{"not_picked":["Blood for Blood","Armaments","Shockwave"],"picked":"SKIP","floor":5.0},{"not_picked":["Sword Boomerang","Flex"],"picked":"True Grit","floor":6.0},{"not_picked":["Metallicize","Clothesline","Evolve"],"picked":"SKIP","floor":8.0},{"not_picked":["Metallicize","Clothesline"],"picked":"Evolve","floor":8.0},{"not_picked":["Headbutt","Twin Strike"],"picked":"Feel No Pain","floor":11.0},{"not_picked":["Anger","Dark Embrace"],"picked":"Offering","floor":13.0},{"not_picked":["Body Slam","Combust","Havoc"],"picked":"SKIP","floor":14.0},{"not_picked":["Bludgeon","Limit Break"],"picked":"Offering","floor":16.0},{"not_picked":["Searing Blow+1","Wild Strike"],"picked":"Evolve","floor":18.0},{"not_picked":["Uppercut","Twin Strike+1","Anger"],"picked":"SKIP","floor":20.0},{"not_picked":["Wild Strike","Shrug It Off"],"picked":"Clothesline","floor":21.0},{"not_picked":["Headbutt+1","Perfected Strike"],"picked":"Flame Barrier","floor":22.0}],"player_experience":977090,"relics_obtained":[{"floor":6.0,"key":"HornCleat"},{"floor":8.0,"key":"Turnip"},{"floor":9.0,"key":"Thread and Needle"},{"floor":13.0,"key":"Blood Vial"}],"event_choices":[{"damage_healed":0.0,"max_hp_gain":0.0,"max_hp_loss":0.0,"gold_gain":0.0,"event_name":"Upgrade Shrine","player_choice":"Upgraded","floor":2.0,"gold_loss":0.0,"damage_taken":0.0,"cards_upgraded":["Bludgeon"]},{"damage_healed":0.0,"max_hp_gain":0.0,"max_hp_loss":0.0,"gold_gain":0.0,"event_name":"WeMeetAgain","player_choice":"Gave Potion","floor":10.0,"gold_loss":0.0,"damage_taken":0.0,"relics_obtained":["Ginger"]}],"is_beta":false,"boss_relics":[{"not_picked":["Pandora\u0027s Box","Runic Pyramid"],"picked":"Mark of Pain"}],"items_purged_floors":[19],"is_endless":false,"potions_floor_spawned":[1,6,8,11,16,20],"killed_by":"Gremlin Leader","ascension_level":20}}