{"host":"3popq6h3e9zwx3f8","time":1614261199,"event":{"mods":["BaseMod","Downfall","Googly Eyes","Hermit","Minty Spire (QoL Compilation)","StSLib","The IronCluck"],"gold_per_floor":[99,113,125,141,53,53,53,81,81,99,84,110,126,160,170,170,170,170],"floor_reached":16,"language":"ENG","playtime":1535,"items_purged":[],"score":122,"play_id":"497b3f6e-302a-4dd2-8057-0b0230867fca","local_time":"20210225055319","is_ascension_mode":false,"campfire_choices":[{"floor":1,"key":"RECALL"},{"floor":9,"key":"REST"}],"circlet_count":0,"master_deck":["Guardian:Strike_Guardian","Guardian:Strike_Guardian","Guardian:Strike_Guardian","Guardian:Strike_Guardian","Guardian:Defend_Guardian","Guardian:Defend_Guardian","Guardian:Defend_Guardian","Guardian:CurlUp","Guardian:TwinSlam","Guardian:CrystalBeam","Guardian:DonusPower","Guardian:BronzeArmor","Guardian:Gem_Green","Guardian:BaubleBeam","Guardian:Gem_Red","Guardian:VentSteam","Guardian:Gem_Blue","Guardian:Gem_Yellow","Guardian:Gem_Crimson","Guardian:Gem_Red","Guardian:Gem_Purple","Guardian:PrimingBeam","Guardian:CrystalBeam","Guardian:EvasiveProtocol+1","Guardian:Planning"],"relics":["Guardian:ModeShifter","Frozen Egg 2","Guardian:SackOfGems","Lantern"],"acts_visited":["Exordium"],"potions_floor_usage":[14,16,16],"damage_taken":[{"damage":0,"enemies":"Cultist","floor":2,"turns":5},{"damage":0,"enemies":"Small Slimes","floor":3,"turns":4},{"damage":1,"enemies":"Jaw Worm","floor":4,"turns":6},{"damage":10,"enemies":"downfall:FleeingMerchant","floor":5,"turns":4},{"damage":41,"enemies":"Lagavulin","floor":8,"turns":10},{"damage":10,"enemies":"downfall:LooterAlt","floor":10,"turns":3},{"damage":10,"enemies":"downfall:FleeingMerchant","floor":11,"turns":4},{"damage":9,"enemies":"Gremlin Nob","floor":12,"turns":4},{"damage":13,"enemies":"Exordium Thugs","floor":13,"turns":5},{"damage":27,"enemies":"Lagavulin","floor":14,"turns":6},{"damage":7,"enemies":"Blue Slaver","floor":15,"turns":4},{"damage":19,"enemies":"IC_STATUS_ARCHETYPE","floor":16,"turns":8}],"seed_played":"6914469973283003838","potions_obtained":[{"floor":2,"key":"FairyPotion"},{"floor":4,"key":"sneckomod:MuddlingPotion"},{"floor":13,"key":"DuplicationPotion"},{"floor":15,"key":"SkillPotion"}],"is_trial":false,"path_per_floor":["R","M","M","M","$","?","T","E","R","M","$","E","M","E","M","B"],"character_chosen":"GUARDIAN","items_purchased":["Guardian:Gem_White"],"campfire_rested":1,"item_purchase_floors":[5],"current_hp_per_floor":[88,88,88,87,77,77,77,36,62,52,42,33,20,26,19,0,0,0],"gold":170,"neow_bonus":"TEN_PERCENT_HP_BONUS","is_daily":false,"chose_seed":false,"campfire_upgraded":0,"win_rate":0.0,"timestamp":1614261199,"path_taken":["R","M","M","?","?","?","T","E","R","M","$","E","?","E","M","BOSS"],"items_purchased_type":["Card"],"build_version":"2020-12-22","purchased_purges":0,"victory":false,"max_hp_per_floor":[88,88,88,88,88,88,88,88,88,88,88,88,88,88,88,88,88,88],"card_choices":[{"not_picked":["Guardian:Gem_Yellow","Guardian:VentSteam"],"picked":"Guardian:Gem_Cyan","floor":2},{"not_picked":["Guardian:Recover","Guardian:ChargeCore"],"picked":"Guardian:CrystalBeam","floor":3},{"not_picked":["Guardian:Gem_Green","Guardian:TimeCapacitor"],"picked":"Guardian:DonusPower","floor":4},{"not_picked":["Guardian:Preprogram","Guardian:PiercingHide"],"picked":"Guardian:BronzeArmor","floor":5},{"not_picked":["Guardian:RollAttack","Guardian:WalkerClaw"],"picked":"Guardian:BaubleBeam","floor":8},{"not_picked":["Guardian:Gem_Purple","Guardian:GuardianWhirl"],"picked":"Guardian:Gem_Red","floor":10},{"not_picked":["Guardian:Planning","Guardian:ChargeCore"],"picked":"Guardian:VentSteam","floor":11},{"not_picked":["Guardian:Gem_Crimson","Guardian:Clone"],"picked":"Guardian:PrimingBeam","floor":12},{"not_picked":["Guardian:RollAttack","Guardian:HyperBeam_Guardian"],"picked":"Guardian:CrystalBeam","floor":13},{"not_picked":["Guardian:FloatingOrbs+1","Guardian:RefractedBeam"],"picked":"Guardian:EvasiveProtocol+1","floor":14},{"not_picked":["Guardian:WalkerClaw","Guardian:CrystalBeam"],"picked":"Guardian:Planning","floor":15}],"player_experience":386701,"relics_obtained":[{"floor":8,"key":"Frozen Egg 2"},{"floor":12,"key":"Guardian:SackOfGems"},{"floor":14,"key":"Lantern"}],"event_choices":[],"is_beta":false,"boss_relics":[],"items_purged_floors":[],"is_endless":false,"potions_floor_spawned":[2,4,13,15],"killed_by":"IC_STATUS_ARCHETYPE","ascension_level":0}}