{"host":"gkh5j5k5w4qf7k7n","time":1614240011,"event":{"mods":["2.2 Compatiblity","AchievementEnabler","BaseMod","Colored Map","Colored Powertips","Duelist Mod","GifTheSpireLib","Keyboard Shortcuts","Minty Spire (QoL Compilation)","Quick Restart","Replay The Spire","StSLib","SuperFastMode","¡¼?Úª?ø«¡½REMEMod"],"gold_per_floor":[143,68,68,68,81,81,81,110,110,110,110],"floor_reached":10,"language":"KOR","playtime":389,"items_purged":["theDuelist:ClownZombie"],"score":178,"play_id":"58673bfb-13c7-46a9-b624-54abf9f30a2c","local_time":"20210225170011","is_ascension_mode":true,"campfire_choices":[{"data":"theDuelist:SkullMarkLadybug","floor":9.0,"key":"SMITH"}],"circlet_count":0,"master_deck":["theDuelist:ZombieCorpse","theDuelist:ZombieCorpse","theDuelist:ZombieCorpse","theDuelist:ArmoredZombie","theDuelist:ArmoredZombie","theDuelist:ShallowGrave","theDuelist:SkullConductor","theDuelist:TutanMask","AscendersBane","theDuelist:SkullMarkLadybug+1","theDuelist:Mispolymerization","theDuelist:GhostrickMummy"],"relics":["theDuelist:MillenniumPuzzle","theDuelist:CardPoolRelic","theDuelist:CardPoolBasicRelic","theDuelist:BoosterPackPoolRelic","theDuelist:CardPoolAddRelic","theDuelist:CardPoolMinusRelic","theDuelist:CardPoolSaveRelic","theDuelist:CardPoolOptionsRelic","REME_ComplimentaryCards","NeowsBlessing","ReplayTheSpireMod:Ring of Exchange"],"acts_visited":["Exordium"],"potions_floor_usage":[10],"damage_taken":[{"damage":0.0,"enemies":"Jaw Worm","floor":1.0,"turns":1.0},{"damage":0.0,"enemies":"Small Slimes","floor":5.0,"turns":1.0},{"damage":0.0,"enemies":"3 Sentries","floor":8.0,"turns":1.0},{"damage":62,"enemies":"Lagavulin","floor":10,"turns":13}],"seed_played":"-4983709408366570378","potions_obtained":[{"floor":5.0,"key":"SkillPotion"},{"floor":8.0,"key":"Energy Potion"}],"is_trial":false,"path_per_floor":["M","$","?","?","M","PTL","PTL","E","R","E"],"character_chosen":"THE_DUELIST","items_purchased":[],"campfire_rested":0,"item_purchase_floors":[],"current_hp_per_floor":[63,63,63,56,56,56,56,56,56,0,0],"gold":110,"neow_bonus":"THREE_ENEMY_KILL","is_daily":false,"chose_seed":false,"campfire_upgraded":1,"win_rate":0.0,"timestamp":1614240011,"path_taken":["M","$","?","?","?","PTL","PTL","E","R","E"],"items_purchased_type":[],"build_version":"2020-12-22","purchased_purges":1,"victory":false,"max_hp_per_floor":[70,70,70,70,70,70,70,70,70,70,70],"card_choices":[{"not_picked":["theDuelist:VampireLord","theDuelist:RevendreadEvolution","theDuelist:SpiritPharaoh","theDuelist:VendreadChimera"],"picked":"theDuelist:Mispolymerization","floor":1.0},{"not_picked":["theDuelist:ZombieWarrior","theDuelist:GhostrickSpecter","theDuelist:Pumpking","theDuelist:GhostrickSkeleton"],"picked":"theDuelist:GhostrickMummy","floor":5.0},{"not_picked":["theDuelist:Kasha","theDuelist:BoneMouse","theDuelist:VampireFamiliar","theDuelist:GhostrickJackfrost","theDuelist:Necroface"],"picked":"SKIP","floor":8.0}],"player_experience":850385,"relics_obtained":[{"floor":3.0,"key":"ReplayTheSpireMod:Ring of Exchange"}],"event_choices":[{"cards_removed":["theDuelist:ArchfiendZombieSkull"],"damage_healed":0.0,"max_hp_gain":0.0,"max_hp_loss":0.0,"gold_gain":0.0,"event_name":"Golden Wing","player_choice":"Card Removal","floor":4.0,"gold_loss":0.0,"damage_taken":7.0}],"is_beta":false,"boss_relics":[],"items_purged_floors":[2],"is_endless":false,"potions_floor_spawned":[5,8],"killed_by":"Lagavulin","ascension_level":20}}