{"host":"3p4eynvdmgjf7qvn","time":1614242113,"event":{"mods":["Aspiration","BaseMod","Better Note","Better Skull","Colored Map","Colored Powertips","Downfall","Hermit","Hubris","Minty Spire (QoL Compilation)","Relic Stats","Robot Space Explorer","StSLib","The Bug Knight","The Disciple","The Forsaken","The Hierophant","The Jungle","The Marked","The Necromancer","TheBandit"],"gold_per_floor":[110,110,127,200,218,218,252,271,271,271,271,306,89,104,104,200,200,211,211,221,237,237,237,270,270,270,297,297,327,344,344,344],"floor_reached":31,"language":"ENG","playtime":2081,"items_purged":["Strike_B"],"score":361,"play_id":"ee23f286-956f-4399-a827-6c40148e3f17","local_time":"20210225093513","is_ascension_mode":true,"campfire_choices":[{"data":"Zap","floor":6,"key":"SMITH"},{"data":"Flash of Steel","floor":10,"key":"SMITH"},{"floor":15,"key":"REST"},{"floor":23,"key":"REST"},{"data":"Storm","floor":25,"key":"SMITH"}],"circlet_count":0,"master_deck":["Strike_B","Strike_B","Strike_B","Defend_B","Defend_B","Defend_B","Defend_B","Zap+1","Dualcast","Ball Lightning","Zap","Flash of Steel+1","Cold Snap","Barrage+1","Darkness","Melter+1","All For One+1","Capacitor","FTL+1","Electrodynamics","CurseOfTheBell","aspiration:Polymerization+1","Storm+1","Chill+1","Echo Form","Storm","Redo+1","BootSequence"],"relics":["Cracked Core","Molten Egg 2","aspiration:FaultyCoupler","Mercury Hourglass","Bronze Scales","Calling Bell","Smiling Mask","Mummified Hand","FossilizedHelix","aspiration:RitualStick","Question Card","Eternal Feather","aspiration:MysteriousAuxiliaryCore","hubris:Metronome"],"acts_visited":["Exordium","TheCity"],"potions_floor_usage":[8,16,27,27,31],"damage_taken":[{"damage":1,"enemies":"2 Louse","floor":1,"turns":3},{"damage":1,"enemies":"Cultist","floor":3,"turns":3},{"damage":7,"enemies":"Jaw Worm","floor":5,"turns":3},{"damage":4,"enemies":"3 Sentries","floor":7,"turns":6},{"damage":14,"enemies":"Exordium Wildlife","floor":8,"turns":3},{"damage":16,"enemies":"Gremlin Nob","floor":12,"turns":3},{"damage":0,"enemies":"3 Louse","floor":14,"turns":2},{"damage":4,"enemies":"Slime Boss","floor":16,"turns":7},{"damage":6,"enemies":"Chosen","floor":18,"turns":3},{"damage":27,"enemies":"3 Cultists","floor":20,"turns":4},{"damage":31,"enemies":"Cultist and Chosen","floor":21,"turns":6},{"damage":4,"enemies":"HollowMod:Nosk","floor":24,"turns":5},{"damage":0,"enemies":"Gremlin Leader","floor":27,"turns":4},{"damage":17,"enemies":"Book of Stabbing","floor":29,"turns":5},{"damage":0,"enemies":"Centurion and Healer","floor":30,"turns":3},{"damage":17,"enemies":"Slavers","floor":31,"turns":1}],"seed_played":"-3144147464727502792","potions_obtained":[{"floor":1,"key":"BlessingOfTheForge"},{"floor":3,"key":"PotionOfCapacity"},{"floor":16,"key":"PowerPotion"},{"floor":20,"key":"SteroidPotion"},{"floor":24,"key":"DistilledChaos"},{"floor":30,"key":"FocusPotion"}],"is_trial":false,"path_per_floor":["M","?","M","T","M","R","E","M","T","R","?","E","$","M","R","B",null,"M","?","M","M","?","R","E","R","T","E","?","E","M","E"],"character_chosen":"DEFECT","items_purchased":["Capacitor","FTL+1"],"campfire_rested":2,"item_purchase_floors":[13,13],"current_hp_per_floor":[81,81,80,80,73,73,69,55,55,55,48,32,32,32,56,52,82,76,60,33,2,2,26,22,22,22,22,30,13,13,0,0],"gold":344,"neow_bonus":"TEN_PERCENT_HP_BONUS","is_daily":false,"chose_seed":false,"campfire_upgraded":3,"win_rate":0.0,"timestamp":1614242113,"path_taken":["M","?","?","?","M","R","E","M","T","R","?","E","?","?","R","BOSS","M","?","M","M","?","R","E","R","T","E","?","E","M","E"],"items_purchased_type":["Card","Card"],"build_version":"2020-12-22","purchased_purges":1,"victory":false,"max_hp_per_floor":[82,82,82,82,82,82,82,82,82,82,82,82,82,82,82,82,82,82,82,82,82,82,82,82,82,82,82,82,82,82,82,82],"relic_stats":{"counters":[16,61],"Mummified Hand":[28],"Bronze Scales":[92],"Eternal Feather":0,"Smiling Mask":0,"Question Card":3,"obtain_stats":[{"hubris:Metronome":29,"Eternal Feather":26,"Smiling Mask":17,"Question Card":24,"aspiration:RitualStick":19,"Mercury Hourglass":11,"Calling Bell":17,"Mummified Hand":17,"Bronze Scales":12,"Molten Egg 2":4,"aspiration:MysteriousAuxiliaryCore":27,"Cracked Core":0,"FossilizedHelix":17,"aspiration:FaultyCoupler":7},{"hubris:Metronome":14,"Eternal Feather":12,"Smiling Mask":8,"Question Card":12,"aspiration:RitualStick":9,"Mercury Hourglass":5,"Calling Bell":8,"Mummified Hand":8,"Bronze Scales":6,"Molten Egg 2":2,"aspiration:MysteriousAuxiliaryCore":13,"Cracked Core":0,"FossilizedHelix":8,"aspiration:FaultyCoupler":4},{"hubris:Metronome":57,"Eternal Feather":48,"Smiling Mask":30,"Question Card":48,"aspiration:RitualStick":33,"Mercury Hourglass":18,"Calling Bell":30,"Mummified Hand":30,"Bronze Scales":21,"Molten Egg 2":6,"aspiration:MysteriousAuxiliaryCore":52,"Cracked Core":0,"FossilizedHelix":30,"aspiration:FaultyCoupler":15}],"aspiration:RitualStick":[0],"Mercury Hourglass":[201]},"card_choices":[{"not_picked":["Chill","Rebound"],"picked":"Ball Lightning","floor":1},{"not_picked":["Rebound","Compile Driver"],"picked":"Cold Snap","floor":3},{"not_picked":["Undo","Turbo"],"picked":"Barrage+1","floor":5},{"not_picked":["Reinforced Body","Sweeping Beam+1"],"picked":"Darkness","floor":7},{"not_picked":["Consume","Conserve Battery"],"picked":"Melter+1","floor":8},{"not_picked":["Core Surge+1","Steam"],"picked":"All For One+1","floor":12},{"not_picked":["Gash+1","Sweeping Beam+1","Rebound+1"],"picked":"SKIP","floor":14},{"not_picked":["Multi-Cast","Machine Learning"],"picked":"Electrodynamics","floor":16},{"not_picked":["Turbo","Go for the Eyes+1"],"picked":"aspiration:Polymerization+1","floor":18},{"not_picked":["Sweeping Beam+1","Hologram"],"picked":"Storm","floor":20},{"not_picked":["Gash+1","Beam Cell+1"],"picked":"Chill+1","floor":21},{"not_picked":["Beam Cell+1","Double Energy"],"picked":"Echo Form","floor":24},{"not_picked":["Chill","Tempest","Ball Lightning+1"],"picked":"Storm","floor":27},{"not_picked":["Melter+1","Turbo","Streamline+1"],"picked":"Redo+1","floor":29},{"not_picked":["Undo","Beam Cell+1","Darkness"],"picked":"BootSequence","floor":30}],"player_experience":359586,"relics_obtained":[{"floor":4,"key":"Molten Egg 2"},{"floor":7,"key":"aspiration:FaultyCoupler"},{"floor":12,"key":"Bronze Scales"},{"floor":17,"key":"Smiling Mask"},{"floor":17,"key":"Mummified Hand"},{"floor":17,"key":"FossilizedHelix"},{"floor":24,"key":"Question Card"},{"floor":26,"key":"Eternal Feather"},{"floor":27,"key":"aspiration:MysteriousAuxiliaryCore"},{"floor":29,"key":"hubris:Metronome"}],"event_choices":[{"damage_healed":0,"gold_gain":0,"player_choice":"2 cards matched","damage_taken":0,"max_hp_gain":0,"max_hp_loss":0,"event_name":"Match and Keep!","floor":2,"gold_loss":0,"cards_obtained":["Zap","Flash of Steel"]},{"damage_healed":0,"gold_gain":0,"player_choice":"Success","damage_taken":7,"relics_obtained":["Mercury Hourglass"],"max_hp_gain":0,"max_hp_loss":0,"event_name":"Scrap Ooze","floor":11,"gold_loss":0}],"is_beta":false,"boss_relics":[{"not_picked":["aspiration:PoetsPen_weak","hubris:CrackedHourglass"],"picked":"Calling Bell"}],"items_purged_floors":[13],"is_endless":false,"potions_floor_spawned":[1,3,16,20,24,30],"killed_by":"Slavers","ascension_level":2}}