{"host":"z0i2956snhkzdzmn","time":1614233275,"event":{"mods":["2.2 Compatiblity","Act Like it!","Arknights","BaseMod","Better Skull","Better Vampires","BetterRewards","Block Reminder","CatGirl Mod","Colored Powertips","Conspire","Curses Come First","Dota2Spire","GifTheSpireLib","GungeonMod","Highlight Path","Minty Spire (QoL Compilation)","Pale of the Ancients","Permanent Neow","Quick Restart","Rare Cards Sparkle","Relic Stats","Reliquary","StSLib","The Judge","The Marked","The Showman","TheBandit","Unceasing Turn Reminder","thorton"],"gold_per_floor":[119,139,139,152,163,163,175,175,175,88,163,163,198,208,208,313,313,341,341,143,159,159,159,16,16,16,38,38,57,57,57],"floor_reached":30,"language":"ENG","playtime":1161,"items_purged":[],"score":230,"play_id":"ab4f0b56-bb08-410d-a105-8fedee6616af","local_time":"20210224220755","is_ascension_mode":false,"campfire_choices":[{"floor":6,"key":"REST"},{"floor":8,"key":"REST"},{"floor":12,"key":"REST"},{"floor":15,"key":"REST"},{"floor":23,"key":"REST"}],"circlet_count":0,"master_deck":["theCatGirl:Strike","theCatGirl:Strike","theCatGirl:Strike","theCatGirl:Defend","theCatGirl:Defend","theCatGirl:Defend","theCatGirl:Defend","theCatGirl:ClawStrike","theCatGirl:Evasion","theCatGirl:GoddessOfMisfortune","theCatGirl:UnrelentingAssault","theCatGirl:BodyBlow","theCatGirl:BloodBath","theCatGirl:SmellFear","theCatGirl:DefensiveStance","theCatGirl:Growl","theCatGirl:ScratchFlurry","theCatGirl:SearchBackpack","theCatGirl:PerfectBlock","theCatGirl:BloodBath","theCatGirl:ClawScratch","theCatGirl:AngryForm","theCatGirl:FinishingMove","theCatGirl:LearnByMistake"],"relics":["theCatGirl:TrainedRelic","NeowsBlessing","Dota2Spire:ShadowBlade","HornCleat","Dota2Spire:BattleFury","thethorton:GreedFountain","theCatGirl:DriedFish","MutagenicStrength","thethorton:BrokenCalculator"],"acts_visited":["Exordium","TheCity"],"potions_floor_usage":[16,16,16,18,21,30,30],"damage_taken":[{"damage":0,"enemies":"Jaw Worm","floor":1,"turns":1},{"damage":0,"enemies":"Small Slimes","floor":2,"turns":1},{"damage":0,"enemies":"Cultist","floor":4,"turns":1},{"damage":20,"enemies":"Looter","floor":5,"turns":4},{"damage":5,"enemies":"Lots of Slimes","floor":7,"turns":3},{"damage":30,"enemies":"Lagavulin","floor":13,"turns":7},{"damage":0,"enemies":"Exordium Wildlife","floor":14,"turns":3},{"damage":47,"enemies":"Slime Boss","floor":16,"turns":10},{"damage":36,"enemies":"Chosen","floor":18,"turns":7},{"damage":19,"enemies":"3 Byrds","floor":21,"turns":5},{"damage":34,"enemies":"3 Cultists","floor":27,"turns":5},{"damage":4,"enemies":"Snake Plant","floor":29,"turns":4},{"damage":3,"enemies":"Shelled Parasite and Fungi","floor":30,"turns":1}],"seed_played":"-763328663141799578","potions_obtained":[{"floor":1,"key":"Regen Potion"},{"floor":2,"key":"Dota2Spire:HealingSalve"},{"floor":14,"key":"DistilledChaos"},{"floor":16,"key":"PowerPotion"},{"floor":18,"key":"LiquidMemories"},{"floor":21,"key":"SteroidPotion"},{"floor":29,"key":"SteroidPotion"}],"is_trial":false,"path_per_floor":["M","M","?","M","M","R","M","R","T","$","?","R","E","M","R","B",null,"M","?","$","M","?","R","$","?","T","M","$","M","M"],"character_chosen":"THE_CATGIRL","items_purchased":["theCatGirl:DefensiveStance","theCatGirl:Growl","theCatGirl:ClawScratch","theCatGirl:DriedFish","thethorton:BrokenCalculator"],"campfire_rested":5,"item_purchase_floors":[10,10,20,20,24],"current_hp_per_floor":[70,70,63,63,43,64,59,70,70,70,59,70,40,40,61,29,70,34,34,34,15,15,36,36,36,36,4,4,2,0,0],"gold":57,"neow_bonus":"THREE_ENEMY_KILL","is_daily":false,"chose_seed":false,"campfire_upgraded":0,"win_rate":0.0,"timestamp":1614233275,"path_taken":["M","M","?","M","M","R","M","R","T","$","?","R","E","M","R","BOSS","M","?","$","M","?","R","?","?","T","M","$","M","?"],"items_purchased_type":["Card","Card","Card","Relic","Relic"],"build_version":"2020-12-22","purchased_purges":0,"victory":false,"max_hp_per_floor":[70,70,70,70,70,70,70,70,70,70,70,70,70,70,70,70,70,70,70,70,70,70,70,70,70,70,70,70,70,70,70],"relic_stats":{"counters":[13,52],"obtain_stats":[{"thethorton:BrokenCalculator":24,"theCatGirl:TrainedRelic":0,"HornCleat":9,"theCatGirl:DriedFish":20,"NeowsBlessing":0,"MutagenicStrength":22,"DemoMod:GlassGuonStoneRelic":1,"Dota2Spire:ShadowBlade":3,"Dota2Spire:BattleFury":13,"thethorton:GreedFountain":17},{"thethorton:BrokenCalculator":10,"theCatGirl:TrainedRelic":0,"HornCleat":5,"theCatGirl:DriedFish":9,"NeowsBlessing":0,"MutagenicStrength":10,"DemoMod:GlassGuonStoneRelic":1,"Dota2Spire:ShadowBlade":2,"Dota2Spire:BattleFury":6,"thethorton:GreedFountain":8},{"thethorton:BrokenCalculator":42,"theCatGirl:TrainedRelic":0,"HornCleat":10,"theCatGirl:DriedFish":37,"NeowsBlessing":0,"MutagenicStrength":42,"DemoMod:GlassGuonStoneRelic":1,"Dota2Spire:ShadowBlade":2,"Dota2Spire:BattleFury":17,"thethorton:GreedFountain":30}]},"card_choices":[{"not_picked":["theCatGirl:QuickStrike","theCatGirl:Misfire"],"picked":"theCatGirl:GoddessOfMisfortune","floor":1},{"not_picked":["theCatGirl:ExtremeSpeed","theCatGirl:ThatWasntIt"],"picked":"theCatGirl:UnrelentingAssault","floor":2},{"not_picked":["theCatGirl:PoisedStrike","theCatGirl:Parry"],"picked":"theCatGirl:BodyBlow","floor":4},{"not_picked":["theCatGirl:SpinningStrike","theCatGirl:Parry"],"picked":"theCatGirl:BloodBath","floor":5},{"not_picked":["theCatGirl:Prepared","theCatGirl:BodyBlow"],"picked":"theCatGirl:SmellFear","floor":7},{"not_picked":["theCatGirl:BloodScent","theCatGirl:GoddessOfMisfortune"],"picked":"theCatGirl:ScratchFlurry","floor":13},{"not_picked":["theCatGirl:AccidentalSlap","theCatGirl:UnrelentingAssault"],"picked":"theCatGirl:SearchBackpack","floor":14},{"not_picked":["theCatGirl:Howl","theCatGirl:LearnThePattern"],"picked":"theCatGirl:PerfectBlock","floor":16},{"not_picked":["theCatGirl:ScratchFlurry","theCatGirl:Stalk"],"picked":"theCatGirl:BloodBath","floor":18},{"not_picked":["theCatGirl:DecliningDefenses","theCatGirl:TwoStep"],"picked":"theCatGirl:AngryForm","floor":21},{"not_picked":["theCatGirl:SearchBackpack","theCatGirl:ExtremeSpeed"],"picked":"theCatGirl:FinishingMove","floor":27},{"not_picked":["theCatGirl:RecoveryBlow","theCatGirl:Meow"],"picked":"theCatGirl:LearnByMistake","floor":29}],"player_experience":182937,"relics_obtained":[{"floor":9,"key":"HornCleat"},{"floor":13,"key":"Dota2Spire:BattleFury"}],"event_choices":[{"damage_healed":0,"gold_gain":0,"player_choice":"Success","damage_taken":7,"relics_obtained":["Dota2Spire:ShadowBlade"],"max_hp_gain":0,"max_hp_loss":0,"event_name":"Scrap Ooze","floor":3,"gold_loss":0},{"damage_healed":0,"gold_gain":75,"player_choice":"Gather Gold","damage_taken":11,"max_hp_gain":0,"max_hp_loss":0,"event_name":"World of Goop","floor":11,"gold_loss":0},{"damage_healed":0,"gold_gain":0,"player_choice":"Ignored","damage_taken":0,"max_hp_gain":0,"max_hp_loss":0,"event_name":"Beggar","floor":19,"gold_loss":0},{"damage_healed":0,"gold_gain":0,"player_choice":"Inject Mutagens","damage_taken":0,"relics_obtained":["MutagenicStrength"],"max_hp_gain":0,"max_hp_loss":0,"event_name":"Drug Dealer","floor":22,"gold_loss":0},{"cards_removed":["theCatGirl:Strike"],"damage_healed":0,"gold_gain":0,"player_choice":"Offered Basic","damage_taken":0,"max_hp_gain":0,"max_hp_loss":0,"event_name":"Bonfire Elementals","floor":25,"gold_loss":0}],"is_beta":false,"boss_relics":[{"not_picked":["Dota2Spire:RefresherOrb","SacredBark"],"picked":"thethorton:GreedFountain"}],"items_purged_floors":[],"is_endless":false,"potions_floor_spawned":[1,2,14,16,18,21,29],"killed_by":"Shelled Parasite and Fungi","ascension_level":0}}