{"host":"5jzx1090woovszu4","time":1614276822,"event":{"mods":["BaseMod","Minty Spire (QoL Compilation)","Robot Space Explorer","Shapeshifter Mod","Spicy Shops","StSLib"],"gold_per_floor":[111,111,131,146,157,157,173,206,206,206,223,241,299,309,309,404,404,424,444,359,359,369,369,47,47,70,88,113,113,138,155,155,251,251,262,262,278,278,293,293,312,324,324,324,14,31,31,31],"floor_reached":47,"language":"ENG","playtime":4177,"items_purged":["StSShapeShifter:BurstOfLifeEscapeDeath"],"score":498,"play_id":"5df2f12a-4825-47cc-ab64-de5955dc4cd8","local_time":"20210225191342","is_ascension_mode":false,"campfire_choices":[{"data":"StSShapeShifter:Efflorescence","floor":6,"key":"SMITH"},{"data":"StSShapeShifter:RhinoCalfForm","floor":10,"key":"SMITH"},{"floor":15,"key":"REST"},{"floor":23,"key":"REST"},{"data":"StSShapeShifter:SkullBash","floor":25,"key":"SMITH"},{"floor":29,"key":"REST"},{"floor":32,"key":"REST"},{"floor":40,"key":"REST"},{"floor":44,"key":"REST"}],"circlet_count":0,"master_deck":["StSShapeShifter:Efflorescence+1","StSShapeShifter:RhinoCalfForm+1","StSShapeShifter:Maul","StSShapeShifter:ShiftingStrike","StSShapeShifter:ShiftingStrike","StSShapeShifter:SquirrelForm","StSShapeShifter:SquirrelForm+1","StSShapeShifter:Sapling","StSShapeShifter:BarkSkin","StSShapeShifter:MonkeyForm","StSShapeShifter:Pounce","StSShapeShifter:PowerShifter","StSShapeShifter:FesteringBite","StSShapeShifter:FlowerShield","StSShapeShifter:Efflorescence","StSShapeShifter:VileMushroom","StSShapeShifter:FesteringBite","StSShapeShifter:SkullBash+1","StSShapeShifter:HippoForm","StSShapeShifter:PowerShifter","StSShapeShifter:PantherForm+1","StSShapeShifter:StormGryphonForm+1","Master of Strategy","StSShapeShifter:Synchronicity+1","StSShapeShifter:TopazSkin","StSShapeShifter:MysticalSeed","Madness","Madness","StSShapeShifter:BarkSkin+1","StSShapeShifter:BaskInBloom+1","StSShapeShifter:Sapling+1"],"relics":["StSShapeShifter:AnimalHeart","StSShapeShifter:TheShapeShiftersMagnolia","Gambling Chip","StSShapeShifter:Fertilizer","Lizard Tail","Pandora\u0027s Box","Gremlin Horn","StSShapeShifter:EmeraldPantherFigurine","Bag of Marbles","War Paint","Blood Vial","StSShapeShifter:LemurHeaddress","Eternal Feather","Membership Card","Bottled Lightning"],"acts_visited":["Exordium","TheCity","TheBeyond"],"potions_floor_usage":[13,16,16,16,28,28,28,28,33,33,39,41,41,42,42,47],"damage_taken":[{"damage":0,"enemies":"2 Louse","floor":1,"turns":2},{"damage":0,"enemies":"Cultist","floor":3,"turns":4},{"damage":1,"enemies":"Jaw Worm","floor":4,"turns":3},{"damage":10,"enemies":"Looter","floor":5,"turns":3},{"damage":0,"enemies":"Large Slime","floor":7,"turns":5},{"damage":23,"enemies":"Lagavulin","floor":8,"turns":7},{"damage":2,"enemies":"3 Louse","floor":11,"turns":2},{"damage":0,"enemies":"Blue Slaver","floor":12,"turns":2},{"damage":17,"enemies":"Lagavulin Event","floor":13,"turns":5},{"damage":10,"enemies":"Looter","floor":14,"turns":3},{"damage":35,"enemies":"Hexaghost","floor":16,"turns":12},{"damage":5,"enemies":"3 Byrds","floor":18,"turns":4},{"damage":24,"enemies":"2 Thieves","floor":19,"turns":4},{"damage":8,"enemies":"Snecko","floor":22,"turns":3},{"damage":8,"enemies":"Centurion and Healer","floor":27,"turns":2},{"damage":16,"enemies":"Slavers","floor":28,"turns":2},{"damage":122,"enemies":"Book of Stabbing","floor":30,"turns":8},{"damage":0,"enemies":"Cultist and Chosen","floor":31,"turns":3},{"damage":17,"enemies":"Champ","floor":33,"turns":9},{"damage":0,"enemies":"3 Shapes","floor":35,"turns":5},{"damage":28,"enemies":"3 Darklings","floor":37,"turns":5},{"damage":18,"enemies":"Transient","floor":39,"turns":5},{"damage":36,"enemies":"Maw","floor":41,"turns":5},{"damage":23,"enemies":"Sphere and 2 Shapes","floor":42,"turns":6},{"damage":18,"enemies":"Writhing Mass","floor":46,"turns":6},{"damage":58,"enemies":"Spire Growth","floor":47,"turns":3}],"seed_played":"2207565640866841260","potions_obtained":[{"floor":4,"key":"DistilledChaos"},{"floor":8,"key":"PowerPotion"},{"floor":11,"key":"EntropicBrew"},{"floor":13,"key":"SkillPotion"},{"floor":18,"key":"Energy Potion"},{"floor":28,"key":"Fruit Juice"},{"floor":30,"key":"Strength Potion"},{"floor":31,"key":"SkillPotion"},{"floor":33,"key":"LiquidMemories"},{"floor":35,"key":"EntropicBrew"},{"floor":46,"key":"Fruit Juice"}],"is_trial":false,"path_per_floor":["M","?","M","M","M","R","M","E","T","R","M","M","?","M","R","B",null,"M","M","?","?","M","R","$","R","T","M","E","R","E","M","R","B",null,"M","?","M","?","M","R","M","M","T","R","$","M","M"],"character_chosen":"SHAPESHIFTER","items_purchased":["StSShapeShifter:EmeraldPantherFigurine","Master of Strategy","Membership Card","Bottled Lightning"],"campfire_rested":6,"item_purchase_floors":[24,24,45,45],"current_hp_per_floor":[85,85,85,84,74,74,74,51,51,51,49,49,32,22,47,12,85,80,56,56,48,40,65,65,65,65,57,46,73,9,11,38,23,90,90,79,53,53,37,64,30,9,9,54,54,38,0,0],"gold":31,"neow_bonus":"TEN_PERCENT_HP_BONUS","is_daily":false,"chose_seed":false,"campfire_upgraded":3,"win_rate":0.0,"timestamp":1614276822,"path_taken":["M","?","M","M","M","R","M","E","T","R","?","M","?","M","R","BOSS","M","M","?","?","M","R","$","R","T","M","E","R","E","M","R","BOSS","M","?","M","?","M","R","M","M","T","R","$","M","M"],"items_purchased_type":["Relic","Card","Relic","Relic"],"build_version":"2020-12-22","purchased_purges":1,"victory":false,"max_hp_per_floor":[85,85,85,85,85,85,85,85,85,85,85,85,85,85,85,85,85,85,85,85,85,85,85,85,85,85,85,90,90,90,90,90,90,90,90,90,90,90,90,90,90,90,90,90,90,90,95,95],"card_choices":[{"not_picked":["StSShapeShifter:Guard","StSShapeShifter:VileMushroom"],"picked":"StSShapeShifter:Efflorescence","floor":1},{"not_picked":["StSShapeShifter:CursedApple","StSShapeShifter:RockSlide","StSShapeShifter:FlowerShield"],"picked":"SKIP","floor":3},{"not_picked":["StSShapeShifter:DiverseSpirit","StSShapeShifter:MonkeyForm"],"picked":"StSShapeShifter:ShiftingStrike","floor":4},{"not_picked":["StSShapeShifter:DeerForm","StSShapeShifter:Wildfire2"],"picked":"StSShapeShifter:ShiftingStrike","floor":5},{"not_picked":["StSShapeShifter:OakBlade","StSShapeShifter:RatForm"],"picked":"StSShapeShifter:SquirrelForm","floor":7},{"not_picked":["StSShapeShifter:FlowerShield","StSShapeShifter:RatForm","StSShapeShifter:Bonk"],"picked":"SKIP","floor":8},{"not_picked":["StSShapeShifter:Sapling","StSShapeShifter:Evolution"],"picked":"StSShapeShifter:SquirrelForm","floor":11},{"not_picked":["StSShapeShifter:BearForm","StSShapeShifter:Ensconce"],"picked":"StSShapeShifter:Sapling","floor":12},{"not_picked":["StSShapeShifter:ThrashAbout","StSShapeShifter:Flourish"],"picked":"StSShapeShifter:BarkSkin","floor":13},{"not_picked":["StSShapeShifter:PoisonIvy","StSShapeShifter:RockSlide"],"picked":"StSShapeShifter:MonkeyForm","floor":14},{"not_picked":["StSShapeShifter:Uproot_Redwood","StSShapeShifter:Autumn"],"picked":"StSShapeShifter:Pounce","floor":16},{"not_picked":["StSShapeShifter:MagicMushrooms+1","StSShapeShifter:SpiritOfTheEarth+1"],"picked":"StSShapeShifter:PantherForm+1","floor":18},{"not_picked":["StSShapeShifter:BurstingSpore","StSShapeShifter:ShiftingStrike","StSShapeShifter:ThornToss+1"],"picked":"SKIP","floor":19},{"not_picked":["StSShapeShifter:Maul","StSShapeShifter:IntimidatingAura","StSShapeShifter:Mystical_Branch"],"picked":"SKIP","floor":22},{"not_picked":["StSShapeShifter:Mystical_Branch","StSShapeShifter:CosmicShifter"],"picked":"StSShapeShifter:Synchronicity+1","floor":27},{"not_picked":["StSShapeShifter:CosmicShifter","StSShapeShifter:ForestFire"],"picked":"StSShapeShifter:TopazSkin","floor":28},{"not_picked":["StSShapeShifter:PorcupineForm","StSShapeShifter:SquirrelForm","StSShapeShifter:CosmicShifter+1"],"picked":"SKIP","floor":30},{"not_picked":["StSShapeShifter:DeerForm","StSShapeShifter:Guard","StSShapeShifter:AdaptiveStrikes"],"picked":"SKIP","floor":31},{"not_picked":["StSShapeShifter:Vengeance","StSShapeShifter:Uproot_Redwood"],"picked":"StSShapeShifter:MysticalSeed","floor":33},{"not_picked":["StSShapeShifter:Hunt+1","StSShapeShifter:ForestFire","StSShapeShifter:SunflowerShuriken"],"picked":"SKIP","floor":35},{"not_picked":["StSShapeShifter:Guard+1","StSShapeShifter:Rest+1"],"picked":"StSShapeShifter:BarkSkin+1","floor":37},{"not_picked":["StSShapeShifter:ReplenishingNectar","StSShapeShifter:AdaptiveStrikes+1"],"picked":"StSShapeShifter:BaskInBloom+1","floor":39},{"not_picked":["StSShapeShifter:MagicMushrooms+1","StSShapeShifter:ShiftingStrike","StSShapeShifter:PoisonIvy+1"],"picked":"SKIP","floor":41},{"not_picked":["StSShapeShifter:PoisonIvy+1","StSShapeShifter:TopazSkin"],"picked":"StSShapeShifter:Sapling+1","floor":42},{"not_picked":["StSShapeShifter:EntForm+1","StSShapeShifter:Guard+1","StSShapeShifter:Rabid"],"picked":"SKIP","floor":46}],"player_experience":647958,"relics_obtained":[{"floor":8,"key":"Gambling Chip"},{"floor":9,"key":"StSShapeShifter:Fertilizer"},{"floor":13,"key":"Lizard Tail"},{"floor":26,"key":"Bag of Marbles"},{"floor":28,"key":"War Paint"},{"floor":30,"key":"Blood Vial"},{"floor":43,"key":"Eternal Feather"}],"event_choices":[{"damage_healed":0,"gold_gain":0,"player_choice":"2 cards matched","damage_taken":0,"max_hp_gain":0,"max_hp_loss":0,"event_name":"Match and Keep!","floor":2,"gold_loss":0,"cards_obtained":["StSShapeShifter:RhinoCalfForm","StSShapeShifter:Maul"]},{"damage_healed":0,"gold_gain":0,"player_choice":"Searched \u00272\u0027 times","damage_taken":0,"max_hp_gain":0,"max_hp_loss":0,"event_name":"Dead Adventurer","floor":13,"gold_loss":0},{"damage_healed":0,"gold_gain":0,"player_choice":"Obtained Relic","damage_taken":0,"relics_obtained":["Gremlin Horn"],"max_hp_gain":0,"max_hp_loss":0,"event_name":"Addict","floor":20,"gold_loss":85},{"damage_healed":0,"gold_gain":0,"player_choice":"Embrace Madness","damage_taken":11,"max_hp_gain":0,"max_hp_loss":0,"event_name":"Winding Halls","floor":36,"gold_loss":0,"cards_obtained":["Madness","Madness"]},{"damage_healed":0,"gold_gain":0,"player_choice":"Ignored","damage_taken":0,"max_hp_gain":0,"max_hp_loss":0,"event_name":"Tomb of Lord Red Mask","floor":38,"gold_loss":0}],"is_beta":false,"boss_relics":[{"not_picked":["Busted Crown","Snecko Eye"],"picked":"Pandora\u0027s Box"},{"not_picked":["SacredBark","Velvet Choker"],"picked":"StSShapeShifter:LemurHeaddress"}],"items_purged_floors":[45],"is_endless":false,"potions_floor_spawned":[4,8,11,13,18,28,30,31,33,35,46],"killed_by":"Spire Growth","ascension_level":0}}