{"host":"0luxfixkkfk9wck3","time":1614227984,"event":{"mods":["BaseMod","DeckTracker","Downfall","Highlight Path","Minty Spire (QoL Compilation)","StSLib"],"gold_per_floor":[99,99,99,99,99,110,110,121,147,181,281,352,352,372,392,472,472,472,472,513,613,651,704,727,527,553,553,628,628,660,44,72,154,154,154,204,204,249,249,86,134,154,172,235,92,92,92,128,149,149],"floor_reached":51,"language":"ENG","playtime":16813,"items_purged":["downfall:Icky","sneckomod:Strike"],"score":1431,"play_id":"8515dc09-67fb-49df-ba37-4f3ee6d1349c","local_time":"20210224223944","is_ascension_mode":true,"campfire_choices":[{"data":"sneckomod:TailWhip","floor":1,"key":"SMITH"},{"data":"sneckomod:GlitteringGambit","floor":13,"key":"SMITH"},{"floor":29,"key":"REST"}],"circlet_count":0,"master_deck":["AscendersBane","sneckomod:Strike","sneckomod:Defend","sneckomod:Defend","sneckomod:Defend","sneckomod:TailWhip+1","sneckomod:SnekBite+1","sneckomod:UnendingSupply","sneckomod:SlitherStrike","sneckomod:UnknownVulnerable","sneckomod:Rotation","sneckomod:QuickMove","sneckomod:GlitteringGambit+1","sneckomod:Unknown1Cost+1","sneckomod:SerpentMind","Slimebound:HauntingLick","RitualDagger+1","sneckomod:UnknownDexterity","sneckomod:PureSnecko+1","sneckomod:UnknownExhaust+1","Slimebound:SlimeSpikes","sneckomod:UnknownStrength","Shrug It Off","sneckomod:SlitherStrike","sneckomod:UnlimitedRolls","sneckomod:UnknownVulnerable","sneckomod:UnknownUncommonAttack","Demon Form+1","sneckomod:UnknownDraw","sneckomod:UnknownColorless","sneckomod:UnknownRareAttack","sneckomod:UnknownRareSkill","sneckomod:UnknownRarePower","Doubt","Slimebound:MegaLick+1","sneckomod:Unknown2Cost"],"relics":["sneckomod:SneckoSoul","downfall:HeartsMalice","Singing Bowl","Happy Flower","sneckomod:BlankCard","sneckomod:ConfusingCodex","expansioncontent:StudyCardRelic","Whetstone","downfall:HeartBlessingGreen","downfall:HeartBlessingBlue","Incense Burner","Fusion Hammer","Bag of Marbles","champ:Barbells","PreservedInsect","Blue Candle","sneckomod:RareBoosterPack","Ginger"],"acts_visited":["Exordium","TheCity","TheBeyond"],"potions_floor_usage":[23,23,36,43,44,50],"damage_taken":[{"damage":0,"enemies":"Cultist","floor":2,"turns":1},{"damage":0,"enemies":"2 Louse","floor":4,"turns":1},{"damage":0,"enemies":"Jaw Worm","floor":5,"turns":1},{"damage":9,"enemies":"Exordium Thugs","floor":6,"turns":6},{"damage":4,"enemies":"Large Slime","floor":8,"turns":5},{"damage":7,"enemies":"Lagavulin","floor":10,"turns":5},{"damage":3,"enemies":"Gremlin Gang","floor":14,"turns":4},{"damage":3,"enemies":"3 Louse","floor":15,"turns":2},{"damage":25,"enemies":"WA_ARCHETYPE_RETAIN","floor":16,"turns":8},{"damage":11,"enemies":"downfall:LooterAlt2","floor":20,"turns":3},{"damage":10,"enemies":"3 Byrds","floor":22,"turns":4},{"damage":19,"enemies":"Slavers","floor":23,"turns":5},{"damage":0,"enemies":"Centurion and Healer","floor":26,"turns":4},{"damage":0,"enemies":"Sentry and Sphere","floor":28,"turns":4},{"damage":21,"enemies":"Shelled Parasite and Fungi","floor":30,"turns":6},{"damage":0,"enemies":"downfall:FleeingMerchant","floor":31,"turns":4},{"damage":27,"enemies":"3 Cultists","floor":32,"turns":5},{"damage":7,"enemies":"IC_MUSHROOM_ARCHETYPE","floor":33,"turns":6},{"damage":2,"enemies":"3 Shapes","floor":36,"turns":7},{"damage":23,"enemies":"3 Darklings","floor":38,"turns":4},{"damage":0,"enemies":"downfall:FleeingMerchant","floor":40,"turns":4},{"damage":30,"enemies":"Maw","floor":42,"turns":6},{"damage":32,"enemies":"Sphere and 2 Shapes","floor":43,"turns":3},{"damage":0,"enemies":"Giant Head","floor":44,"turns":5},{"damage":14,"enemies":"Reptomancer","floor":48,"turns":5},{"damage":11,"enemies":"Transient","floor":49,"turns":5},{"damage":12,"enemies":"SI_POISON_ARCHETYPE","floor":50,"turns":6}],"seed_played":"9159417121271342608","potions_obtained":[{"floor":6,"key":"Strength Potion"},{"floor":8,"key":"EssenceOfSteel"},{"floor":14,"key":"Dexterity Potion"},{"floor":22,"key":"Regen Potion"},{"floor":23,"key":"ColorlessPotion"},{"floor":26,"key":"SkillPotion"},{"floor":38,"key":"Explosive Potion"},{"floor":43,"key":"DistilledChaos"},{"floor":44,"key":"LiquidMemories"}],"is_trial":false,"path_per_floor":["R","M","?","M","M","M","T","M","T","E","?","T","R","M","M","B",null,"R","?","M","?","M","E","T","R","M","R","M","R","M","$","M","B",null,"R","M","?","M","?","$","T","M","M","E","$","?","R","E","M","B",null],"character_chosen":"THE_SNECKO","items_purchased":["Incense Burner","sneckomod:UnlimitedRolls","sneckomod:UnknownVulnerable","Bag of Marbles","champ:Barbells","CultistPotion","sneckomod:RareBoosterPack"],"campfire_rested":1,"item_purchase_floors":[31,31,31,40,40,40,45],"current_hp_per_floor":[75,75,75,75,75,66,66,64,64,57,57,57,57,54,51,26,70,70,64,53,53,43,38,38,48,51,51,53,83,62,64,37,40,87,87,87,87,66,66,66,66,38,6,6,6,108,108,94,85,73],"gold":149,"neow_bonus":"THREE_ENEMY_KILL","is_daily":false,"chose_seed":false,"campfire_upgraded":2,"win_rate":0.0,"timestamp":1614227984,"path_taken":["R","M","?","M","?","M","T","M","?","E","?","?","R","M","M","BOSS","R","?","M","?","M","E","T","R","M","R","?","R","M","$","M","BOSS","R","M","?","M","?","$","T","M","?","E","$","?","R","E","M","BOSS"],"items_purchased_type":["Relic","Card","Card","Relic","Relic","Potion","Relic"],"build_version":"2020-12-22","purchased_purges":2,"victory":true,"max_hp_per_floor":[83,83,83,83,83,83,83,85,85,85,85,85,85,85,85,85,85,85,85,85,85,85,85,85,95,98,98,100,100,100,102,102,102,102,102,104,104,106,106,106,106,108,108,108,108,108,108,108,110,110],"card_choices":[{"not_picked":["sneckomod:SoulDraw","sneckomod:QuickMove"],"picked":"sneckomod:UnendingSupply","floor":2},{"not_picked":["sneckomod:RainOfDice","sneckomod:UnendingSupply"],"picked":"sneckomod:UnknownVulnerable","floor":4},{"not_picked":["sneckomod:SoulRoll","sneckomod:UnknownDraw"],"picked":"sneckomod:Rotation","floor":5},{"not_picked":["sneckomod:MasterEye","sneckomod:RainOfDice"],"picked":"sneckomod:QuickMove","floor":6},{"not_picked":["sneckomod:RainOfDice","sneckomod:SoulDraw","sneckomod:UnknownCommonAttack"],"picked":"Singing Bowl","floor":8},{"not_picked":["sneckomod:QuickBite","sneckomod:IronFang"],"picked":"sneckomod:GlitteringGambit","floor":10},{"not_picked":["sneckomod:IronFang","sneckomod:SoulRoll"],"picked":"sneckomod:Unknown1Cost","floor":14},{"not_picked":["sneckomod:UnknownCommonSkill","sneckomod:SlitherStrike"],"picked":"sneckomod:UnknownBlock","floor":15},{"not_picked":["sneckomod:Mudshield","sneckomod:SoulExchange"],"picked":"sneckomod:SerpentMind","floor":16},{"not_picked":["sneckomod:SnakeSap","sneckomod:Nope"],"picked":"sneckomod:UnknownDexterity","floor":20},{"not_picked":["sneckomod:UnknownDexterity","sneckomod:Rotation"],"picked":"sneckomod:PureSnecko+1","floor":22},{"not_picked":["sneckomod:UnknownClassSLIMEBOUND","sneckomod:RainOfDice"],"picked":"sneckomod:UnknownExhaust+1","floor":23},{"not_picked":["sneckomod:UnknownDexterity","sneckomod:UnknownClassRED"],"picked":"sneckomod:UnknownStrength","floor":26},{"not_picked":["sneckomod:UnknownCommonAttack+1","sneckomod:IronFang","sneckomod:UnknownUncommonPower"],"picked":"Singing Bowl","floor":28},{"not_picked":["sneckomod:UnknownCommonAttack","sneckomod:UnknownDraw"],"picked":"sneckomod:SlitherStrike","floor":30},{"not_picked":["sneckomod:UnknownCommonAttack","sneckomod:QuickBite+1","sneckomod:CheapStock"],"picked":"Singing Bowl","floor":31},{"not_picked":["sneckomod:UnknownDraw","sneckomod:DiceBlock"],"picked":"sneckomod:UnknownUncommonAttack","floor":32},{"not_picked":["sneckomod:UnlimitedRolls","sneckomod:SoulExchange"],"picked":"sneckomod:UnknownRarePower","floor":33},{"not_picked":["sneckomod:UnknownDraw","sneckomod:QuickMove+1","sneckomod:SoulDraw"],"picked":"Singing Bowl","floor":36},{"not_picked":["sneckomod:UnknownDraw","sneckomod:ImprovisedAttack","sneckomod:QuickMove"],"picked":"Singing Bowl","floor":38},{"not_picked":["sneckomod:Unknown1Cost","sneckomod:CheapStock"],"picked":"sneckomod:UnknownWeak+1","floor":40},{"not_picked":["sneckomod:UnknownVulnerable","sneckomod:PureSnecko+1","sneckomod:UnknownCommonAttack"],"picked":"Singing Bowl","floor":42},{"not_picked":["sneckomod:QuickBite","sneckomod:Nope"],"picked":"sneckomod:UnknownDraw","floor":43},{"not_picked":["sneckomod:WideSting","sneckomod:UnknownDraw"],"picked":"sneckomod:UnknownColorless","floor":44},{"not_picked":["sneckomod:IronFang","sneckomod:DiceBlock"],"picked":"sneckomod:Unknown2Cost","floor":48},{"not_picked":["sneckomod:DiceBlock+1","sneckomod:IronFang","sneckomod:SerpentIdol"],"picked":"Singing Bowl","floor":49}],"player_experience":12107743,"relics_obtained":[{"floor":7,"key":"Singing Bowl"},{"floor":9,"key":"Happy Flower"},{"floor":10,"key":"sneckomod:BlankCard"},{"floor":12,"key":"sneckomod:ConfusingCodex"},{"floor":23,"key":"Whetstone"},{"floor":41,"key":"PreservedInsect"},{"floor":44,"key":"Blue Candle"},{"floor":48,"key":"Ginger"}],"event_choices":[{"damage_healed":0,"gold_gain":0,"player_choice":"Forge","damage_taken":0,"max_hp_gain":0,"max_hp_loss":0,"event_name":"Accursed Blacksmith","floor":39,"gold_loss":0,"cards_upgraded":["Demon Form"]}],"is_beta":false,"boss_relics":[{"not_picked":["Cursed Key","Tiny House"],"picked":"expansioncontent:StudyCardRelic"},{"not_picked":["Calling Bell","Coffee Dripper"],"picked":"Fusion Hammer"}],"items_purged_floors":[31,40],"is_endless":false,"potions_floor_spawned":[6,8,14,16,22,23,26,30,33,38,42,43,44,49],"ascension_level":15}}