{"host":"u5p72gjg7qm9i6r4","time":1614293947,"event":{"mods":["AchievementEnabler","BaseMod","Curses Come First","Highlight Path","Minty Spire (QoL Compilation)","Rare Cards Sparkle","StSLib"],"gold_per_floor":[109,124,124,140,159,184,184,210,210,210,238,255,255,275,275,379,379,398,308,328,328,343,343,368,368,421,132,149,181,181,181,181,181,181],"floor_reached":33,"language":"ENG","playtime":1243,"items_purged":[],"score":452,"play_id":"95b8c3ab-5d8b-4bdb-8c96-cfc266a27f11","local_time":"20210225165907","is_ascension_mode":true,"campfire_choices":[{"floor":7.0,"key":"REST"},{"data":"True Grit","floor":10.0,"key":"SMITH"},{"data":"Whirlwind","floor":15.0,"key":"SMITH"},{"floor":23.0,"key":"REST"},{"data":"True Grit","floor":25.0,"key":"SMITH"},{"floor":30,"key":"REST"},{"data":"Demon Form","floor":32,"key":"SMITH"}],"circlet_count":0,"master_deck":["Defend_R","Defend_R","Defend_R","Defend_R","Bash","Inflame","Inflame","Bandage Up","Inflame","True Grit+1","Whirlwind+1","Shrug It Off+1","Disarm","Demon Form+1","Seeing Red","Bloodletting","Bite","Bite","Bite","Bite","Bite","Battle Trance+1","True Grit+1","Cleave"],"relics":["Burning Blood","Bronze Scales","FossilizedHelix","Gremlin Horn","SlaversCollar","Toy Ornithopter","Anchor","Membership Card","MealTicket","Potion Belt","Centennial Puzzle","Darkstone Periapt"],"acts_visited":["Exordium","TheCity"],"potions_floor_usage":[28,28],"damage_taken":[{"damage":6.0,"enemies":"Cultist","floor":1.0,"turns":3.0},{"damage":9.0,"enemies":"Small Slimes","floor":2.0,"turns":4.0},{"damage":9.0,"enemies":"Jaw Worm","floor":4.0,"turns":4.0},{"damage":32.0,"enemies":"Lots of Slimes","floor":5.0,"turns":5.0},{"damage":51.0,"enemies":"3 Sentries","floor":6.0,"turns":9.0},{"damage":18.0,"enemies":"Lagavulin","floor":8.0,"turns":6.0},{"damage":11.0,"enemies":"3 Sentries","floor":11.0,"turns":4.0},{"damage":0.0,"enemies":"2 Fungi Beasts","floor":12.0,"turns":3.0},{"damage":7.0,"enemies":"Exordium Wildlife","floor":14.0,"turns":2.0},{"damage":27.0,"enemies":"Hexaghost","floor":16.0,"turns":9.0},{"damage":17.0,"enemies":"Shell Parasite","floor":18.0,"turns":5.0},{"damage":38.0,"enemies":"Spheric Guardian","floor":20.0,"turns":6.0},{"damage":25.0,"enemies":"Snake Plant","floor":22.0,"turns":4.0},{"damage":40.0,"enemies":"Book of Stabbing","floor":24.0,"turns":6.0},{"damage":26,"enemies":"Chosen and Byrds","floor":28,"turns":8},{"damage":10,"enemies":"Gremlin Leader","floor":29,"turns":6},{"damage":63,"enemies":"Collector","floor":33,"turns":5}],"seed_played":"1325696596986950184","potions_obtained":[{"floor":4.0,"key":"BloodPotion"},{"floor":5.0,"key":"EntropicBrew"},{"floor":8.0,"key":"Weak Potion"},{"floor":12.0,"key":"Weak Potion"},{"floor":14.0,"key":"Weak Potion"},{"floor":22.0,"key":"DuplicationPotion"},{"floor":24.0,"key":"SpeedPotion"}],"is_trial":false,"path_per_floor":["M","M","?","M","M","E","R","E","T","R","E","M","?","M","R","B",null,"M","?","M","?","M","R","E","R","T","$","M","E","R","T","R","B"],"character_chosen":"IRONCLAD","items_purchased":["Membership Card","MealTicket","Potion Belt"],"campfire_rested":3,"item_purchase_floors":[27,27,27],"current_hp_per_floor":[72,69,69,70,48,23,47,39,39,39,38,48,53,56,56,39,74,67,67,39,39,30,47,21,21,21,21,29,35,52,52,52,0,0],"gold":181,"neow_bonus":"REMOVE_CARD","is_daily":false,"chose_seed":false,"campfire_upgraded":4,"win_rate":0.0,"timestamp":1614293947,"path_taken":["M","M","?","M","?","E","R","E","T","R","E","M","?","M","R","BOSS","M","?","?","?","M","R","E","R","T","$","M","E","R","?","R","BOSS"],"items_purchased_type":["Relic","Relic","Relic"],"build_version":"2020-12-22","purchased_purges":0,"victory":false,"max_hp_per_floor":[80,80,80,80,80,80,80,80,80,80,80,80,85,85,85,85,85,85,85,85,59,59,59,59,59,59,59,59,59,59,59,59,59,59],"card_choices":[{"not_picked":["Perfected Strike","Heavy Blade"],"picked":"Inflame","floor":1.0},{"not_picked":["Infernal Blade","Rupture"],"picked":"Inflame","floor":2.0},{"not_picked":["Clash","Sword Boomerang"],"picked":"Inflame","floor":4.0},{"not_picked":["Perfected Strike","Infernal Blade"],"picked":"True Grit","floor":5.0},{"not_picked":["Wild Strike","Armaments"],"picked":"Whirlwind","floor":6.0},{"not_picked":["Berserk","Headbutt"],"picked":"Shrug It Off","floor":8.0},{"not_picked":["Iron Wave","Uppercut"],"picked":"Disarm","floor":11.0},{"not_picked":["Sword Boomerang","Infernal Blade","Sever Soul"],"picked":"SKIP","floor":12.0},{"not_picked":["Searing Blow","Iron Wave","Fire Breathing"],"picked":"SKIP","floor":14.0},{"not_picked":["Berserk","Fiend Fire"],"picked":"Demon Form","floor":16.0},{"not_picked":["Feel No Pain","Sword Boomerang"],"picked":"Seeing Red","floor":18.0},{"not_picked":["Heavy Blade","Perfected Strike+1"],"picked":"Bloodletting","floor":20.0},{"not_picked":["Infernal Blade","True Grit"],"picked":"Battle Trance+1","floor":22.0},{"not_picked":["Flex","Second Wind"],"picked":"True Grit","floor":24.0},{"not_picked":["Headbutt","Anger+1","Heavy Blade"],"picked":"SKIP","floor":28},{"not_picked":["Bludgeon","Body Slam+1"],"picked":"Cleave","floor":29}],"player_experience":168975,"relics_obtained":[{"floor":6.0,"key":"Bronze Scales"},{"floor":8.0,"key":"FossilizedHelix"},{"floor":11.0,"key":"Gremlin Horn"},{"floor":24.0,"key":"Toy Ornithopter"},{"floor":26.0,"key":"Anchor"},{"floor":29,"key":"Centennial Puzzle"},{"floor":31,"key":"Darkstone Periapt"}],"event_choices":[{"damage_healed":0.0,"max_hp_gain":0.0,"max_hp_loss":0.0,"gold_gain":0.0,"event_name":"Match and Keep!","player_choice":"1 cards matched","floor":3.0,"gold_loss":0.0,"damage_taken":0.0,"cards_obtained":["Bandage Up"]},{"damage_healed":0.0,"max_hp_gain":5.0,"max_hp_loss":0.0,"gold_gain":0.0,"event_name":"Big Fish","player_choice":"Donut","floor":13.0,"gold_loss":0.0,"damage_taken":0.0},{"cards_removed":["Strike_R"],"damage_healed":0.0,"max_hp_gain":0.0,"max_hp_loss":0.0,"gold_gain":0.0,"event_name":"Designer","player_choice":"Upgrade and Remove","floor":19.0,"gold_loss":90.0,"damage_taken":0.0,"cards_upgraded":["Shrug It Off"]},{"damage_healed":0.0,"max_hp_gain":0.0,"max_hp_loss":26.0,"gold_gain":0.0,"event_name":"Vampires","player_choice":"Became a vampire","floor":21.0,"gold_loss":0.0,"damage_taken":0.0,"cards_obtained":["Bite","Bite","Bite","Bite","Bite"]}],"is_beta":false,"boss_relics":[{"not_picked":["Runic Cube","Pandora\u0027s Box"],"picked":"SlaversCollar"}],"items_purged_floors":[],"is_endless":false,"potions_floor_spawned":[4,5,8,12,14,22,24],"killed_by":"Collector","ascension_level":8}}