{"host":"yswz5npuc6jcqk0n","time":1614246343,"event":{"mods":["AchievementEnabler","BaseMod","BetterRewards","Clockwork Mod","Friendly Minions","GifTheSpireLib","Jedi Mod","JesterMod","Minty Spire (QoL Compilation)","Pikachu Mod","StSLib","The Animator","The Bug Knight","The Exalted","The Saiyan","[IsaacMod]????"],"gold_per_floor":[111,111,111,128,145,145,2,15,15,15,50,50,64,79,79,178,228,239,239,239,20,20,20,32,32,32],"floor_reached":25,"language":"ENG","playtime":2267,"items_purged":[],"score":201,"play_id":"51de736d-2a65-4ed5-874e-95c5d302dbbb","local_time":"20210225044543","is_ascension_mode":false,"campfire_choices":[{"data":"jesterMod:DancingMad","floor":6.0,"key":"SMITH"},{"floor":10.0,"key":"RECALL"},{"floor":15.0,"key":"REST"}],"circlet_count":0,"master_deck":["jesterMod:Strike","jesterMod:Strike","jesterMod:Strike","jesterMod:Strike","jesterMod:Sickle","jesterMod:Defend","jesterMod:Defend","jesterMod:Defend","jesterMod:Defend","jesterMod:Dodge","jesterMod:Schizophrenia","jesterMod:SwiftDodge","Deep Breath","jesterMod:OblivionStrike","jesterMod:DancingMad+1","jesterMod:JackInTheBox","jesterMod:FlameDance","jesterMod:Patience","jesterMod:Precipitation+1","jesterMod:Juggler","jesterMod:Hide","jesterMod:Illness","jesterMod:Pause","jesterMod:Unleash","jesterMod:Hide","jesterMod:DanceOfChaos","Hologram"],"relics":["jesterMod:JesterCap","HushsDoor","NeowsBlessing","BookOfRevelations","Happy Flower","Tiny House","Gremlin Horn","jesterMod:DefectEssence","TheAbacus"],"acts_visited":[],"potions_floor_usage":[],"damage_taken":[{"damage":0.0,"enemies":"2 Louse","floor":1.0,"turns":1.0},{"damage":0.0,"enemies":"Cultist","floor":4.0,"turns":2.0},{"damage":0.0,"enemies":"Jaw Worm","floor":5.0,"turns":1.0},{"damage":8.0,"enemies":"Exordium Wildlife","floor":8.0,"turns":4.0},{"damage":13.0,"enemies":"HollowMod:MossKnight","floor":11.0,"turns":14.0},{"damage":6.0,"enemies":"Red Slaver","floor":13.0,"turns":3.0},{"damage":13.0,"enemies":"3 Louse","floor":14.0,"turns":4.0},{"damage":19.0,"enemies":"Slime Boss","floor":16.0,"turns":11.0},{"damage":26.0,"enemies":"Spheric Guardian","floor":18.0,"turns":5.0},{"damage":28.0,"enemies":"Chosen","floor":24.0,"turns":8.0},{"damage":15,"enemies":"Snecko","floor":25,"turns":3}],"seed_played":"-3506981016885490266","potions_obtained":[{"floor":4.0,"key":"Regen Potion"},{"floor":5.0,"key":"SneckoOil"},{"floor":13.0,"key":"PowerPotion"},{"floor":16.0,"key":"SpeedPotion"},{"floor":17.0,"key":"ColorlessPotion"}],"is_trial":false,"path_per_floor":["M","?","?","M","M","R","$","M","T","R","E","$","M","M","R","B",null,"M","?","?","$","?","?","M","M"],"character_chosen":"THE_JESTER","items_purchased":["jesterMod:JackInTheBox","jesterMod:FlameDance","jesterMod:Patience","TheAbacus","jesterMod:DanceOfChaos"],"campfire_rested":1,"item_purchase_floors":[7,7,7,21,21],"current_hp_per_floor":[70,70,70,70,70,70,70,62,62,62,57,57,51,38,59,40,75,49,49,49,49,49,35,7,0,0],"gold":32,"neow_bonus":"THREE_ENEMY_KILL","is_daily":false,"chose_seed":false,"campfire_upgraded":1,"win_rate":0.0,"timestamp":1614246343,"path_taken":["M","?","?","M","?","R","$","M","T","R","E","?","M","M","R","BOSS","M","?","?","$","?","?","M","M"],"items_purchased_type":["Card","Card","Card","Relic","Card"],"build_version":"2020-12-22","purchased_purges":0,"victory":false,"max_hp_per_floor":[70,70,70,70,70,70,70,70,70,70,70,70,70,70,70,70,75,75,75,75,75,75,80,80,80,80],"card_choices":[{"not_picked":[],"picked":"ChaosCard","floor":0.0},{"not_picked":["jesterMod:Feint","jesterMod:Loot"],"picked":"jesterMod:Schizophrenia","floor":1.0},{"not_picked":["jesterMod:TrickyDodge","jesterMod:Unleash"],"picked":"jesterMod:OblivionStrike","floor":4.0},{"not_picked":["jesterMod:Discretion","jesterMod:Anticipation"],"picked":"jesterMod:DancingMad","floor":5.0},{"not_picked":["jesterMod:Contradiction","jesterMod:QuickStrike"],"picked":"jesterMod:Precipitation","floor":8.0},{"not_picked":["jesterMod:LightTheWick","jesterMod:Patience"],"picked":"jesterMod:Juggler","floor":11.0},{"not_picked":["jesterMod:Schizophrenia","jesterMod:QuickStrike"],"picked":"jesterMod:Hide","floor":13.0},{"not_picked":["jesterMod:Patience","jesterMod:JackInTheBox"],"picked":"jesterMod:Illness","floor":14.0},{"not_picked":["jesterMod:Prankster","jesterMod:Frustration"],"picked":"jesterMod:Pause","floor":16.0},{"not_picked":["jesterMod:DancingMad","jesterMod:Flee"],"picked":"jesterMod:Unleash","floor":17.0},{"not_picked":["jesterMod:Illness","jesterMod:QuickStrike"],"picked":"jesterMod:Hide","floor":18.0},{"not_picked":["jesterMod:Hide","jesterMod:Feint"],"picked":"Hologram","floor":24.0}],"player_experience":263768,"relics_obtained":[{"floor":11.0,"key":"Happy Flower"}],"event_choices":[{"damage_healed":0.0,"max_hp_gain":0.0,"max_hp_loss":0.0,"gold_gain":0.0,"event_name":"Match and Keep!","player_choice":"2 cards matched","floor":2.0,"gold_loss":0.0,"damage_taken":0.0,"cards_obtained":["jesterMod:SwiftDodge","Deep Breath"]},{"damage_healed":0.0,"max_hp_gain":0.0,"max_hp_loss":0.0,"gold_gain":0.0,"event_name":"Golden Idol","player_choice":"Ignored","floor":3.0,"gold_loss":0.0,"damage_taken":0.0},{"damage_healed":0.0,"max_hp_gain":0.0,"max_hp_loss":0.0,"gold_gain":0.0,"event_name":"The Mausoleum","player_choice":"Opened","floor":19.0,"gold_loss":0.0,"damage_taken":0.0,"relics_obtained":["Gremlin Horn"]},{"damage_healed":0.0,"max_hp_gain":0.0,"max_hp_loss":0.0,"gold_gain":0.0,"event_name":"Ghosts","player_choice":"Ignored","floor":22.0,"gold_loss":0.0,"damage_taken":0.0},{"damage_healed":0.0,"max_hp_gain":5.0,"max_hp_loss":0.0,"gold_gain":0.0,"event_name":"Forgotten Altar","player_choice":"Shed Blood","floor":23.0,"gold_loss":0.0,"damage_taken":19.0}],"is_beta":false,"boss_relics":[{"not_picked":["Empty Cage","Runic Dome"],"picked":"Tiny House"},{"not_picked":[]}],"items_purged_floors":[],"is_endless":false,"potions_floor_spawned":[4,5,13,16],"killed_by":"Snecko","ascension_level":0}}