{"host":"hxbbrccw7ig68b38","time":1614268651,"event":{"mods":["BaseMod","Hermit","Minty Spire (QoL Compilation)","Replay The Spire","StSLib","The Cursed"],"gold_per_floor":[119,134,214,214,214,244,19,19,19,19,34,34,54,69,69,169,169,184,184,184,231,131,166,166,201,201,76,91,91,366,386,386,391,391],"floor_reached":33,"language":"KOR","playtime":1642,"items_purged":["Delirium","hermit:Maintenance","hermit:Showdown"],"score":313,"play_id":"b5e7580c-2587-49a1-8baa-94b3682fe28e","local_time":"20210226005731","daily_mods":["Insanity","Time Dilation","Night Terrors"],"is_ascension_mode":false,"campfire_choices":[{"data":"hermit:Headshot","floor":8,"key":"SMITH"},{"data":"hermit:Virtue","floor":10,"key":"SMITH"},{"data":"hermit:Snipe","floor":12,"key":"SMITH"},{"data":"hermit:Headshot","floor":15,"key":"SMITH"},{"data":"hermit:GoldenBullet","floor":24,"key":"SMITH"},{"floor":32,"key":"REST"}],"circlet_count":0,"master_deck":["hermit:Dive","hermit:Ricochet","hermit:Coalescence","hermit:WideOpen","hermit:Manifest","hermit:Coalescence","hermit:Cheat","hermit:Spite","hermit:GhostlyPresence","hermit:Manifest","hermit:BigShot","hermit:HoleUp","hermit:CursedWeapon","hermit:Roulette","hermit:Misfire","hermit:Dive","hermit:Misfire","hermit:SprayPray","hermit:Snipe+1","hermit:HighCaliber","hermit:Virtue+1","hermit:Vantage","hermit:Scavenge","hermit:LowProfile","hermit:WideOpen","hermit:Vantage","hermit:Glare","hermit:FlashPowder","hermit:Glare","hermit:Ricochet","hermit:BodyArmor","hermit:Coalescence","hermit:TakeCover","hermit:HighCaliber+1","hermit:DeadMansHand","hermit:Enervate","hermit:GoldenBullet+1","hermit:Midnight","hermit:Dive","hermit:Headshot+1","hermit:Feint","hermit:CalledShot","hermit:NoHoldsBarred","hermit:Enervate","hermit:Scavenge","hermit:FullyLoaded","hermit:Snipe","hermit:EyeOfTheStorm","Decay","hermit:Misfire","hermit:LoneWolf+1","hermit:Malice","hermit:Ricochet","hermit:DeadMansHand+1","Regret","hermit:Headshot+1"],"relics":["hermit:Momento","Counterbalance","Replay:Baseball","White Beast Statue","Honey Jar","Nilry\u0027s Codex","Frozen Egg 2","Blood Vial","Replay:WaspNest"],"acts_visited":["Exordium","TheCity"],"potions_floor_usage":[16,16,16,25,31,31,33,33,33],"damage_taken":[{"damage":3,"enemies":"2 Louse","floor":1,"turns":2},{"damage":0,"enemies":"Small Slimes","floor":2,"turns":2},{"damage":9,"enemies":"3 Sentries","floor":6,"turns":4},{"damage":5,"enemies":"Jaw Worm","floor":11,"turns":2},{"damage":0,"enemies":"Large Slime","floor":13,"turns":3},{"damage":2,"enemies":"2 Fungi Beasts","floor":14,"turns":2},{"damage":32,"enemies":"The Guardian","floor":16,"turns":7},{"damage":0,"enemies":"Chosen","floor":18,"turns":4},{"damage":14,"enemies":"Gremlin Leader","floor":23,"turns":5},{"damage":13,"enemies":"Spheric Guardian","floor":25,"turns":4},{"damage":12,"enemies":"Chosen and Byrds","floor":28,"turns":3},{"damage":1,"enemies":"Snecko","floor":31,"turns":6},{"damage":85,"enemies":"Automaton","floor":33,"turns":12}],"seed_played":"3523290589944034342","potions_obtained":[{"floor":2,"key":"DuplicationPotion"},{"floor":6,"key":"Toxic Potion"},{"floor":11,"key":"Venom Potion"},{"floor":16,"key":"hermit:Tonic"},{"floor":18,"key":"SpeedPotion"},{"floor":23,"key":"SpeedPotion"},{"floor":25,"key":"BlessingOfTheForge"},{"floor":28,"key":"LiquidBronze"},{"floor":31,"key":"DuplicationPotion"}],"is_trial":false,"path_per_floor":["M","M","?","?","?","E","$","R","T","R","M","R","M","M","R","B",null,"M","?","?","?","$","E","R","M","T","$","M","?","?","M","R","B"],"character_chosen":"HERMIT","items_purchased":["Replay:Baseball"],"campfire_rested":1,"item_purchase_floors":[7],"current_hp_per_floor":[72,72,72,72,77,68,68,68,68,68,63,63,63,61,61,29,80,80,64,64,64,64,50,50,39,39,39,29,29,29,30,75,0,0],"gold":391,"neow_bonus":"","is_daily":true,"chose_seed":false,"campfire_upgraded":5,"win_rate":0.0,"timestamp":1614268651,"path_taken":["M","M","?","?","?","E","?","R","T","R","M","R","M","M","R","BOSS","M","?","?","?","$","E","R","M","T","$","M","?","?","M","R","BOSS"],"items_purchased_type":["Relic"],"build_version":"2020-12-22","purchased_purges":3,"victory":false,"max_hp_per_floor":[75,75,75,75,80,80,80,80,80,80,80,80,80,80,80,80,80,80,80,80,80,80,80,80,80,80,80,80,80,80,80,75,75,75],"card_choices":[{"not_picked":["hermit:Cheat","hermit:Quickdraw","hermit:TrackingShot"],"picked":"SKIP","floor":1},{"not_picked":["hermit:Snipe","hermit:Vantage","hermit:Glare"],"picked":"SKIP","floor":2},{"not_picked":["hermit:Glare","hermit:TrackingShot","hermit:Combo"],"picked":"SKIP","floor":6},{"not_picked":["hermit:Misfire","hermit:BigShot","hermit:CalledShot"],"picked":"SKIP","floor":11},{"not_picked":["hermit:LowProfile","hermit:BodyArmor","hermit:Desperado"],"picked":"SKIP","floor":13},{"not_picked":["hermit:BodyArmor","hermit:FinalCanter","hermit:Scavenge"],"picked":"SKIP","floor":14},{"not_picked":["hermit:Snipe","hermit:LowProfile+1","hermit:FullyLoaded"],"picked":"hermit:EyeOfTheStorm","floor":18},{"not_picked":["hermit:Dive","hermit:SprayPray","hermit:Roulette"],"picked":"hermit:Misfire","floor":21},{"not_picked":["hermit:LuckOfTheDraw+1","hermit:LowProfile","hermit:Vantage"],"picked":"hermit:LoneWolf+1","floor":21},{"not_picked":["hermit:LowProfile","hermit:Scavenge+1","hermit:Feint"],"picked":"hermit:Malice","floor":23},{"not_picked":["hermit:NoHoldsBarred","hermit:EternalForm+1","hermit:Roulette+1"],"picked":"hermit:Ricochet","floor":25},{"not_picked":["hermit:Misfire","hermit:WideOpen+1","hermit:Gestalt"],"picked":"hermit:DeadMansHand+1","floor":28},{"not_picked":["hermit:BodyArmor","hermit:TakeAim+1","hermit:FlashPowder"],"picked":"hermit:Headshot+1","floor":31}],"player_experience":111992,"relics_obtained":[{"floor":6,"key":"Counterbalance"},{"floor":9,"key":"White Beast Statue"},{"floor":19,"key":"Nilry\u0027s Codex"},{"floor":21,"key":"Frozen Egg 2"},{"floor":23,"key":"Blood Vial"},{"floor":26,"key":"Replay:WaspNest"}],"event_choices":[{"damage_healed":0,"gold_gain":0,"player_choice":"Donut","damage_taken":0,"max_hp_gain":5,"max_hp_loss":0,"event_name":"Big Fish","floor":5,"gold_loss":0},{"damage_healed":0,"gold_gain":0,"player_choice":"Obtained Book","damage_taken":16,"max_hp_gain":0,"max_hp_loss":0,"event_name":"Cursed Tome","floor":19,"gold_loss":0},{"damage_healed":0,"gold_gain":0,"player_choice":"Smashed Altar","damage_taken":0,"max_hp_gain":0,"max_hp_loss":0,"event_name":"Forgotten Altar","floor":20,"gold_loss":0,"cards_obtained":["Decay"]},{"cards_removed":["hermit:Headshot"],"damage_healed":0,"gold_gain":0,"player_choice":"Elegance","damage_taken":0,"max_hp_gain":0,"max_hp_loss":0,"event_name":"Back to Basics","floor":29,"gold_loss":0},{"damage_healed":0,"gold_gain":275,"player_choice":"Desecrate","damage_taken":0,"max_hp_gain":0,"max_hp_loss":0,"event_name":"Golden Shrine","floor":30,"gold_loss":0,"cards_obtained":["Regret"]}],"is_beta":false,"boss_relics":[{"not_picked":["Replay:Drink Me","Philosopher\u0027s Stone"],"picked":"Honey Jar"}],"items_purged_floors":[7,22,27],"is_endless":false,"potions_floor_spawned":[2,6,11,13,14,16,18,23,25,28,31],"killed_by":"Automaton","ascension_level":0}}