{"host":"fwdkxxz7291ipt0p","time":1614259039,"event":{"mods":["Act Like it!","BaseMod","Bossed Relics","Dota2Spire","Energized Spire","Marked Mod","Minty Spire (QoL Compilation)","Relic Filter Mod","StSLib","The Administrix","The Cursed","The Hierophant","The Runesmith","Youmu£®ªÍ∆«—˝√Œ£©"],"gold_per_floor":[117,192,192,206,226,226,276,276,276,292,303,303,41,41,41,138,138,148,183,98,118,135,135,135,135,135,147,160,60,60,60,60,165,165,177,177,189,99,110,110,140,154,180,194,204,204,426,426,426,426],"floor_reached":51,"language":"ZHS","playtime":2358,"items_purged":["TheCursedMod:Strike_TheCursed","TheCursedMod:Defend_TheCursed"],"score":953,"play_id":"307f1ad0-a57e-4e77-b923-a5a5ba63f687","local_time":"20210225211719","is_ascension_mode":true,"campfire_choices":[{"data":"TheCursedMod:CircleOfCorruption","floor":6.0,"key":"SMITH"},{"data":"TheCursedMod:RavingStaff","floor":15.0,"key":"SMITH"},{"data":"TheCursedMod:HellsGateOpen","floor":23.0,"key":"SMITH"},{"data":"TheCursedMod:CleanUpWorkshop","floor":25.0,"key":"SMITH"},{"data":"TheCursedMod:CursedWand","floor":30.0,"key":"SMITH"},{"data":"TheCursedMod:DemonSword","floor":32.0,"key":"SMITH"},{"data":"TheCursedMod:CollectTribute","floor":40,"key":"SMITH"},{"data":"TheCursedMod:RapidMovement","floor":49,"key":"SMITH"}],"circlet_count":0,"master_deck":["TheCursedMod:Strike_TheCursed+1","TheCursedMod:Defend_TheCursed","TheCursedMod:Defend_TheCursed+1","TheCursedMod:Defend_TheCursed","TheCursedMod:CursedWand+1","TheCursedMod:CleanUpWorkshop+1","TheCursedMod:Dregs","TheCursedMod:Obscuration","TheCursedMod:RavingStaff+1","TheCursedMod:RapidMovement+1","TheCursedMod:Wield","TheCursedMod:SurpriseAttack","TheCursedMod:CursedStaff+1","TheCursedMod:HellfireBreathing+1","TheCursedMod:DemonSword+1","CurseOfTheBell","TheCursedMod:CursedAmulet","TheCursedMod:CursedBoomerang+1","TheCursedMod:HellsGateOpen+1","TheCursedMod:CollectTribute+1","TheCursedMod:SmokeScreen+1","TheCursedMod:SurpriseAttack+1"],"relics":["TheCursedMod:BlackMagic101","Strawberry","FaceOfCleric","Meat on the Bone","Whetstone","Calling Bell","Dota2Spire:PhaseBoots","Molten Egg 2","Ice Cream","Red Mask","Akabeko","InkBottle","Anchor","Dota2Spire:LotusOrb","Dota2Spire:Bloodstone","Sundial","Dota2Spire:Desolator","Dota2Spire:DrumOfEndurance"],"acts_visited":["Exordium","TheCity","TheBeyond"],"potions_floor_usage":[50],"damage_taken":[{"damage":0.0,"enemies":"2 Louse","floor":1.0,"turns":3.0},{"damage":2.0,"enemies":"Jaw Worm","floor":4.0,"turns":4.0},{"damage":0.0,"enemies":"Small Slimes","floor":5.0,"turns":4.0},{"damage":20.0,"enemies":"Gremlin Gang","floor":10.0,"turns":4.0},{"damage":12.0,"enemies":"Looter","floor":11.0,"turns":3.0},{"damage":0.0,"enemies":"Slime Boss","floor":16.0,"turns":7.0},{"damage":13.0,"enemies":"Shell Parasite","floor":18.0,"turns":5.0},{"damage":24.0,"enemies":"Masked Bandits","floor":19.0,"turns":4.0},{"damage":0.0,"enemies":"Chosen","floor":21.0,"turns":3.0},{"damage":5.0,"enemies":"Snecko","floor":22.0,"turns":4.0},{"damage":10.0,"enemies":"Snake Plant","floor":27.0,"turns":3.0},{"damage":0.0,"enemies":"3 Cultists","floor":28.0,"turns":3.0},{"damage":39.0,"enemies":"Champ","floor":33.0,"turns":8.0},{"damage":10.0,"enemies":"3 Shapes","floor":35.0,"turns":5.0},{"damage":0,"enemies":"Orb Walker","floor":37,"turns":3},{"damage":4,"enemies":"Transient","floor":39,"turns":5},{"damage":0,"enemies":"Nemesis","floor":41,"turns":3},{"damage":4,"enemies":"Maw","floor":42,"turns":5},{"damage":0,"enemies":"4 Shapes","floor":44,"turns":4},{"damage":3,"enemies":"Transient","floor":45,"turns":5},{"damage":2,"enemies":"Time Eater","floor":50,"turns":8}],"seed_played":"-7685941642439040338","potions_obtained":[{"floor":5.0,"key":"Strength Potion"},{"floor":10.0,"key":"Dexterity Potion"},{"floor":11.0,"key":"Explosive Potion"},{"floor":18.0,"key":"Fire Potion"},{"floor":19.0,"key":"PowerPotion"},{"floor":35.0,"key":"Explosive Potion"},{"floor":41,"key":"TheCursedMod:DregsPotion"},{"floor":44,"key":"AttackPotion"}],"is_trial":false,"path_per_floor":["M","?","?","M","M","R","T","?","T","M","M","?","$","?","R","B",null,"M","?","?","M","M","R","T","R","T","M","M","$","R","?","R","B",null,"M","?","M","?","M","R","E","M","T","M","M","?","?","?","R","B",null],"character_chosen":"THE_CURSED","items_purchased":["TheCursedMod:HellfireBreathing","Whetstone"],"campfire_rested":0,"item_purchase_floors":[13,13],"current_hp_per_floor":[75,64,64,62,62,62,69,69,69,50,51,51,51,51,51,52,85,73,50,50,51,47,47,47,47,47,50,51,51,51,51,51,25,92,83,83,84,84,81,81,82,79,79,80,78,78,78,78,78,77],"gold":426,"neow_bonus":"THREE_CARDS","is_daily":false,"chose_seed":false,"campfire_upgraded":8,"win_rate":0.0,"timestamp":1614259039,"path_taken":["M","?","?","M","M","R","?","?","T","?","M","?","$","?","R","BOSS","M","?","?","M","M","R","?","R","T","M","M","?","R","?","R","BOSS","M","?","?","?","?","R","E","M","T","M","M","?","?","?","R","BOSS"],"items_purchased_type":["Card","Relic"],"build_version":"2020-12-22","purchased_purges":2,"victory":true,"max_hp_per_floor":[75,75,75,75,75,75,82,82,82,83,84,84,84,84,84,85,85,86,87,87,88,89,89,89,89,89,90,91,91,91,91,91,92,92,93,93,94,94,95,95,96,97,97,98,99,99,99,99,99,100],"card_choices":[{"not_picked":["TheCursedMod:HellsGateOpen","TheCursedMod:Wield"],"picked":"TheCursedMod:Obscuration","floor":0.0},{"not_picked":["TheCursedMod:SpitefulPray","TheCursedMod:CircleOfWindfury"],"picked":"TheCursedMod:RavingStaff","floor":1.0},{"not_picked":["TheCursedMod:Wield","TheCursedMod:FleshFromBone"],"picked":"TheCursedMod:CircleOfCorruption","floor":4.0},{"not_picked":["TheCursedMod:WearCloak","TheCursedMod:Evocation"],"picked":"TheCursedMod:RapidMovement","floor":5.0},{"not_picked":["TheCursedMod:Torture","TheCursedMod:CursedShiv"],"picked":"TheCursedMod:Wield","floor":10.0},{"not_picked":["TheCursedMod:CircleOfFocus","TheCursedMod:DoubleShield"],"picked":"TheCursedMod:SurpriseAttack","floor":11.0},{"not_picked":["TheCursedMod:ParallelWorld","TheCursedMod:CursedRelics"],"picked":"TheCursedMod:DemonSword","floor":16.0},{"not_picked":["TheCursedMod:CursedArmor","TheCursedMod:RapidMovement"],"picked":"TheCursedMod:CursedAmulet","floor":18.0},{"not_picked":["TheCursedMod:Stigma+1","TheCursedMod:RavingStaff+1"],"picked":"TheCursedMod:CursedBoomerang+1","floor":19.0},{"not_picked":["TheCursedMod:RapidMovement+1","TheCursedMod:TacticalStrike+1"],"picked":"TheCursedMod:HellsGateOpen","floor":21.0},{"not_picked":["TheCursedMod:Obscuration+1","TheCursedMod:Stigma+1","TheCursedMod:Torture"],"picked":"SKIP","floor":22.0},{"not_picked":["TheCursedMod:CursedBoomerang+1","TheCursedMod:VitalStrike+1","TheCursedMod:SoulReap+1"],"picked":"SKIP","floor":27.0},{"not_picked":["TheCursedMod:Wield+1","TheCursedMod:SoulCrush+1","TheCursedMod:CursedBlade+1"],"picked":"SKIP","floor":28.0},{"not_picked":["TheCursedMod:CircleOfAbyss","TheCursedMod:StunningStrike+1"],"picked":"TheCursedMod:CollectTribute","floor":33.0},{"not_picked":["TheCursedMod:Obscuration+1","TheCursedMod:CursedAmulet","TheCursedMod:CursedBlade+1"],"picked":"SKIP","floor":35.0},{"not_picked":["TheCursedMod:DemonSword+1","TheCursedMod:HellfireBreathing"],"picked":"TheCursedMod:SmokeScreen+1","floor":37},{"not_picked":["TheCursedMod:BlessingInDisguise","TheCursedMod:RavingStaff+1","TheCursedMod:CircleOfFlame+1"],"picked":"SKIP","floor":39},{"not_picked":["TheCursedMod:Stretching+1","TheCursedMod:SoulCrush+1"],"picked":"TheCursedMod:SurpriseAttack+1","floor":41},{"not_picked":["TheCursedMod:CursedMace+1","TheCursedMod:StunningStrike+1","TheCursedMod:SurpriseAttack+1"],"picked":"SKIP","floor":42},{"not_picked":["TheCursedMod:CursedBlade+1","TheCursedMod:CursedMace+1","TheCursedMod:Grudge+1"],"picked":"SKIP","floor":44},{"not_picked":["TheCursedMod:DoubleShield+1","TheCursedMod:CircleOfCorruption+1","TheCursedMod:CircleOfFlame"],"picked":"SKIP","floor":45}],"player_experience":567900,"relics_obtained":[{"floor":7.0,"key":"Strawberry"},{"floor":9.0,"key":"Meat on the Bone"},{"floor":17.0,"key":"Dota2Spire:PhaseBoots"},{"floor":17.0,"key":"Molten Egg 2"},{"floor":17.0,"key":"Ice Cream"},{"floor":19.0,"key":"Red Mask"},{"floor":24.0,"key":"InkBottle"},{"floor":26.0,"key":"Anchor"},{"floor":41,"key":"Dota2Spire:Desolator"},{"floor":43,"key":"Dota2Spire:DrumOfEndurance"}],"event_choices":[{"damage_healed":0.0,"max_hp_gain":0.0,"max_hp_loss":0.0,"gold_gain":75.0,"event_name":"World of Goop","player_choice":"Gather Gold","floor":2.0,"gold_loss":0.0,"damage_taken":11.0},{"damage_healed":0.0,"max_hp_gain":0.0,"max_hp_loss":0.0,"gold_gain":0.0,"event_name":"Liars Game","player_choice":"Ignored","floor":3.0,"gold_loss":0.0,"damage_taken":0.0},{"damage_healed":0.0,"max_hp_gain":0.0,"max_hp_loss":0.0,"gold_gain":0.0,"event_name":"FaceTrader","player_choice":"Trade","floor":8.0,"gold_loss":0.0,"damage_taken":0.0,"relics_obtained":["FaceOfCleric"]},{"damage_healed":0.0,"max_hp_gain":0.0,"max_hp_loss":0.0,"gold_gain":0.0,"cards_transformed":["TheCursedMod:Strike_TheCursed"],"event_name":"Living Wall","player_choice":"Change","floor":12.0,"gold_loss":0.0,"damage_taken":0.0,"cards_obtained":["TheCursedMod:CursedStaff"]},{"damage_healed":0.0,"max_hp_gain":0.0,"max_hp_loss":0.0,"gold_gain":0.0,"event_name":"Accursed Blacksmith","player_choice":"Forge","floor":14.0,"gold_loss":0.0,"damage_taken":0.0,"cards_upgraded":["TheCursedMod:HellfireBreathing"]},{"damage_healed":0.0,"max_hp_gain":0.0,"max_hp_loss":0.0,"gold_gain":0.0,"event_name":"Masked Bandits","player_choice":"Fought Bandits","floor":19.0,"gold_loss":0.0,"damage_taken":0.0},{"damage_healed":0.0,"max_hp_gain":0.0,"max_hp_loss":0.0,"gold_gain":0.0,"event_name":"Addict","player_choice":"Obtained Relic","floor":20.0,"gold_loss":85.0,"damage_taken":0.0,"relics_obtained":["Akabeko"]},{"damage_healed":0.0,"max_hp_gain":0.0,"max_hp_loss":0.0,"gold_gain":0.0,"event_name":"The Mausoleum","player_choice":"Opened","floor":31.0,"gold_loss":0.0,"damage_taken":0.0,"relics_obtained":["Dota2Spire:LotusOrb"]},{"cards_removed":["TheCursedMod:CircleOfCorruption"],"damage_healed":0,"gold_gain":0,"player_choice":"Gave Card","damage_taken":0,"relics_obtained":["Sundial"],"max_hp_gain":0,"max_hp_loss":0,"event_name":"WeMeetAgain","floor":36,"gold_loss":0},{"cards_removed":["TheCursedMod:Strike_TheCursed"],"damage_healed":0,"gold_gain":0,"player_choice":"Upgrade and Remove","damage_taken":0,"max_hp_gain":0,"max_hp_loss":0,"event_name":"Designer","floor":38,"gold_loss":90,"cards_upgraded":["TheCursedMod:Defend_TheCursed"]},{"damage_healed":0,"gold_gain":0,"player_choice":"Memory 1","damage_taken":0,"max_hp_gain":0,"max_hp_loss":0,"event_name":"SensoryStone","floor":46,"gold_loss":0},{"damage_healed":0,"gold_gain":222,"player_choice":"Wore Mask","damage_taken":0,"max_hp_gain":0,"max_hp_loss":0,"event_name":"Tomb of Lord Red Mask","floor":47,"gold_loss":0},{"damage_healed":0,"gold_gain":0,"player_choice":"Ignored","damage_taken":0,"max_hp_gain":0,"max_hp_loss":0,"event_name":"Mysterious Sphere","floor":48,"gold_loss":0}],"is_beta":false,"boss_relics":[{"not_picked":["energizedSpire:RedRose","SlaversCollar"],"picked":"Calling Bell"},{"not_picked":["Runic Pyramid","Astrolabe"],"picked":"Dota2Spire:Bloodstone"}],"items_purged_floors":[13,29],"is_endless":false,"potions_floor_spawned":[5,10,11,18,19,27,35,39,41,44],"ascension_level":3}}