{"host":"08xvxt5w1s7zc7e5","time":1614246612,"event":{"mods":["AchievementEnabler","BaseMod","DeckTracker","Minty Spire (QoL Compilation)","Quick Restart","StSLib","SuperFastMode"],"gold_per_floor":[118,138,213,138,138,138,153,165,246,246,273,273,292,42,42,138,138,152,152,66,91,109,109,120,132,132,132,152,152,152,152],"floor_reached":30,"language":"KOR","playtime":628,"items_purged":[],"score":357,"play_id":"375ac59b-ecc5-437a-936f-467f27800767","local_time":"20210225185012","is_ascension_mode":true,"campfire_choices":[{"data":"Neutralize","floor":6.0,"key":"SMITH"},{"data":"Bane","floor":10.0,"key":"SMITH"},{"floor":15.0,"key":"REST"},{"data":"Noxious Fumes","floor":23.0,"key":"SMITH"}],"circlet_count":0,"master_deck":["AscendersBane","Strike_G","Strike_G","Strike_G","Strike_G","Defend_G","Defend_G","Defend_G","Defend_G","Survivor","Neutralize+1","Bane+1","Poisoned Stab","Footwork","Crippling Poison","Noxious Fumes+1","Venomology","Underhanded Strike+1","Reflex","Prepared","Dagger Spray","Bouncing Flask+1","Terror","Doubt","Writhe","Bullet Time","Pain"],"relics":["Ring of the Snake","NeowsBlessing","Bottled Flame","Nunchaku","Snake Skull","Cursed Key","Enchiridion","Red Mask","Bottled Tornado","Bag of Preparation","Mercury Hourglass"],"acts_visited":["Exordium","TheCity"],"potions_floor_usage":[28,28],"damage_taken":[{"damage":0.0,"enemies":"Small Slimes","floor":1.0,"turns":1.0},{"damage":0.0,"enemies":"2 Louse","floor":2.0,"turns":1.0},{"damage":0.0,"enemies":"Cultist","floor":7.0,"turns":1.0},{"damage":0.0,"enemies":"Looter","floor":8.0,"turns":3.0},{"damage":19.0,"enemies":"3 Sentries","floor":11.0,"turns":12.0},{"damage":10.0,"enemies":"3 Louse","floor":13.0,"turns":4.0},{"damage":3.0,"enemies":"Hexaghost","floor":16.0,"turns":9.0},{"damage":0.0,"enemies":"3 Byrds","floor":18.0,"turns":4.0},{"damage":14.0,"enemies":"Masked Bandits","floor":21.0,"turns":5.0},{"damage":0.0,"enemies":"Spheric Guardian","floor":22.0,"turns":3.0},{"damage":14.0,"enemies":"Centurion and Healer","floor":24.0,"turns":5.0},{"damage":11.0,"enemies":"Snake Plant","floor":25.0,"turns":4.0},{"damage":8,"enemies":"Cultist and Chosen","floor":28,"turns":4},{"damage":3,"enemies":"Shelled Parasite and Fungi","floor":30,"turns":1}],"seed_played":"-5067149872669292543","potions_obtained":[{"floor":1.0,"key":"SteroidPotion"},{"floor":2.0,"key":"GhostInAJar"},{"floor":8.0,"key":"CunningPotion"},{"floor":21.0,"key":"Fire Potion"},{"floor":25.0,"key":"Fruit Juice"}],"is_trial":false,"path_per_floor":["M","M","?","$","?","R","M","M","T","R","E","?","M","$","R","B",null,"M","?","$","?","M","R","M","M","T","?","M","T","M"],"character_chosen":"THE_SILENT","items_purchased":["Footwork","Snake Skull","EntropicBrew","Reflex","Prepared"],"campfire_rested":1,"item_purchase_floors":[4,14,14,20,20],"current_hp_per_floor":[63,63,52,52,45,45,45,45,45,45,26,26,16,16,37,34,61,61,45,45,31,31,31,17,11,11,11,3,3,0,0],"gold":152,"neow_bonus":"THREE_ENEMY_KILL","is_daily":false,"chose_seed":false,"campfire_upgraded":3,"win_rate":0.0,"timestamp":1614246612,"path_taken":["M","M","?","$","?","R","M","M","T","R","E","?","?","$","R","BOSS","M","?","$","?","M","R","M","M","T","?","M","?","M"],"items_purchased_type":["Card","Relic","Potion","Card","Card"],"build_version":"2020-12-22","purchased_purges":0,"victory":false,"max_hp_per_floor":[70,70,70,70,70,70,70,70,70,70,70,70,70,70,70,70,70,70,70,70,70,70,70,70,75,75,75,75,75,75,75],"card_choices":[{"not_picked":["Eviscerate","Sucker Punch"],"picked":"Bane","floor":1.0},{"not_picked":["Leg Sweep","Flechettes"],"picked":"Poisoned Stab","floor":2.0},{"not_picked":["Blade Dance","Underhanded Strike","Dagger Throw"],"picked":"SKIP","floor":7.0},{"not_picked":["Sucker Punch","Concentrate","Flechettes"],"picked":"SKIP","floor":8.0},{"not_picked":["Choke","Dagger Throw"],"picked":"Crippling Poison","floor":11.0},{"not_picked":["Backflip","Poisoned Stab"],"picked":"Noxious Fumes","floor":13.0},{"not_picked":["Die Die Die","Envenom"],"picked":"Venomology","floor":16.0},{"not_picked":["Flying Knee","Poisoned Stab"],"picked":"Underhanded Strike+1","floor":18.0},{"not_picked":["Cloak And Dagger","Poisoned Stab"],"picked":"Dagger Spray","floor":21.0},{"not_picked":["Dodge and Roll","Backstab"],"picked":"Bouncing Flask+1","floor":22.0},{"not_picked":["Poisoned Stab+1","Masterful Stab","Slice+1"],"picked":"SKIP","floor":24.0},{"not_picked":["Choke","Blade Dance"],"picked":"Terror","floor":25.0},{"not_picked":["Reflex","Blur"],"picked":"Bullet Time","floor":28}],"player_experience":426459,"relics_obtained":[{"floor":9.0,"key":"Bottled Flame"},{"floor":11.0,"key":"Nunchaku"},{"floor":19.0,"key":"Enchiridion"},{"floor":21.0,"key":"Red Mask"},{"floor":26.0,"key":"Bottled Tornado"},{"floor":29,"key":"Mercury Hourglass"}],"event_choices":[{"damage_healed":0.0,"max_hp_gain":0.0,"max_hp_loss":0.0,"gold_gain":75.0,"event_name":"World of Goop","player_choice":"Gather Gold","floor":3.0,"gold_loss":0.0,"damage_taken":11.0},{"cards_removed":["Defend_G"],"damage_healed":0.0,"max_hp_gain":0.0,"max_hp_loss":0.0,"gold_gain":0.0,"event_name":"Golden Wing","player_choice":"Card Removal","floor":5.0,"gold_loss":0.0,"damage_taken":7.0},{"cards_removed":["Strike_G"],"damage_healed":0.0,"max_hp_gain":0.0,"max_hp_loss":0.0,"gold_gain":0.0,"event_name":"Bonfire Elementals","player_choice":"Offered Basic","floor":12.0,"gold_loss":0.0,"damage_taken":0.0},{"damage_healed":0.0,"max_hp_gain":0.0,"max_hp_loss":0.0,"gold_gain":0.0,"event_name":"Cursed Tome","player_choice":"Obtained Book","floor":19.0,"gold_loss":0.0,"damage_taken":16.0},{"damage_healed":0.0,"max_hp_gain":0.0,"max_hp_loss":0.0,"gold_gain":0.0,"event_name":"Masked Bandits","player_choice":"Fought Bandits","floor":21.0,"gold_loss":0.0,"damage_taken":0.0},{"damage_healed":0.0,"max_hp_gain":0.0,"max_hp_loss":0.0,"gold_gain":0.0,"event_name":"The Mausoleum","player_choice":"Opened","floor":27.0,"gold_loss":0.0,"damage_taken":0.0,"relics_obtained":["Bag of Preparation"],"cards_obtained":["Writhe"]}],"is_beta":false,"boss_relics":[{"not_picked":["Snecko Eye","Ectoplasm"],"picked":"Cursed Key"}],"items_purged_floors":[],"is_endless":false,"potions_floor_spawned":[1,2,8,18,21,25],"killed_by":"Shelled Parasite and Fungi","ascension_level":11}}