{"host":"bc298c4gavna5tx2","time":1614255861,"event":{"mods":["ATMod(阿瑾Mod)","Act Like it!","BaseMod","Challenge The Spire","Energized Spire","Lobotomy","LobotomyExtend","Minty Spire (QoL Compilation)","MostiFishMod","Quarter Circle Forward PUNCH!","Quick Restart","Replay The Spire","Spicy Shops","StSLib","The Marked","【功能Mod】混沌之环修复补丁","【功能Mod】聪明的最终Boss","【遗物卡牌】REMEMod"],"gold_per_floor":[111,129,139,139,139,169,169,194,218,218,231,251,263,26,26,100,100,142,112,221,64,104,104,168,219,268,338,391,391,391,391,391,391,391],"floor_reached":33,"language":"ZHS","playtime":816,"items_purged":["Defend_R"],"score":677,"play_id":"4c2901ae-e492-499e-949c-f883f1c00e09","local_time":"20210225202421","is_ascension_mode":true,"campfire_choices":[{"data":"MostiFishMod:IntelligentEquipment","floor":7,"key":"SMITH"},{"data":"Limit Break","floor":15,"key":"SMITH"},{"data":"Pot Of Greed","floor":23,"key":"SMITH"},{"data":"Pot Of Greed","floor":29,"key":"SMITH"},{"floor":32,"key":"REST"}],"circlet_count":0,"master_deck":["AscendersBane","Strike_R+1","Strike_R+1","Strike_R+1","Strike_R+1","Strike_R+1","Defend_R","Defend_R","Defend_R","Bash","MostiFishMod:IntelligentEquipment+1","AT_RobotInSpace","MostiFishMod:PerfectStrikeMKII","Limit Break+1","Pot Of Greed+1","Pot Of Greed+1","Regret","Barricade","Doubt","Clumsy","AT_IchimonjiDouble"],"relics":["Burning Blood","AT_ATBox","DaveBox","REME_ComplimentaryCards","SentryEyes","SynthV:TestCard","LetterFromLob","qcfpunch:Black_Training_Shirt","Replay:Rubber Ducky","Grinning Jar","ReplayTheSpireMod:Lightbulb","AT_ChloranthyRing","Replay:Ancient Bell","AT_MibuBalloonWealth","Replay:Bottled Eggs","Lizard Tail","Red Mask","AT_RedTearstoneRing","Omamori","Tiny Chest","Nunchaku","AT_TimeSand"],"acts_visited":["Exordium","TheCity"],"potions_floor_usage":[11,13,18,20,20,25,27],"damage_taken":[{"damage":0,"enemies":"2 Louse","floor":1,"turns":2},{"damage":7,"enemies":"Jaw Worm","floor":2,"turns":2},{"damage":12,"enemies":"Small Slimes","floor":3,"turns":2},{"damage":20,"enemies":"Lagavulin","floor":6,"turns":4},{"damage":0,"enemies":"Gremlin Nob","floor":8,"turns":2},{"damage":3,"enemies":"Blue Slaver","floor":11,"turns":2},{"damage":0,"enemies":"Lots of Slimes","floor":12,"turns":2},{"damage":7,"enemies":"Exordium Wildlife","floor":13,"turns":2},{"damage":14,"enemies":"The Guardian","floor":16,"turns":5},{"damage":12,"enemies":"Shell Parasite","floor":18,"turns":1},{"damage":30,"enemies":"2 Thieves","floor":19,"turns":3},{"damage":10,"enemies":"Masked Bandits","floor":20,"turns":3},{"damage":15,"enemies":"Snake Plant","floor":22,"turns":3},{"damage":8,"enemies":"Chosen and Byrds","floor":24,"turns":4},{"damage":26,"enemies":"Book of Stabbing","floor":25,"turns":4},{"damage":15,"enemies":"Shelled Parasite and Fungi","floor":27,"turns":2},{"damage":41,"enemies":"REME_1_Revenger","floor":28,"turns":3},{"damage":29,"enemies":"Automaton","floor":33,"turns":3}],"seed_played":"-3592436919373424954","potions_obtained":[{"floor":2,"key":"Energy Potion"},{"floor":6,"key":"BloodPotion"},{"floor":11,"key":"Toxic Potion"},{"floor":16,"key":"Death Potion"},{"floor":19,"key":"LiquidBronze"},{"floor":22,"key":"AttackPotion"},{"floor":25,"key":"SkillPotion"},{"floor":28,"key":"SpeedPotion"}],"is_trial":false,"path_per_floor":["M","M","M","M","?","E","R","E","T","?","M","M","M","$","R","B",null,"M","M","?","$","M","R","M","E","T","M","E","R","?","T","R","B"],"character_chosen":"IRONCLAD","items_purchased":["AT_ChloranthyRing","AT_RedTearstoneRing"],"campfire_rested":1,"item_purchase_floors":[14,21],"current_hp_per_floor":[74,73,67,75,70,56,56,62,62,62,65,71,70,70,70,62,72,66,42,53,53,44,44,42,22,22,13,43,43,22,22,46,17,17],"gold":391,"neow_bonus":"THREE_RARE_CARDS","is_daily":false,"chose_seed":false,"campfire_upgraded":4,"win_rate":0.0,"timestamp":1614255861,"path_taken":["M","M","M","M","?","E","R","E","T","?","?","M","M","$","R","BOSS","M","M","?","$","M","R","M","E","T","M","E","R","?","?","R","BOSS"],"items_purchased_type":["Relic","Relic"],"build_version":"2020-12-22","purchased_purges":1,"victory":false,"max_hp_per_floor":[75,75,75,75,75,75,75,75,75,75,75,75,75,75,75,75,75,75,75,75,75,75,75,75,75,75,75,75,75,80,80,80,80,80],"card_choices":[{"not_picked":["Demonic Infusion","MostiFishMod:404NotFound"],"picked":"MostiFishMod:PerfectStrikeMKII","floor":0},{"not_picked":["REME_Cut","Havoc","Battle Trance"],"picked":"SKIP","floor":1},{"not_picked":["Heavy Blade","Thunderclap","Feel No Pain","Body Slam","Rupture"],"picked":"SKIP","floor":2},{"not_picked":["Flex","Life Link","ReplayTheSpireMod:LeadingStrike","True Grit","ReplayTheSpireMod:Strike From Hell"],"picked":"SKIP","floor":3},{"not_picked":["Shrug It Off","Flex","Entrench","Abandon"],"picked":"Limit Break","floor":6},{"not_picked":["True Grit","AT_GerminateFire","Dual Wield","Cleave","Burning Pact"],"picked":"SKIP","floor":8},{"not_picked":["Havoc","Clothesline","Pummel","ReplayTheSpireMod:Stacked","AT_GerminateFire"],"picked":"SKIP","floor":11},{"not_picked":["Shrug It Off","Pommel Strike","Hemokinesis","Second Wind","Warcry"],"picked":"SKIP","floor":12},{"not_picked":["Reckless Charge","Body Slam","True Grit","Thunderclap","Pommel Strike"],"picked":"SKIP","floor":13},{"not_picked":["MostiFishMod:ChineseTea","Impervious","Juggernaut","Exhume"],"picked":"Barricade","floor":16},{"not_picked":["Spreading Infection","Shame","Pain","CurseOfTheBell"],"picked":"Doubt","floor":17},{"not_picked":["Decay","Voices","Hallucinations","Sickly"],"picked":"ReplayTheSpireMod:IOU","floor":17},{"not_picked":["Delirium","Replay:Hysterical Blindness","Looming Evil","AbeCurse"],"picked":"Clumsy","floor":17},{"not_picked":["Immolate","Havoc","True Grit","Headbutt","Cleave"],"picked":"SKIP","floor":18},{"not_picked":["Metallicize","Warcry","Iron Wave","Pommel Strike+1","Life Link"],"picked":"SKIP","floor":19},{"not_picked":["Replay:Many Hands","Ghostly Armor","Clothesline","Warcry","Carnage"],"picked":"AT_IchimonjiDouble","floor":22},{"not_picked":["Flex","Life Link","Clothesline","Run Through","Havoc"],"picked":"SKIP","floor":24},{"not_picked":["AT_IchimonjiDouble","Heavy Blade","Shrug It Off+1","MostiFishMod:TemporaryOutbreak","Havoc"],"picked":"SKIP","floor":25},{"not_picked":["ReplayTheSpireMod:Limb From Limb","Whirlwind","Perfected Strike","Clash","True Grit"],"picked":"SKIP","floor":27},{"not_picked":["Pommel Strike","AT_IchimonjiDouble","Body Slam","ReplayTheSpireMod:Strike From Hell","Brutality"],"picked":"SKIP","floor":28}],"player_experience":167426,"relics_obtained":[{"floor":1,"key":"SynthV:TestCard"},{"floor":1,"key":"LetterFromLob"},{"floor":6,"key":"Replay:Rubber Ducky"},{"floor":8,"key":"Grinning Jar"},{"floor":20,"key":"Red Mask"},{"floor":25,"key":"Omamori"},{"floor":26,"key":"Tiny Chest"},{"floor":28,"key":"Nunchaku"},{"floor":31,"key":"AT_TimeSand"}],"event_choices":[{"damage_healed":0,"gold_gain":0,"player_choice":"Success","damage_taken":5,"relics_obtained":["qcfpunch:Black_Training_Shirt"],"max_hp_gain":0,"max_hp_loss":0,"event_name":"Scrap Ooze","floor":5,"gold_loss":0},{"damage_healed":0,"gold_gain":0,"player_choice":"Box","damage_taken":0,"relics_obtained":["ReplayTheSpireMod:Lightbulb"],"max_hp_gain":0,"max_hp_loss":0,"event_name":"Big Fish","floor":10,"gold_loss":0,"cards_obtained":["Regret"]},{"damage_healed":0,"gold_gain":0,"player_choice":"Fought Bandits","damage_taken":0,"max_hp_gain":0,"max_hp_loss":0,"event_name":"Masked Bandits","floor":20,"gold_loss":0},{"damage_healed":0,"gold_gain":0,"player_choice":"Shed Blood","damage_taken":26,"max_hp_gain":5,"max_hp_loss":0,"event_name":"Forgotten Altar","floor":30,"gold_loss":0}],"is_beta":false,"boss_relics":[{"not_picked":["xbg","Replay:Bronze Core"],"picked":"Replay:Ancient Bell"},{"not_picked":["AT_SpeedBoots","Red Skull"],"picked":"AT_MibuBalloonWealth"},{"not_picked":["REME_ArchaeologicalTools","Golden Egg"],"picked":"Replay:Bottled Eggs"},{"not_picked":["AT_LudenTempest","Durian"],"picked":"Lizard Tail"}],"items_purged_floors":[14],"is_endless":false,"potions_floor_spawned":[2,6,8,11,16,19,22,25,28],"killed_by":"Automaton","ascension_level":19}}