{"host":"ggy1mjjy92c62u6a","time":1614258286,"event":{"mods":["10 clothes from DAL","ATMod(阿瑾Mod)","Act Like it!","BaseMod","Colored Powertips","GifTheSpireLib","Infinite Spire","Library of Ruina","Library of Ruina Extra","Lobotomy","LobotomyExtend","Marisa（F雨　魔理沙）","Minty Spire (QoL Compilation)","Quick Restart","Relic Filter Mod","Relic Stats","Reliquary","Remilia（蕾米莉亚）","Replay The Spire","RumiaBox-露米娅的神秘盒子","Shop Mod","Spicy Shops","StSLib","SuperFastMode","Youmu（魂魄妖梦）","[功能]功能增强和修复MOD","【功能Mod】混沌之环修复补丁","【遗物Mod】死灵法师NEW","【遗物卡牌】REMEMod"],"gold_per_floor":[116,334,351,87,87,87,103,121,146,146,146,146],"floor_reached":11,"language":"ZHS","playtime":304,"items_purged":["LightAttack"],"score":107,"play_id":"5eb45be3-e1d1-48de-80e1-96df3074d3b0","local_time":"20210225210446","is_ascension_mode":true,"campfire_choices":[{"data":"Forethought","floor":6,"key":"SMITH"},{"floor":10,"key":"REST"}],"circlet_count":0,"master_deck":["AscendersBane","Dodge","LightDefense","LightAttack","LightAttack","LightDefense","LightDefense","LightDefense+1","ChargeAndCover","FocusedStrikes","AT_ChampionKick","FrontalAssault+1","Forethought+1"],"relics":["PageOfLibrarian","REME_ComplimentaryCards","AT_ATBox","CogitoBucket","Baka","LetterFromLob","MerchantsRug","War Paint"],"acts_visited":["Exordium"],"potions_floor_usage":[11,11],"damage_taken":[{"damage":12,"enemies":"infinitespire:Voidling","floor":1,"turns":4},{"damage":9,"enemies":"Jaw Worm","floor":2,"turns":4},{"damage":18,"enemies":"Small Slimes","floor":3,"turns":2},{"damage":14,"enemies":"Blue Slaver","floor":7,"turns":3},{"damage":8,"enemies":"3 Louse","floor":8,"turns":4},{"damage":30,"enemies":"Gremlin Nob","floor":11,"turns":4}],"seed_played":"7577451047778872513","potions_obtained":[{"floor":1,"key":"infinitespire:BlackPotion"},{"floor":7,"key":"Languid Potion"}],"is_trial":false,"path_per_floor":["M","M","M","$","?","R","M","M","T","R","E"],"character_chosen":"Librarian","items_purchased":["FrontalAssault","Forethought","MerchantsRug"],"campfire_rested":1,"item_purchase_floors":[4,4,4],"current_hp_per_floor":[47,38,20,20,20,20,7,2,2,20,0,0],"gold":146,"neow_bonus":"","is_daily":false,"chose_seed":false,"campfire_upgraded":1,"win_rate":0.0,"timestamp":1614258286,"path_taken":["M","M","?","$","?","R","M","M","T","R","E"],"items_purchased_type":["Card","Card","Relic"],"build_version":"2020-12-22","purchased_purges":1,"victory":false,"max_hp_per_floor":[60,63,63,63,63,63,63,63,63,63,63,63],"relic_stats":{"counters":[6,21],"War Paint":["FrontalAssault","LightDefense"],"obtain_stats":[{"PageOfLibrarian":0,"MerchantsRug":4,"CogitoBucket":0,"AT_ATBox":0,"infinitespire:Satchel":2,"Baka":1,"LetterFromLob":1,"War Paint":9,"REME_ComplimentaryCards":0},{"PageOfLibrarian":0,"MerchantsRug":3,"CogitoBucket":0,"AT_ATBox":0,"infinitespire:Satchel":2,"Baka":1,"LetterFromLob":1,"War Paint":5,"REME_ComplimentaryCards":0},{"PageOfLibrarian":0,"MerchantsRug":10,"CogitoBucket":0,"AT_ATBox":0,"infinitespire:Satchel":8,"Baka":4,"LetterFromLob":4,"War Paint":17,"REME_ComplimentaryCards":0}]},"card_choices":[{"not_picked":["FleetEdge","GrazeTheGrass","YoureTooSlow","BackAttack","BiAn","HandleRequest","InhaleSmoke","GreatSerpentsImpact","Rewind"],"picked":"SKIP","floor":1},{"not_picked":["Thirst","SweepTheBackstreets","BizarreAttack","RatsGuideToSurvival","Riposte","CumulusWall","ViolentFlame","WillOfThePrescript","ToOvercomeCrisis"],"picked":"SKIP","floor":2},{"not_picked":["SharpSwipe","PreemptiveStrike","MultiBlock","Wallop_lor","WillOfThePrescript","UpbeatPerformance","Commandeering","ForcefulGesture","EnergyCycle"],"picked":"SKIP","floor":3},{"not_picked":["HeavyPeaks","BayonetCombat","AsThePrescriptOrders","FleetFootsteps","FieryWaltz","EnergyBeam","CoordinatedAssault","SnakesPrey","TendonChords"],"picked":"SKIP","floor":7},{"not_picked":["BulkyImpact","DarkCloud","DriedUp","YourShield","StrikeDown","ClassAndRespect","PinpointShot","EnergyStrike","QuickAttack"],"picked":"SKIP","floor":8}],"player_experience":157272,"relics_obtained":[{"floor":1,"key":"Baka"},{"floor":1,"key":"LetterFromLob"},{"floor":2,"key":"infinitespire:Satchel"},{"floor":9,"key":"War Paint"}],"event_choices":[],"is_beta":false,"boss_relics":[],"items_purged_floors":[4],"is_endless":false,"potions_floor_spawned":[1,2,7],"killed_by":"Gremlin Nob","ascension_level":13}}