{"host":"75f7vpxw7p171fvt","time":1614292914,"event":{"mods":["100% Spire Juice","Act Like it!","Arknights","Astrologer","Bard","BaseMod","CapriCore","ChefMod","Clockwork Mod","Communication Mod","Downfall","Duelist Mod","Gensokyo","Gremlin Mod","Jorbs\u0027s Wanderer Trilogy","Minty Spire (QoL Compilation)","Potionbrewer","Reliquary","Robot Space Explorer","Shapeshifter Mod","StS++","StSLib","The Administrix","The Blackbeard","The Dragon Tamer","The Gatherer","The Immortal","The Mystic","The Poker Player"],"gold_per_floor":[99,118,118,133,25,37,37,50,78,78,109,9,184,217,231,336,336,336,349,369,56,56,56,102,2,21,14,51,51,51,51],"floor_reached":29,"language":"ENG","playtime":3248,"items_purged":[],"score":311,"play_id":"68d2dd30-da9f-47b8-a24e-92e6842995db","local_time":"20210225144154","is_ascension_mode":false,"campfire_choices":[{"data":"hexamod:Float","floor":1,"key":"SMITH"},{"data":"hexamod:ForkedFlame","floor":10,"key":"SMITH"},{"floor":12,"key":"REST"},{"floor":18,"key":"RECALL"},{"data":"hexamod:SoulSteal","floor":25,"key":"SMITH"}],"circlet_count":0,"master_deck":["hexamod:Strike","hexamod:Defend","hexamod:Defend","hexamod:Sear","hexamod:Float+1","stsjorbsmod:Withering","hexamod:PhantomFireball","hexamod:Rewind","hexamod:GhostOfSpirePast","hexamod:BacktrackSmack","hexamod:ForkedFlame+1","hexamod:StepThrough","hexamod:FastForward","hexamod:ChargedBarrage","hexamod:ExtraCrispy","hexamod:HeatMetal","hexamod:ParanormalForm+1","Doubt","hexamod:EmpoweredFlame","hexamod:ChargedBarrage","hexamod:FifthSeal","hexamod:FastForward+1","hexamod:ThermalTransfer+1","hexamod:SkipABeat+1","hexamod:SixthSeal","hexamod:NecessarySacrifice","hexamod:SecondSeal","hexamod:GhostOfSpireFuture","hexamod:FourthSeal","hexamod:GhostOfSpireFuture+1","hexamod:TimeWarp","hexamod:FastForward","hexamod:FastForward+1","hexamod:SpectersWail","hexamod:NightmareGuise","hexamod:SoulSteal+1","hexamod:Haunt","hexamod:GhostflameInferno","hexamod:FirstSeal","hexamod:EmpoweredFlame","hexamod:GhostOfSpireFuture"],"relics":["hexamod:SpiritBrand","reliquary:PrincelyHelmet","reliquary:SharkskinSheath","downfall:HeartBlessingGreen","Kunai","Astrolabe","potionbrewer:BoosterPack","Enchiridion","downfall:RedIOU","StSpp:BrokenTotem","downfall:HeartBlessingRed","Dream Catcher"],"acts_visited":["Exordium","TheCity"],"potions_floor_usage":[29,29],"damage_taken":[{"damage":1,"enemies":"Cultist","floor":2,"turns":3},{"damage":2,"enemies":"ats:Genji","floor":4,"turns":4},{"damage":5,"enemies":"downfall:FleeingMerchant","floor":5,"turns":4},{"damage":0,"enemies":"Jaw Worm","floor":6,"turns":2},{"damage":1,"enemies":"Exordium Thugs","floor":8,"turns":4},{"damage":17,"enemies":"Lagavulin","floor":9,"turns":6},{"damage":9,"enemies":"3 Sentries","floor":11,"turns":6},{"damage":13,"enemies":"Lagavulin","floor":14,"turns":5},{"damage":0,"enemies":"Blue Slaver","floor":15,"turns":2},{"damage":16,"enemies":"IC_STATUS_ARCHETYPE","floor":16,"turns":5},{"damage":15,"enemies":"Spheric Guardian","floor":19,"turns":5},{"damage":0,"enemies":"Chosen","floor":20,"turns":4},{"damage":0,"enemies":"downfall:FleeingMerchant","floor":21,"turns":4},{"damage":0,"enemies":"Centurion and Healer","floor":26,"turns":6},{"damage":10,"enemies":"downfall:FleeingMerchant","floor":27,"turns":4},{"damage":26,"enemies":"Slavers","floor":28,"turns":5},{"damage":15,"enemies":"downfall:FleeingMerchant","floor":29,"turns":2}],"seed_played":"8027250025407099599","potions_obtained":[{"floor":2,"key":"GamblersBrew"},{"floor":6,"key":"SteroidPotion"},{"floor":9,"key":"AttackPotion"},{"floor":15,"key":"Fire Potion"},{"floor":20,"key":"CultistPotion"},{"floor":28,"key":"sneckomod:MuddlingPotion"}],"is_trial":false,"path_per_floor":["R","M","?","M","$","M","T","M","E","R","E","R","?","E","M","B",null,"R","M","M","$","?","?","T","R","M","$","E","$"],"character_chosen":"THE_SPIRIT","items_purchased":["hexamod:StepThrough","hexamod:FastForward","hexamod:TimeWarp","hexamod:FastForward","potionbrewer:BoosterPack"],"campfire_rested":1,"item_purchase_floors":[5,5,21,21,21],"current_hp_per_floor":[70,69,74,72,67,67,67,66,49,49,40,62,62,49,49,33,75,75,60,60,60,44,44,44,44,44,41,15,0,0,0],"gold":51,"neow_bonus":"TRANSFORM_TWO_CARDS","is_daily":false,"chose_seed":false,"campfire_upgraded":3,"win_rate":0.0,"timestamp":1614292914,"path_taken":["R","?","?","M","?","M","T","?","E","R","E","R","?","E","M","BOSS","R","M","M","$","?","?","T","R","M","$","E","?"],"items_purchased_type":["Card","Card","Card","Card","Relic"],"build_version":"2020-12-22","purchased_purges":0,"victory":false,"max_hp_per_floor":[70,70,75,75,75,75,75,75,75,75,75,75,75,75,75,75,75,75,75,75,75,75,75,75,75,75,75,75,75,75,75],"card_choices":[{"not_picked":["hexamod:HeatMetal","hexamod:Haunt"],"picked":"hexamod:GhostOfSpirePast","floor":2},{"not_picked":["hexamod:NightmareGuise","hexamod:Firestarter"],"picked":"hexamod:BacktrackSmack","floor":4},{"not_picked":["hexamod:InspiringFlames","hexamod:ExtraCrispy"],"picked":"hexamod:ForkedFlame","floor":5},{"not_picked":["hexamod:InspiringFlames","hexamod:SpectersWail"],"picked":"hexamod:ChargedBarrage","floor":6},{"not_picked":["hexamod:CatchUp","hexamod:FirstSeal"],"picked":"hexamod:ExtraCrispy","floor":8},{"not_picked":["hexamod:AdvancingGuard","hexamod:Firestarter"],"picked":"hexamod:HeatMetal","floor":9},{"not_picked":["hexamod:SpectralAdrenaline","hexamod:NightmareGuise"],"picked":"hexamod:ParanormalForm","floor":11},{"not_picked":["hexamod:BacktrackSmack","hexamod:GhostLash"],"picked":"hexamod:EmpoweredFlame","floor":14},{"not_picked":["hexamod:RainOfEmbers","hexamod:Firestarter"],"picked":"hexamod:ChargedBarrage","floor":15},{"not_picked":["hexamod:UnleashSpirits","hexamod:GhostOfSpirePresent"],"picked":"hexamod:FifthSeal","floor":16},{"not_picked":["hexamod:FourthSeal","hexamod:FirstSeal"],"picked":"hexamod:SixthSeal","floor":19},{"not_picked":["hexamod:CatchUp","hexamod:GhostLash"],"picked":"hexamod:NecessarySacrifice","floor":19},{"not_picked":["hexamod:FourthSeal","hexamod:ThirdSeal"],"picked":"hexamod:SecondSeal","floor":20},{"not_picked":["hexamod:Firestarter","hexamod:NightmareStrike+1"],"picked":"hexamod:GhostOfSpireFuture","floor":20},{"not_picked":["hexamod:SecondSeal","hexamod:SixthSeal"],"picked":"hexamod:FourthSeal","floor":21},{"not_picked":["hexamod:Firestarter","hexamod:NecessarySacrifice"],"picked":"hexamod:GhostOfSpireFuture+1","floor":21},{"not_picked":["hexamod:SixthSeal","hexamod:FourthSeal"],"picked":"hexamod:FirstSeal","floor":26},{"not_picked":["hexamod:CatchUp","hexamod:HeatCrush+1"],"picked":"hexamod:EmpoweredFlame","floor":26},{"not_picked":["hexamod:SpectersWail","hexamod:HauntingEcho+1"],"picked":"hexamod:GhostOfSpireFuture","floor":27},{"not_picked":["hexamod:Hexaguard","hexamod:GhostLash+1","hexamod:SecondSeal"],"picked":"SKIP","floor":28}],"player_experience":54461,"relics_obtained":[{"floor":7,"key":"reliquary:PrincelyHelmet"},{"floor":9,"key":"reliquary:Boomerang"},{"floor":11,"key":"reliquary:SharkskinSheath"},{"floor":14,"key":"Kunai"},{"floor":22,"key":"Enchiridion"},{"floor":24,"key":"StSpp:BrokenTotem"},{"floor":28,"key":"Dream Catcher"}],"event_choices":[{"damage_healed":0,"gold_gain":0,"player_choice":"Donut","damage_taken":0,"max_hp_gain":5,"max_hp_loss":0,"event_name":"Big Fish","floor":3,"gold_loss":0}],"is_beta":false,"boss_relics":[{"not_picked":["reliquary:KinkedSpring","bronze:MakeshiftBattery"],"picked":"Astrolabe"}],"items_purged_floors":[],"is_endless":false,"potions_floor_spawned":[2,6,9,15,19,20,28],"killed_by":"downfall:FleeingMerchant","ascension_level":0}}