{"host":"dn6kke80v5f7isus","time":1614282084,"event":{"mods":["AchievementEnabler","Act Like it!","Bard","BaseMod","Colored Powertips","Custom Start","Defuse TimeMaze Blight","Energized Spire","Gremlin Skip","Highlight Path","Hubris","Infinite Spire","Marisa????????","Marked Mod","Minty Spire (QoL Compilation)","Quick Restart","Rare Cards Sparkle","Reliquary","Replay The Spire","StSLib","The Administrix","The Servant 0.9.4","Uncapped","Unceasing Turn Reminder"],"gold_per_floor":[112,129,129,143,143,143,143],"floor_reached":6,"language":"ENG","playtime":82,"items_purged":[],"score":38,"play_id":"49e7427f-5fe8-4287-8d82-43d68fa79126","local_time":"20210225144124","is_ascension_mode":true,"campfire_choices":[],"circlet_count":0,"master_deck":["bard:Strike","bard:Strike","bard:Strike","bard:Strike","bard:Defend","bard:Defend","bard:Defend","bard:Defend","bard:Riposte","bard:Inspire","bard:Accelerando+1","bard:BestowCurse"],"relics":["bard:PitchPipe","bard:BagPipes","NeowsBlessing","reliquary:SilkGlove"],"acts_visited":["Exordium"],"potions_floor_usage":[6],"damage_taken":[{"damage":0,"enemies":"2 Louse","floor":1,"turns":1},{"damage":0,"enemies":"Cultist","floor":2,"turns":1},{"damage":0,"enemies":"Small Slimes","floor":4,"turns":1},{"damage":0,"enemies":"3 Sentries","floor":6,"turns":1}],"seed_played":"4177336104814458598","potions_obtained":[{"floor":1,"key":"SkillPotion"},{"floor":4,"key":"BlessingOfTheForge"}],"is_trial":false,"path_per_floor":["M","M","?","M","?","E"],"character_chosen":"BARD","items_purchased":[],"campfire_rested":0,"item_purchase_floors":[],"current_hp_per_floor":[70,70,70,70,70,70,70],"gold":143,"neow_bonus":"THREE_ENEMY_KILL","is_daily":false,"chose_seed":false,"campfire_upgraded":0,"win_rate":0.0,"timestamp":1614282084,"path_taken":["M","M","?","?","?","E"],"items_purchased_type":[],"build_version":"2020-12-22","purchased_purges":0,"victory":false,"max_hp_per_floor":[70,70,70,70,70,70,70],"card_choices":[{"not_picked":["bard:LocateObject","bard:LingeringEcho","bard:Shout"],"picked":"SKIP","floor":1},{"not_picked":["bard:BucklerBash","bard:InspiringSong"],"picked":"bard:Accelerando","floor":2},{"not_picked":["bard:BucklerBash","bard:PhantasmalForce"],"picked":"bard:BestowCurse","floor":4}],"player_experience":520214,"relics_obtained":[],"event_choices":[{"damage_healed":0,"gold_gain":0,"player_choice":"Forge","damage_taken":0,"max_hp_gain":0,"max_hp_loss":0,"event_name":"Accursed Blacksmith","floor":3,"gold_loss":0,"cards_upgraded":["bard:Accelerando"]},{"damage_healed":0,"gold_gain":0,"player_choice":"Gave Potion","damage_taken":0,"relics_obtained":["reliquary:SilkGlove"],"max_hp_gain":0,"max_hp_loss":0,"event_name":"WeMeetAgain","floor":5,"gold_loss":0}],"is_beta":false,"boss_relics":[],"items_purged_floors":[],"is_endless":false,"potions_floor_spawned":[1,4],"killed_by":"3 Sentries","ascension_level":1}}