{"host":"adi","time":1614256986,"event":{"mods":["AchievementEnabler","BaseMod","Bestiary","Colored Powertips","Minty Spire (QoL Compilation)","StSLib"],"gold_per_floor":[113,113,125,141,141,151,326,326,400,400,380,393,393,427,440,440,544,544,544,544,544,544,544,544,544,544],"floor_reached":25,"language":"ENG","playtime":518,"items_purged":[],"score":205,"play_id":"5a68c185-eea7-4285-9cc4-85834e8b78e7","local_time":"20210225134306","is_ascension_mode":false,"campfire_choices":[{"data":"Dualcast","floor":8,"key":"SMITH"},{"data":"Loop","floor":13,"key":"SMITH"},{"floor":16,"key":"REST"},{"floor":24,"key":"REST"}],"circlet_count":0,"master_deck":["Strike_B","Strike_B","Strike_B","Strike_B","Defend_B","Defend_B","Defend_B","Defend_B","Zap","Dualcast+1","Loop+1","Loop","Melter","Doubt","Ball Lightning","Coolheaded+1","White Noise+1","Biased Cognition","White Noise+1","Static Discharge"],"relics":["Cracked Core","NeowsBlessing","Sundial","Toxic Egg 2","MealTicket","Ectoplasm","Omamori"],"acts_visited":["Exordium","TheCity"],"potions_floor_usage":[17,17,17],"damage_taken":[{"damage":0,"enemies":"Cultist","floor":1,"turns":1},{"damage":0,"enemies":"2 Louse","floor":3,"turns":1},{"damage":0,"enemies":"Small Slimes","floor":4,"turns":1},{"damage":18,"enemies":"Blue Slaver","floor":6,"turns":5},{"damage":8,"enemies":"Red Slaver","floor":12,"turns":4},{"damage":35,"enemies":"3 Sentries","floor":14,"turns":5},{"damage":11,"enemies":"Large Slime","floor":15,"turns":3},{"damage":7,"enemies":"Hexaghost","floor":17,"turns":7},{"damage":19,"enemies":"Shell Parasite","floor":19,"turns":4},{"damage":0,"enemies":"Spheric Guardian","floor":20,"turns":2},{"damage":24,"enemies":"Centurion and Healer","floor":21,"turns":7},{"damage":29,"enemies":"Snecko","floor":22,"turns":5},{"damage":30,"enemies":"Shelled Parasite and Fungi","floor":25,"turns":4}],"seed_played":"6023244393464702192","potions_obtained":[{"floor":1,"key":"PotionOfCapacity"},{"floor":3,"key":"AttackPotion"},{"floor":11,"key":"LiquidBronze"},{"floor":15,"key":"FocusPotion"},{"floor":17,"key":"FocusPotion"},{"floor":19,"key":"DuplicationPotion"},{"floor":21,"key":"DuplicationPotion"}],"is_trial":false,"path_per_floor":["M","$","M","M","$","M","?","R","T","T","?","M","R","E","M","R","B",null,"M","M","M","M","T","R","M"],"character_chosen":"DEFECT","items_purchased":[],"campfire_rested":2,"item_purchase_floors":[],"current_hp_per_floor":[75,75,75,75,75,57,57,57,57,57,57,49,49,14,3,25,18,75,56,56,32,3,3,25,0,0],"gold":544,"neow_bonus":"THREE_ENEMY_KILL","is_daily":false,"chose_seed":false,"campfire_upgraded":2,"win_rate":0.0,"timestamp":1614256986,"path_taken":["M","$","M","M","$","M","?","R","T","T","?","M","R","E","M","R","BOSS","M","?","?","M","?","R","M"],"items_purchased_type":[],"build_version":"2020-12-18","purchased_purges":0,"victory":false,"max_hp_per_floor":[75,75,75,75,75,75,75,75,75,75,75,75,75,75,75,75,75,75,75,75,75,75,75,75,75,75],"card_choices":[{"not_picked":["Steam","Barrage"],"picked":"Loop","floor":1},{"not_picked":["Consume","Turbo"],"picked":"Loop","floor":3},{"not_picked":["Redo","Lockon","Gash"],"picked":"SKIP","floor":4},{"not_picked":["Beam Cell","Turbo"],"picked":"Melter","floor":6},{"not_picked":["Rebound","Reboot+1"],"picked":"Ball Lightning","floor":12},{"not_picked":["Compile Driver","Scrape"],"picked":"Coolheaded+1","floor":14},{"not_picked":["Compile Driver","Gash"],"picked":"White Noise+1","floor":15},{"not_picked":["Rainbow+1","Creative AI"],"picked":"Biased Cognition","floor":17},{"not_picked":["Glacier+1","Go for the Eyes"],"picked":"White Noise+1","floor":19},{"not_picked":["Reinforced Body+1","Steam+1","Reprogram+1"],"picked":"SKIP","floor":20},{"not_picked":["Hello World","Reprogram+1"],"picked":"Static Discharge","floor":21},{"not_picked":["Gash+1","Streamline","Compile Driver"],"picked":"SKIP","floor":22}],"player_experience":455120,"relics_obtained":[{"floor":9,"key":"Sundial"},{"floor":10,"key":"Toxic Egg 2"},{"floor":14,"key":"MealTicket"},{"floor":23,"key":"Omamori"}],"event_choices":[{"damage_healed":0,"gold_gain":175,"player_choice":"AGREE","damage_taken":0,"max_hp_gain":0,"max_hp_loss":0,"event_name":"Liars Game","floor":7,"gold_loss":0,"cards_obtained":["Doubt"]},{"damage_healed":0,"gold_gain":0,"player_choice":"Bought 1 Potion","damage_taken":0,"max_hp_gain":0,"max_hp_loss":0,"event_name":"The Woman in Blue","floor":11,"gold_loss":0}],"is_beta":true,"boss_relics":[{"not_picked":["Runic Pyramid","Coffee Dripper"],"picked":"Ectoplasm"}],"items_purged_floors":[],"is_endless":false,"potions_floor_spawned":[1,3,12,15,17,19,21],"killed_by":"Shelled Parasite and Fungi","ascension_level":0}}