{"host":"np4f5reu8f2vit8r","time":1614220132,"event":{"mods":["BaseMod","Bestiary","Curses Come First","Minty Spire (QoL Compilation)","Permanent Neow","Relic Stats","StSLib"],"gold_per_floor":[114,125,50,60,79,110,110,110,110,144,144,48,48,68,68,68,68],"floor_reached":16,"language":"ENG","playtime":443,"items_purged":["Strike_G"],"score":220,"play_id":"8e4da2c5-b76e-4a23-bab3-ff4ee501f458","local_time":"20210225152852","is_ascension_mode":true,"campfire_choices":[{"floor":7.0,"key":"REST"},{"data":"Skewer","floor":11.0,"key":"SMITH"},{"floor":15,"key":"REST"}],"circlet_count":0,"master_deck":["AscendersBane","Strike_G","Strike_G","Strike_G","Strike_G","Defend_G","Defend_G","Defend_G","Defend_G","Defend_G","Survivor","Neutralize","Backstab","Skewer+1","Blade Dance","Poisoned Stab","Footwork+1","Terror","Poisoned Stab"],"relics":["Ring of the Snake","Torii","Potion Belt","Frozen Egg 2","Pear","Sundial"],"acts_visited":["Exordium"],"potions_floor_usage":[16],"damage_taken":[{"damage":7.0,"enemies":"Small Slimes","floor":1.0,"turns":5.0},{"damage":0.0,"enemies":"2 Louse","floor":2.0,"turns":3.0},{"damage":0.0,"enemies":"Cultist","floor":4.0,"turns":3.0},{"damage":1.0,"enemies":"Lots of Slimes","floor":5.0,"turns":4.0},{"damage":47.0,"enemies":"Lagavulin","floor":6.0,"turns":9.0},{"damage":31.0,"enemies":"Gremlin Nob","floor":10.0,"turns":5.0},{"damage":6,"enemies":"Looter","floor":14,"turns":2},{"damage":27,"enemies":"Slime Boss","floor":16,"turns":7}],"seed_played":"-8265164838466757517","potions_obtained":[{"floor":1.0,"key":"Block Potion"},{"floor":4.0,"key":"AttackPotion"},{"floor":6.0,"key":"GhostInAJar"}],"is_trial":false,"path_per_floor":["M","M","$","M","M","E","R","?","T","E","R","$","?","M","R","B"],"character_chosen":"THE_SILENT","items_purchased":["Terror","Strength Potion"],"campfire_rested":2,"item_purchase_floors":[12,12],"current_hp_per_floor":[52,52,52,52,51,4,22,42,42,21,21,21,10,4,25,0,0],"gold":68,"neow_bonus":"ONE_RARE_RELIC","is_daily":false,"chose_seed":false,"campfire_upgraded":1,"win_rate":0.0,"timestamp":1614220132,"path_taken":["M","M","$","M","M","E","R","?","T","E","R","$","?","M","R","BOSS"],"items_purchased_type":["Card","Potion"],"build_version":"2020-12-22","purchased_purges":1,"victory":false,"max_hp_per_floor":[60,60,60,60,60,60,60,60,60,70,70,70,70,70,70,70,70],"relic_stats":{"Torii":6,"counters":[8,38],"Sundial":[0],"obtain_stats":[{"Potion Belt":6,"Pear":10,"Torii":0,"Sundial":13,"Frozen Egg 2":9,"Ring of the Snake":0},{"Potion Belt":5,"Pear":6,"Torii":0,"Sundial":6,"Frozen Egg 2":5,"Ring of the Snake":0},{"Potion Belt":24,"Pear":29,"Torii":0,"Sundial":29,"Frozen Egg 2":24,"Ring of the Snake":0}],"Ring of the Snake":[16]},"card_choices":[{"not_picked":["Reflex","Concentrate"],"picked":"Backstab","floor":1.0},{"not_picked":["PiercingWail","Expertise"],"picked":"Skewer","floor":2.0},{"not_picked":["Dagger Spray","Prepared"],"picked":"Blade Dance","floor":4.0},{"not_picked":["Acrobatics","Expertise","Prepared"],"picked":"SKIP","floor":5.0},{"not_picked":["Caltrops","Concentrate"],"picked":"Poisoned Stab","floor":6.0},{"not_picked":["Night Terror","Deadly Poison"],"picked":"Footwork+1","floor":10.0},{"not_picked":["Quick Slash","Unload"],"picked":"Poisoned Stab","floor":14}],"player_experience":978183,"relics_obtained":[{"floor":6.0,"key":"Potion Belt"},{"floor":9.0,"key":"Frozen Egg 2"},{"floor":10.0,"key":"Pear"}],"event_choices":[{"damage_healed":20.0,"max_hp_gain":0.0,"max_hp_loss":0.0,"gold_gain":0.0,"event_name":"Big Fish","player_choice":"Banana","floor":8.0,"gold_loss":0.0,"damage_taken":0.0},{"damage_healed":0.0,"max_hp_gain":0.0,"max_hp_loss":0.0,"gold_gain":0.0,"event_name":"Scrap Ooze","player_choice":"Success","floor":13.0,"gold_loss":0.0,"damage_taken":11.0,"relics_obtained":["Sundial"]}],"is_beta":false,"boss_relics":[],"items_purged_floors":[3],"is_endless":false,"potions_floor_spawned":[1,4,6],"killed_by":"Slime Boss","ascension_level":20}}