{"host":"fea6kdxvty5fzy91","time":1614223072,"event":{"mods":["A Magickal Journey","AchievementEnabler","BaseMod","Better Third Choice","Colored Map","Colored Powertips","Custom Start","DeckTracker","Googly Eyes","Highlight Path","Minty Spire (QoL Compilation)","Quick Restart","Rare Cards Sparkle","StSLib","The IronCluck","everything is the same but u backflip on backflip","slay the spire mod where everything is the same but ironclad has a cowboy hat"],"gold_per_floor":[114,126,139,158,177,177,177,177],"floor_reached":7,"language":"ENG","playtime":426,"items_purged":[],"score":45,"play_id":"2ccfe3b5-dace-4830-9e19-d35e0a50f0f1","local_time":"20210224201752","is_ascension_mode":false,"campfire_choices":[{"data":"LessonLearned","floor":6,"key":"SMITH"}],"circlet_count":0,"master_deck":["Strike_P","Strike_P","Strike_P","Strike_P","Defend_P","Defend_P+1","Defend_P","Defend_P","Eruption","Vigilance","ClearTheMind","MentalFortress","LessonLearned+1","Crescendo"],"relics":["PureWater","NeowsBlessing"],"acts_visited":["Exordium"],"potions_floor_usage":[5],"damage_taken":[{"damage":0,"enemies":"2 Louse","floor":1,"turns":1},{"damage":0,"enemies":"Small Slimes","floor":2,"turns":1},{"damage":0,"enemies":"Jaw Worm","floor":3,"turns":1},{"damage":6,"enemies":"Blue Slaver","floor":4,"turns":5},{"damage":12,"enemies":"Lots of Slimes","floor":5,"turns":6},{"damage":54,"enemies":"Lagavulin","floor":7,"turns":13}],"seed_played":"3579887964738487644","potions_obtained":[{"floor":1,"key":"Block Potion"},{"floor":2,"key":"BlessingOfTheForge"},{"floor":3,"key":"Dexterity Potion"}],"is_trial":false,"path_per_floor":["M","M","M","M","M","R","E"],"character_chosen":"WATCHER","items_purchased":[],"campfire_rested":0,"item_purchase_floors":[],"current_hp_per_floor":[72,72,72,66,54,54,0,0],"gold":177,"neow_bonus":"THREE_ENEMY_KILL","is_daily":false,"chose_seed":false,"campfire_upgraded":1,"win_rate":0.0,"timestamp":1614223072,"path_taken":["M","M","M","M","M","R","E"],"items_purchased_type":[],"build_version":"2020-12-22","purchased_purges":0,"victory":false,"max_hp_per_floor":[72,72,72,72,72,72,72,72],"card_choices":[{"not_picked":["DeceiveReality","Halt","Prostrate"],"picked":"SKIP","floor":1},{"not_picked":["Consecrate","CrushJoints"],"picked":"ClearTheMind","floor":2},{"not_picked":["Consecrate","Fasting2"],"picked":"MentalFortress","floor":3},{"not_picked":["SashWhip","Halt"],"picked":"LessonLearned","floor":4},{"not_picked":["Evaluate","EmptyFist"],"picked":"Crescendo","floor":5}],"player_experience":291008,"relics_obtained":[],"event_choices":[],"is_beta":false,"boss_relics":[],"items_purged_floors":[],"is_endless":false,"potions_floor_spawned":[1,2,3],"killed_by":"Lagavulin","ascension_level":0}}