{"host":"qgrlfjrqk9z96gfi","time":1614230670,"event":{"mods":["BaseMod","Block Reminder","Colored Map","Custom Start","DeckTracker","Minty Spire (QoL Compilation)"],"gold_per_floor":[15,30,30,48,67,78,113,113,138,166,176,207,207,224,224,301,301,321,371,53,70,14,40,59,59,86,86,136,150,164,191,191,191,191],"floor_reached":33,"language":"ENG","playtime":1170,"items_purged":["Strike_G"],"score":718,"play_id":"eaba06b8-632b-4861-8d47-a43070ae3177","local_time":"20210224192430","is_ascension_mode":true,"campfire_choices":[{"floor":8,"key":"REST"},{"data":"Footwork","floor":13,"key":"SMITH"},{"floor":15,"key":"REST"},{"floor":25,"key":"REST"},{"floor":27,"key":"REST"},{"floor":32,"key":"REST"}],"circlet_count":0,"master_deck":["AscendersBane","Strike_G","Strike_G","Strike_G","Strike_G","Defend_G","Defend_G+1","Defend_G","Defend_G","Defend_G","Survivor+1","Neutralize","Predator+1","Dagger Throw","PiercingWail","Backstab","Glass Knife","Tactician","Dagger Spray","Footwork+1","Footwork","Blade Dance","Phantasmal Killer","Terror","Blade Dance","Backstab","Distraction+1","Cloak And Dagger+1","Dodge and Roll","Finisher","Blur+1"],"relics":["Ring of the Serpent","Mango","Dream Catcher","Bag of Marbles","Happy Flower","War Paint","Pen Nib","MealTicket","Omamori","Juzu Bracelet"],"acts_visited":["Exordium","TheCity"],"potions_floor_usage":[7,10,12,21,23,29],"damage_taken":[{"damage":12,"enemies":"Small Slimes","floor":1,"turns":5},{"damage":2,"enemies":"2 Louse","floor":2,"turns":3},{"damage":0,"enemies":"Cultist","floor":4,"turns":3},{"damage":0,"enemies":"Looter","floor":5,"turns":4},{"damage":1,"enemies":"Blue Slaver","floor":6,"turns":7},{"damage":6,"enemies":"Gremlin Nob","floor":7,"turns":3},{"damage":17,"enemies":"Lagavulin","floor":10,"turns":4},{"damage":6,"enemies":"Exordium Thugs","floor":11,"turns":3},{"damage":8,"enemies":"Gremlin Nob","floor":12,"turns":3},{"damage":0,"enemies":"2 Fungi Beasts","floor":14,"turns":2},{"damage":49,"enemies":"Slime Boss","floor":16,"turns":14},{"damage":15,"enemies":"Shell Parasite","floor":18,"turns":2},{"damage":22,"enemies":"3 Byrds","floor":21,"turns":5},{"damage":0,"enemies":"Gremlin Leader","floor":23,"turns":4},{"damage":18,"enemies":"Cultist and Chosen","floor":24,"turns":8},{"damage":0,"enemies":"Snake Plant","floor":29,"turns":2},{"damage":0,"enemies":"Snecko","floor":30,"turns":2},{"damage":40,"enemies":"Slavers","floor":31,"turns":7},{"damage":52,"enemies":"Automaton","floor":33,"turns":6}],"seed_played":"2662980947891164743","potions_obtained":[{"floor":1,"key":"Strength Potion"},{"floor":2,"key":"PowerPotion"},{"floor":7,"key":"BlessingOfTheForge"},{"floor":16,"key":"Explosive Potion"},{"floor":21,"key":"PowerPotion"},{"floor":24,"key":"Energy Potion"},{"floor":30,"key":"SpeedPotion"}],"is_trial":false,"path_per_floor":["M","M","?","M","M","M","E","R","T","E","M","E","R","M","R","B",null,"M","?","$","M","$","E","M","R","T","R","?","M","M","E","R","B"],"character_chosen":"THE_SILENT","items_purchased":["Terror","Pen Nib","Blade Dance"],"campfire_rested":5,"item_purchase_floors":[20,20,22],"current_hp_per_floor":[61,59,59,59,59,58,52,76,76,59,53,45,45,45,69,20,65,50,50,50,28,28,28,10,34,34,58,50,50,50,10,34,0,0],"gold":191,"neow_bonus":"ONE_RARE_RELIC","is_daily":false,"chose_seed":false,"campfire_upgraded":1,"win_rate":0.0,"timestamp":1614230670,"path_taken":["M","M","?","M","M","M","E","R","T","E","M","E","R","M","R","BOSS","M","?","$","M","$","E","M","R","T","R","?","?","M","E","R","BOSS"],"items_purchased_type":["Card","Relic","Card"],"build_version":"2020-12-22","purchased_purges":1,"victory":false,"max_hp_per_floor":[80,80,80,80,80,80,80,80,80,80,80,80,80,80,80,80,80,80,80,80,80,80,80,80,80,80,80,80,80,80,80,80,80,80],"card_choices":[{"not_picked":["Masterful Stab","Outmaneuver"],"picked":"Predator","floor":1},{"not_picked":["Noxious Fumes","Bane"],"picked":"Dagger Throw","floor":2},{"not_picked":["Caltrops","Outmaneuver"],"picked":"PiercingWail","floor":4},{"not_picked":["Finisher","Cloak And Dagger"],"picked":"Backstab","floor":5},{"not_picked":["Backstab","Dash"],"picked":"Glass Knife","floor":6},{"not_picked":["Endless Agony","Masterful Stab"],"picked":"Tactician","floor":7},{"not_picked":["Cloak And Dagger","Dagger Throw"],"picked":"Dagger Spray","floor":8},{"not_picked":["Sucker Punch","Backflip"],"picked":"Footwork","floor":10},{"not_picked":["Dagger Spray","Flying Knee","Deadly Poison"],"picked":"SKIP","floor":11},{"not_picked":["Outmaneuver","Concentrate"],"picked":"Footwork","floor":12},{"not_picked":["Accuracy","Dagger Throw"],"picked":"Blade Dance","floor":14},{"not_picked":["Storm of Steel","Grand Finale"],"picked":"Phantasmal Killer","floor":16},{"not_picked":["Bouncing Flask","Accuracy","Infinite Blades"],"picked":"SKIP","floor":18},{"not_picked":["Quick Slash","Flying Knee","Choke"],"picked":"SKIP","floor":21},{"not_picked":["A Thousand Cuts","Skewer"],"picked":"Backstab","floor":23},{"not_picked":["Dodge and Roll","Blade Dance"],"picked":"Distraction+1","floor":24},{"not_picked":["Caltrops","Acrobatics+1"],"picked":"Cloak And Dagger+1","floor":25},{"not_picked":["Choke","Blade Dance"],"picked":"Dodge and Roll","floor":29},{"not_picked":["Accuracy","Dodge and Roll","Deadly Poison"],"picked":"SKIP","floor":30},{"not_picked":["Expertise+1","Slice"],"picked":"Finisher","floor":31},{"not_picked":["Underhanded Strike+1","Dagger Throw+1"],"picked":"Blur+1","floor":32}],"player_experience":1191327,"relics_obtained":[{"floor":7,"key":"Dream Catcher"},{"floor":9,"key":"Bag of Marbles"},{"floor":10,"key":"Happy Flower"},{"floor":12,"key":"War Paint"},{"floor":23,"key":"MealTicket"},{"floor":26,"key":"Omamori"},{"floor":31,"key":"Juzu Bracelet"}],"event_choices":[{"damage_healed":0,"gold_gain":0,"player_choice":"Grow","damage_taken":0,"max_hp_gain":0,"max_hp_loss":0,"event_name":"Living Wall","floor":3,"gold_loss":0,"cards_upgraded":["Predator"]},{"damage_healed":0,"gold_gain":50,"player_choice":"Stole From Cult","damage_taken":0,"max_hp_gain":0,"max_hp_loss":0,"event_name":"Nest","floor":19,"gold_loss":0},{"damage_healed":0,"gold_gain":50,"player_choice":"Touch","damage_taken":8,"max_hp_gain":0,"max_hp_loss":0,"event_name":"FaceTrader","floor":28,"gold_loss":0}],"is_beta":false,"boss_relics":[{"not_picked":["Tiny House","Runic Dome"],"picked":"Ring of the Serpent"}],"items_purged_floors":[20],"is_endless":false,"potions_floor_spawned":[1,2,7,16,21,24,30],"killed_by":"Automaton","ascension_level":20}}