{"host":"krw8blyxua7at9ak","time":1614277796,"event":{"mods":["BaseMod","Highlight Path","Minty Spire (QoL Compilation)","ojb\u0027s Info Mod"],"gold_per_floor":[111,128,2,2,28,28,58,74,74,74,89,89,89],"floor_reached":12,"language":"ENG","playtime":346,"items_purged":["Defend_G"],"score":156,"play_id":"30731520-c387-4a57-9afa-a966d516466a","local_time":"20210225192956","is_ascension_mode":true,"campfire_choices":[{"data":"Dagger Spray","floor":6,"key":"SMITH"}],"circlet_count":0,"master_deck":["AscendersBane","Strike_G","Strike_G","Strike_G+1","Defend_G","Defend_G","Defend_G","Survivor","Neutralize","Burst","Finisher","Dagger Spray+1","Dagger Spray+1","Grand Finale","Backstab"],"relics":["Ring of the Snake","Toy Ornithopter","Question Card"],"acts_visited":["Exordium"],"potions_floor_usage":[7,12],"damage_taken":[{"damage":0,"enemies":"Cultist","floor":1,"turns":4},{"damage":0,"enemies":"2 Louse","floor":2,"turns":2},{"damage":10,"enemies":"3 Sentries","floor":7,"turns":5},{"damage":2,"enemies":"Jaw Worm","floor":8,"turns":5},{"damage":0,"enemies":"Large Slime","floor":11,"turns":4},{"damage":22,"enemies":"Lagavulin","floor":12,"turns":6}],"seed_played":"5309861582945982354","potions_obtained":[{"floor":2,"key":"SpeedPotion"},{"floor":8,"key":"Block Potion"}],"is_trial":false,"path_per_floor":["M","M","$","?","T","R","E","M","T","?","M","E"],"character_chosen":"THE_SILENT","items_purchased":["Dagger Spray"],"campfire_rested":0,"item_purchase_floors":[3],"current_hp_per_floor":[44,44,44,37,37,37,27,25,25,5,5,0,0],"gold":89,"neow_bonus":"TRANSFORM_TWO_CARDS","is_daily":false,"chose_seed":false,"campfire_upgraded":1,"win_rate":0.0,"timestamp":1614277796,"path_taken":["M","M","?","?","?","R","E","M","T","?","M","E"],"items_purchased_type":["Card"],"build_version":"2020-12-22","purchased_purges":1,"victory":false,"max_hp_per_floor":[66,66,66,66,66,66,66,66,66,66,66,66,66],"card_choices":[{"not_picked":["Acrobatics","Heel Hook","Prepared"],"picked":"SKIP","floor":1},{"not_picked":["Blur","Sucker Punch"],"picked":"Dagger Spray","floor":2},{"not_picked":["Quick Slash","Distraction"],"picked":"Grand Finale","floor":7},{"not_picked":["Blade Dance","Backflip"],"picked":"Backstab","floor":8},{"not_picked":["Dagger Spray","Finisher","Prepared","Deflect"],"picked":"SKIP","floor":11}],"player_experience":422017,"relics_obtained":[{"floor":7,"key":"Toy Ornithopter"},{"floor":9,"key":"Question Card"}],"event_choices":[{"cards_removed":["Strike_G"],"damage_healed":0,"gold_gain":0,"player_choice":"Card Removal","damage_taken":7,"max_hp_gain":0,"max_hp_loss":0,"event_name":"Golden Wing","floor":4,"gold_loss":0},{"damage_healed":0,"gold_gain":0,"player_choice":"Entered Light","damage_taken":20,"max_hp_gain":0,"max_hp_loss":0,"event_name":"Shining Light","floor":10,"gold_loss":0,"cards_upgraded":["Dagger Spray","Strike_G"]}],"is_beta":false,"boss_relics":[],"items_purged_floors":[3],"is_endless":false,"potions_floor_spawned":[2,8],"killed_by":"Lagavulin","ascension_level":20}}