{"host":"n3yraofadl2d9nwo","time":1614287414,"event":{"mods":["BaseMod","Friendly Minions","Marisa????????","Minty Spire (QoL Compilation)","StSLib","The Animator"],"gold_per_floor":[118,148,163,180,91,103,103,141,164,164,194,207,273,291,291,391,391],"floor_reached":16,"language":"ENG","playtime":1710,"items_purged":[],"score":164,"play_id":"2de8dd9e-397c-43f4-9f4f-a85b4de3bf10","local_time":"20210225221014","is_ascension_mode":false,"campfire_choices":[{"data":"animator:Berserker","floor":10.0,"key":"SMITH"},{"floor":15,"key":"REST"}],"circlet_count":0,"master_deck":["animator:Strike_Fate","animator:Defend_Fate","animator:Alexander+1","animator:Rider","animator:OrikoMikuni","animator:Witch","animator:Mikaela","animator:Strike_NoGameNoLife","animator:Strike_GATE+1","animator:Strike_Katanagatari","animator:Defend_MadokaMagica+1","animator:Defend_GATE","animator:Defend_NoGameNoLife+1","animator:Kaijin","animator:Berserker+1","animator:Rider","animator:ZankiKiguchi","animator:TukaLunaMarceau","animator:Kuribayashi"],"relics":["animator:LivingPicture","animator:TheMissingPiece","animator:PurgingStone","War Paint","Matryoshka","Dream Catcher","White Beast Statue"],"acts_visited":["Exordium"],"potions_floor_usage":[],"damage_taken":[{"damage":0.0,"enemies":"Small Slimes","floor":1.0,"turns":4.0},{"damage":4.0,"enemies":"Jaw Worm","floor":2.0,"turns":8.0},{"damage":1.0,"enemies":"Cultist","floor":3.0,"turns":5.0},{"damage":1.0,"enemies":"3 Louse","floor":4.0,"turns":2.0},{"damage":0.0,"enemies":"Lots of Slimes","floor":6.0,"turns":2.0},{"damage":20.0,"enemies":"Lagavulin","floor":8.0,"turns":8.0},{"damage":15.0,"enemies":"3 Sentries","floor":11.0,"turns":8.0},{"damage":3,"enemies":"Red Slaver","floor":12,"turns":8},{"damage":0,"enemies":"Large Slime","floor":14,"turns":5},{"damage":30,"enemies":"The Guardian","floor":16,"turns":12}],"seed_played":"3695752873726272163","potions_obtained":[{"floor":3.0,"key":"Block Potion"},{"floor":6.0,"key":"PowerPotion"}],"is_trial":false,"path_per_floor":["M","M","M","M","?","M","?","E","T","R","E","M","?","M","R","B"],"character_chosen":"THE_ANIMATOR","items_purchased":[],"campfire_rested":1,"item_purchase_floors":[],"current_hp_per_floor":[66,62,61,60,60,60,60,40,40,40,25,22,22,22,41,11,11],"gold":391,"neow_bonus":"RANDOM_COMMON_RELIC","is_daily":false,"chose_seed":false,"campfire_upgraded":1,"win_rate":0.0,"timestamp":1614287414,"path_taken":["M","M","M","M","?","M","?","E","T","R","E","M","?","M","R","BOSS"],"items_purchased_type":[],"build_version":"2020-12-22","purchased_purges":0,"victory":false,"max_hp_per_floor":[66,66,66,66,66,66,66,66,66,66,66,66,66,66,66,66,66],"card_choices":[{"not_picked":["animator:Yoichi","animator:TukaLunaMarceau"],"picked":"animator:OrikoMikuni","floor":1.0},{"not_picked":["animator:ElricAlphonse","animator:Ciel"],"picked":"animator:Witch","floor":2.0},{"not_picked":["animator:Verdia","animator:Emonzaemon"],"picked":"animator:Mikaela","floor":3.0},{"not_picked":["animator:Kuribayashi","animator:Tyuule"],"picked":"animator:Kaijin","floor":6.0},{"not_picked":["animator:ChaikaTrabant","animator:Rider"],"picked":"animator:Berserker","floor":8.0},{"not_picked":["animator:NarberalGamma","animator:Raven"],"picked":"animator:Rider","floor":11},{"not_picked":["animator:Hitei","animator:Shichika"],"picked":"animator:ZankiKiguchi","floor":12},{"not_picked":["animator:Shigure","animator:WinryRockbell"],"picked":"animator:TukaLunaMarceau","floor":14},{"not_picked":["animator:SakuraMatou","animator:AcuraAkari"],"picked":"animator:Kuribayashi","floor":15}],"player_experience":870340,"relics_obtained":[{"floor":8.0,"key":"Matryoshka"},{"floor":9.0,"key":"Dream Catcher"},{"floor":11,"key":"White Beast Statue"}],"event_choices":[{"damage_healed":0.0,"max_hp_gain":0.0,"max_hp_loss":0.0,"gold_gain":0.0,"event_name":"Living Wall","player_choice":"Grow","floor":7.0,"gold_loss":0.0,"damage_taken":0.0,"cards_upgraded":["animator:Alexander"]},{"damage_healed":0,"gold_gain":66,"player_choice":"Gained Gold","damage_taken":0,"max_hp_gain":0,"max_hp_loss":0,"event_name":"Golden Wing","floor":13,"gold_loss":0}],"is_beta":false,"boss_relics":[],"items_purged_floors":[],"is_endless":false,"potions_floor_spawned":[3,6,12,14,16],"killed_by":"The Guardian","ascension_level":0}}