{"host":"7j2n82b2zha9fuyn","time":1614216811,"event":{"mods":["BaseMod","Block Reminder","Minty Spire (QoL Compilation)","StSLib"],"gold_per_floor":[118,134,149,161,178,206,34,47,47,74,94,94,94],"floor_reached":12,"language":"ENG","playtime":718,"items_purged":[],"score":168,"play_id":"1c5b16c3-8a6e-4660-952c-611d60bcb435","local_time":"20210224183331","is_ascension_mode":true,"campfire_choices":[],"circlet_count":0,"master_deck":["AscendersBane","Strike_P","Strike_P","Strike_P","Strike_P","Defend_P","Defend_P","Defend_P","Defend_P","Eruption","Vigilance","CutThroughFate","Wallop","FollowUp","ClearTheMind","Swivel","Blasphemy","Fasting2"],"relics":["Snecko Eye","Akabeko","Bag of Marbles","Gremlin Horn","Orichalcum"],"acts_visited":["Exordium"],"potions_floor_usage":[6],"damage_taken":[{"damage":0,"enemies":"Cultist","floor":1,"turns":2},{"damage":0,"enemies":"2 Louse","floor":2,"turns":3},{"damage":0,"enemies":"Small Slimes","floor":3,"turns":2},{"damage":0,"enemies":"Blue Slaver","floor":4,"turns":2},{"damage":3,"enemies":"3 Louse","floor":5,"turns":2},{"damage":34,"enemies":"Gremlin Nob","floor":6,"turns":5},{"damage":0,"enemies":"Large Slime","floor":8,"turns":3},{"damage":0,"enemies":"2 Fungi Beasts","floor":11,"turns":1},{"damage":48,"enemies":"Lagavulin","floor":12,"turns":3}],"seed_played":"-1533644746952577329","potions_obtained":[{"floor":3,"key":"Block Potion"},{"floor":6,"key":"Block Potion"},{"floor":8,"key":"Explosive Potion"}],"is_trial":false,"path_per_floor":["M","M","M","M","M","E","$","M","T","T","M","E"],"character_chosen":"WATCHER","items_purchased":["Bag of Marbles"],"campfire_rested":0,"item_purchase_floors":[7],"current_hp_per_floor":[61,61,61,61,58,24,24,24,24,24,24,0,0],"gold":94,"neow_bonus":"BOSS_RELIC","is_daily":false,"chose_seed":false,"campfire_upgraded":0,"win_rate":0.0,"timestamp":1614216811,"path_taken":["M","M","M","M","M","E","$","?","T","?","M","E"],"items_purchased_type":["Relic"],"build_version":"2020-12-22","purchased_purges":0,"victory":false,"max_hp_per_floor":[68,68,68,68,68,68,68,68,68,68,68,68,68],"card_choices":[{"not_picked":["Halt","SignatureMove"],"picked":"CutThroughFate","floor":1},{"not_picked":["FollowUp","Consecrate"],"picked":"Wallop","floor":2},{"not_picked":["PathToVictory","WaveOfTheHand"],"picked":"FollowUp","floor":3},{"not_picked":["Prostrate","JustLucky"],"picked":"ClearTheMind","floor":4},{"not_picked":["FlyingSleeves","CutThroughFate"],"picked":"Swivel","floor":5},{"not_picked":["EmptyFist","Prostrate"],"picked":"Blasphemy","floor":6},{"not_picked":["CrushJoints","Consecrate"],"picked":"Fasting2","floor":8},{"not_picked":["Fasting2","WindmillStrike","SashWhip"],"picked":"SKIP","floor":11}],"player_experience":2103308,"relics_obtained":[{"floor":6,"key":"Akabeko"},{"floor":9,"key":"Gremlin Horn"},{"floor":10,"key":"Orichalcum"}],"event_choices":[],"is_beta":false,"boss_relics":[],"items_purged_floors":[],"is_endless":false,"potions_floor_spawned":[3,6,8],"killed_by":"Lagavulin","ascension_level":20}}