{"host":"5tzvto3beate6p8b","time":1614255912,"event":{"mods":["BaseMod","Colored Map","DeckTracker","Minty Spire (QoL Compilation)","Relic Stats","StSLib","SuperFastMode"],"gold_per_floor":[112,127,146,146,5,5,44,44,67,67,86,109,136,171,171,254,335,360,250,165,47,68,68,95,95,119,158,185,294,373,417,417,417,417],"floor_reached":33,"language":"JPN","playtime":1349,"items_purged":["Underhanded Strike"],"score":590,"play_id":"b04c8aeb-75f4-41f6-9d9c-3f77cab973a0","local_time":"20210225212512","is_ascension_mode":true,"campfire_choices":[{"data":"Backstab","floor":6,"key":"SMITH"},{"data":"Noxious Fumes","floor":8,"key":"SMITH"},{"data":"Deadly Poison","floor":10,"key":"SMITH"},{"data":"Caltrops","floor":15,"key":"SMITH"},{"data":"Neutralize","floor":23,"key":"SMITH"},{"data":"Die Die Die","floor":25,"key":"SMITH"},{"floor":32,"key":"REST"}],"circlet_count":0,"master_deck":["AscendersBane","Survivor","Neutralize+1","Noxious Fumes+1","Backstab+1","Masterful Stab","Well Laid Plans","Deadly Poison+1","Crippling Poison","Caltrops+1","Bane","Glass Knife","Die Die Die+1","Catalyst","Sucker Punch","Flying Knee","Outmaneuver","Noxious Fumes","Outmaneuver","Unload","Poisoned Stab","Dash","Heel Hook","Backflip+1","Backstab","Catalyst","Backflip","PiercingWail","Dash+1","Dodge and Roll+1","Noxious Fumes","Footwork","PiercingWail","Die Die Die"],"relics":["Ring of the Snake","Oddly Smooth Stone","CeramicFish","Bronze Scales","HornCleat","Pandora\u0027s Box","Bag of Preparation","Orrery","Boot","Bag of Marbles","Shovel","Matryoshka","Blue Candle","Question Card","PreservedInsect"],"acts_visited":["Exordium","TheCity"],"potions_floor_usage":[7,14,18,28,29,31],"damage_taken":[{"damage":0,"enemies":"Jaw Worm","floor":1,"turns":8},{"damage":2,"enemies":"2 Louse","floor":2,"turns":3},{"damage":2,"enemies":"Small Slimes","floor":3,"turns":3},{"damage":5,"enemies":"Lagavulin","floor":7,"turns":9},{"damage":0,"enemies":"Exordium Wildlife","floor":11,"turns":3},{"damage":0,"enemies":"Looter","floor":12,"turns":2},{"damage":4,"enemies":"3 Louse","floor":13,"turns":2},{"damage":10,"enemies":"3 Sentries","floor":14,"turns":6},{"damage":10,"enemies":"Hexaghost","floor":16,"turns":7},{"damage":11,"enemies":"2 Thieves","floor":18,"turns":2},{"damage":0,"enemies":"3 Byrds","floor":22,"turns":2},{"damage":4,"enemies":"Shelled Parasite and Fungi","floor":24,"turns":4},{"damage":20,"enemies":"Book of Stabbing","floor":27,"turns":4},{"damage":0,"enemies":"Snecko","floor":28,"turns":3},{"damage":0,"enemies":"Colosseum Slavers","floor":29,"turns":2},{"damage":0,"enemies":"Colosseum Nobs","floor":29,"turns":3},{"damage":4,"enemies":"Gremlin Leader","floor":31,"turns":5},{"damage":60,"enemies":"Automaton","floor":33,"turns":6}],"seed_played":"4768422092444457931","potions_obtained":[{"floor":1,"key":"EssenceOfSteel"},{"floor":2,"key":"SpeedPotion"},{"floor":13,"key":"CunningPotion"},{"floor":14,"key":"LiquidMemories"},{"floor":27,"key":"Explosive Potion"},{"floor":28,"key":"AttackPotion"},{"floor":29,"key":"CunningPotion"}],"is_trial":false,"path_per_floor":["M","M","M","?","$","R","E","R","T","R","M","M","M","E","R","B",null,"M","$","?","$","M","R","M","R","T","E","M","?","T","E","R","B"],"character_chosen":"THE_SILENT","items_purchased":["Well Laid Plans","Fire Potion","Heel Hook","Orrery"],"campfire_rested":1,"item_purchase_floors":[5,5,19,21],"current_hp_per_floor":[59,57,55,48,48,48,43,43,43,43,43,43,39,29,29,19,54,43,43,43,43,43,43,39,39,39,19,19,19,19,15,34,0,0],"gold":417,"neow_bonus":"RANDOM_COMMON_RELIC","is_daily":false,"chose_seed":false,"campfire_upgraded":6,"win_rate":0.0,"timestamp":1614255912,"path_taken":["M","M","M","?","$","R","E","R","T","R","M","M","M","E","R","BOSS","M","$","?","$","M","R","M","R","T","E","M","?","?","E","R","BOSS"],"items_purchased_type":["Card","Potion","Card","Relic"],"build_version":"2020-12-22","purchased_purges":1,"victory":false,"max_hp_per_floor":[66,66,66,66,66,66,66,66,66,66,66,66,66,66,66,66,66,66,66,66,66,66,66,66,66,66,66,66,66,66,66,66,66,66],"relic_stats":{"Shovel":0,"counters":[18,74],"CeramicFish":252,"Bronze Scales":[149],"Blue Candle":[0],"Pandora\u0027s Box":["Catalyst","Sucker Punch","Flying Knee","Outmaneuver","Noxious Fumes","Outmaneuver","Underhanded Strike","Unload","Poisoned Stab"],"PreservedInsect":0,"Bag of Preparation":[16],"Boot":[5],"Question Card":1,"obtain_stats":[{"CeramicFish":7,"Blue Candle":30,"Oddly Smooth Stone":0,"PreservedInsect":31,"Bag of Preparation":20,"Boot":26,"Question Card":30,"HornCleat":14,"Shovel":29,"Matryoshka":29,"Bronze Scales":9,"Orrery":21,"Pandora\u0027s Box":17,"Bag of Marbles":27,"Ring of the Snake":0},{"CeramicFish":4,"Blue Candle":16,"Oddly Smooth Stone":0,"PreservedInsect":17,"Bag of Preparation":10,"Boot":12,"Question Card":16,"HornCleat":8,"Shovel":16,"Matryoshka":16,"Bronze Scales":4,"Orrery":10,"Pandora\u0027s Box":9,"Bag of Marbles":13,"Ring of the Snake":0},{"CeramicFish":23,"Blue Candle":63,"Oddly Smooth Stone":0,"PreservedInsect":68,"Bag of Preparation":45,"Boot":51,"Question Card":63,"HornCleat":36,"Shovel":63,"Matryoshka":63,"Bronze Scales":23,"Orrery":45,"Pandora\u0027s Box":43,"Bag of Marbles":55,"Ring of the Snake":0}],"Ring of the Snake":[36]},"card_choices":[{"not_picked":["Choke","Backflip"],"picked":"Noxious Fumes","floor":1},{"not_picked":["Outmaneuver","Reflex"],"picked":"Backstab","floor":2},{"not_picked":["Bane","Terror"],"picked":"Masterful Stab","floor":3},{"not_picked":["Backflip","Prepared"],"picked":"Deadly Poison","floor":7},{"not_picked":["Underhanded Strike","Slice"],"picked":"Crippling Poison","floor":11},{"not_picked":["Deadly Poison","Flying Knee"],"picked":"Caltrops","floor":12},{"not_picked":["Distraction","Concentrate"],"picked":"Bane","floor":13},{"not_picked":["Bane","Deflect"],"picked":"Glass Knife","floor":14},{"not_picked":["A Thousand Cuts","Burst"],"picked":"Die Die Die","floor":16},{"not_picked":["Choke","Sucker Punch"],"picked":"Dash","floor":18},{"not_picked":["Slice","Venomology"],"picked":"Backflip+1","floor":21},{"not_picked":["Heel Hook","Prepared"],"picked":"Backstab","floor":21},{"not_picked":["Masterful Stab","Outmaneuver"],"picked":"Catalyst","floor":21},{"not_picked":["Crippling Poison","Infinite Blades"],"picked":"Backflip","floor":21},{"not_picked":["Acrobatics","Reflex"],"picked":"PiercingWail","floor":21},{"not_picked":["Bane","Deflect"],"picked":"Dash+1","floor":22},{"not_picked":["Deadly Poison","Choke+1"],"picked":"Dodge and Roll+1","floor":24},{"not_picked":["Distraction","Finisher"],"picked":"Noxious Fumes","floor":27},{"not_picked":["Heel Hook","Deflect"],"picked":"Footwork","floor":28},{"not_picked":["Escape Plan","Concentrate"],"picked":"PiercingWail","floor":29},{"not_picked":["Deflect","Reflex","Backstab"],"picked":"Die Die Die","floor":31}],"player_experience":892598,"relics_obtained":[{"floor":7,"key":"CeramicFish"},{"floor":9,"key":"Bronze Scales"},{"floor":14,"key":"HornCleat"},{"floor":26,"key":"Boot"},{"floor":27,"key":"Bag of Marbles"},{"floor":29,"key":"Shovel"},{"floor":29,"key":"Matryoshka"},{"floor":30,"key":"Blue Candle"},{"floor":30,"key":"Question Card"},{"floor":31,"key":"PreservedInsect"}],"event_choices":[{"cards_removed":["Strike_G"],"damage_healed":0,"gold_gain":0,"player_choice":"Card Removal","damage_taken":7,"max_hp_gain":0,"max_hp_loss":0,"event_name":"Golden Wing","floor":4,"gold_loss":0},{"damage_healed":0,"gold_gain":0,"player_choice":"Obtained Relic","damage_taken":0,"relics_obtained":["Bag of Preparation"],"max_hp_gain":0,"max_hp_loss":0,"event_name":"Addict","floor":20,"gold_loss":85},{"damage_healed":0,"gold_gain":0,"player_choice":"Fight","damage_taken":0,"max_hp_gain":0,"max_hp_loss":0,"event_name":"Colosseum","floor":29,"gold_loss":0},{"damage_healed":0,"gold_gain":0,"player_choice":"Fought Nobs","damage_taken":0,"max_hp_gain":0,"max_hp_loss":0,"event_name":"Colosseum","floor":29,"gold_loss":0}],"is_beta":false,"boss_relics":[{"not_picked":["Runic Pyramid","Runic Dome"],"picked":"Pandora\u0027s Box"}],"items_purged_floors":[19],"is_endless":false,"potions_floor_spawned":[1,2,13,14,27,28,29,29],"killed_by":"Automaton","ascension_level":20}}