{"host":"uv5ws9rdk87e8i5k","time":1614270210,"event":{"mods":["AchievementEnabler","BaseMod","Colored Map","Minty Spire (QoL Compilation)","Permanent Neow","Quick Restart","StSLib","SuperFastMode","The Necromancer","The Saiyan"],"gold_per_floor":[137,177,232,282,111,162,162,201,226,300,377,430,430,118,118,215,215,250,32,32,114,114,126,152,202,237,308,388,428,440,462,474,558,570,617,629,218,218,234,253,265,275,275,275,309,120,120,149,149,149],"floor_reached":51,"language":"ENG","playtime":1668,"items_purged":["Decay","Strike_R","Strike_R","Strike_R"],"score":1531,"play_id":"13bf997c-04a3-46a2-9dda-1440bf8e81c3","local_time":"20210225102330","is_ascension_mode":true,"campfire_choices":[{"data":"HandOfGreed","floor":13.0,"key":"SMITH"},{"data":"True Grit","floor":15.0,"key":"SMITH"},{"floor":23.0,"key":"REST"},{"data":"Barricade","floor":32.0,"key":"SMITH"},{"data":"Entrench","floor":47.0,"key":"SMITH"},{"data":"Evolve","floor":49,"key":"SMITH"}],"circlet_count":0,"master_deck":["AscendersBane","Strike_R","Defend_R+1","Defend_R","Defend_R","Defend_R","Bash","HandOfGreed+1","Shockwave+1","Power Through","Combust","True Grit+1","Body Slam","Iron Wave","Body Slam","Barricade+1","Juggernaut","Feel No Pain","Fiend Fire","Power Through+1","Flame Barrier","Armaments+1","Second Wind","Havoc","Shrug It Off+1","Sentinel","Sentinel","Offering","Power Through","Second Wind","Fire Breathing","Wild Strike","Entrench+1","Feel No Pain","Body Slam","Evolve+1"],"relics":["Burning Blood","Pocketwatch","Smiling Mask","Potion Belt","War Paint","Omamori","SlaversCollar","Oddly Smooth Stone","Red Mask","MawBank","Toy Ornithopter","Juzu Bracelet","Bag of Preparation","Mark of Pain","Membership Card","Happy Flower","White Beast Statue","Gremlin Horn","Magic Flower"],"acts_visited":["Exordium","TheCity","TheBeyond"],"potions_floor_usage":[50,50],"damage_taken":[{"damage":15.0,"enemies":"Jaw Worm","floor":1.0,"turns":4.0},{"damage":0.0,"enemies":"Cultist","floor":2.0,"turns":3.0},{"damage":14.0,"enemies":"2 Louse","floor":3.0,"turns":4.0},{"damage":10.0,"enemies":"Exordium Wildlife","floor":4.0,"turns":4.0},{"damage":6.0,"enemies":"Gremlin Nob","floor":6.0,"turns":4.0},{"damage":0.0,"enemies":"Looter","floor":8.0,"turns":4.0},{"damage":20.0,"enemies":"3 Sentries","floor":10.0,"turns":8.0},{"damage":11.0,"enemies":"3 Louse","floor":11.0,"turns":6.0},{"damage":5.0,"enemies":"Lagavulin","floor":12.0,"turns":7.0},{"damage":34.0,"enemies":"The Guardian","floor":16.0,"turns":10.0},{"damage":0.0,"enemies":"Chosen","floor":18.0,"turns":4.0},{"damage":28.0,"enemies":"Masked Bandits","floor":21.0,"turns":4.0},{"damage":4.0,"enemies":"2 Thieves","floor":24.0,"turns":2.0},{"damage":9.0,"enemies":"Snecko","floor":25.0,"turns":6.0},{"damage":3.0,"enemies":"Book of Stabbing","floor":27.0,"turns":6.0},{"damage":6.0,"enemies":"3 Cultists","floor":28.0,"turns":8.0},{"damage":27.0,"enemies":"Gremlin Leader","floor":29.0,"turns":4.0},{"damage":4.0,"enemies":"Chosen and Byrds","floor":31.0,"turns":6.0},{"damage":4.0,"enemies":"Automaton","floor":33.0,"turns":5.0},{"damage":11.0,"enemies":"3 Shapes","floor":35.0,"turns":5.0},{"damage":29.0,"enemies":"3 Darklings","floor":39.0,"turns":5.0},{"damage":14.0,"enemies":"Spire Growth","floor":40.0,"turns":6.0},{"damage":9.0,"enemies":"Jaw Worm Horde","floor":41.0,"turns":5.0},{"damage":20.0,"enemies":"Writhing Mass","floor":42.0,"turns":9.0},{"damage":19.0,"enemies":"Reptomancer","floor":45.0,"turns":6.0},{"damage":7,"enemies":"Nemesis","floor":48,"turns":5},{"damage":37,"enemies":"Donu and Deca","floor":50,"turns":7}],"seed_played":"-4148509394960353010","potions_obtained":[{"floor":1.0,"key":"Energy Potion"},{"floor":2.0,"key":"Explosive Potion"},{"floor":8.0,"key":"DistilledChaos"},{"floor":11.0,"key":"EssenceOfSteel"},{"floor":24.0,"key":"SteroidPotion"},{"floor":25.0,"key":"HeartOfIron"},{"floor":27.0,"key":"Energy Potion"},{"floor":29.0,"key":"FearPotion"},{"floor":31.0,"key":"BloodPotion"},{"floor":33.0,"key":"Swift Potion"},{"floor":41.0,"key":"FearPotion"},{"floor":42.0,"key":"Regen Potion"},{"floor":45.0,"key":"GamblersBrew"},{"floor":48,"key":"PowerPotion"}],"is_trial":false,"path_per_floor":["M","M","M","M","$","E","?","M","T","E","M","E","R","$","R","B",null,"M","$","$","?","?","R","M","M","T","E","M","E","?","M","R","B",null,"M","?","$","?","M","M","M","M","T","?","E","$","R","E","R","B",null],"character_chosen":"IRONCLAD","items_purchased":["Combust","True Grit","Omamori","DuplicationPotion","Feel No Pain","Flame Barrier","Oddly Smooth Stone","Membership Card","Power Through","Second Wind","Fire Breathing","Wild Strike","Happy Flower","ElixirPotion","Fruit Juice","Body Slam","Evolve","DistilledChaos"],"campfire_rested":1,"item_purchase_floors":[5,5,14,14,14,19,19,37,37,37,37,37,37,37,46,46,46,46],"current_hp_per_floor":[59,65,57,53,53,53,53,59,59,45,40,41,41,41,41,13,60,66,66,66,44,44,66,68,65,65,68,75,59,45,47,47,49,72,67,67,67,67,44,41,38,45,45,45,52,62,62,61,61,49],"gold":149,"neow_bonus":"RANDOM_COLORLESS_2","is_daily":false,"chose_seed":false,"campfire_upgraded":5,"win_rate":0.0,"timestamp":1614270210,"path_taken":["M","M","M","M","$","E","?","M","T","E","M","E","R","$","R","BOSS","M","?","$","?","?","R","M","M","T","E","M","E","?","M","R","BOSS","M","?","$","?","M","M","M","M","T","?","E","$","R","E","R","BOSS"],"items_purchased_type":["Card","Card","Relic","Potion","Card","Card","Relic","Relic","Card","Card","Card","Card","Relic","Potion","Potion","Card","Card","Potion"],"build_version":"2020-12-22","purchased_purges":4,"victory":true,"max_hp_per_floor":[75,75,75,75,75,75,75,75,75,75,75,75,75,75,75,75,75,75,75,75,75,75,75,75,75,75,75,75,75,80,80,80,80,80,80,80,80,80,80,80,80,80,80,80,80,85,85,85,85,85],"card_choices":[{"not_picked":["Violence","Secret Technique"],"picked":"HandOfGreed","floor":0.0},{"not_picked":["Perfected Strike","Entrench"],"picked":"Shockwave","floor":1.0},{"not_picked":["Sword Boomerang","Sever Soul","Wild Strike"],"picked":"SKIP","floor":2.0},{"not_picked":["Heavy Blade","Anger"],"picked":"Power Through","floor":3.0},{"not_picked":["Heavy Blade","Perfected Strike","Twin Strike"],"picked":"SKIP","floor":4.0},{"not_picked":["Heavy Blade","Feel No Pain"],"picked":"Body Slam","floor":6.0},{"not_picked":["Infernal Blade","Sentinel"],"picked":"Iron Wave","floor":8.0},{"not_picked":["Seeing Red","Blood for Blood"],"picked":"Body Slam","floor":10.0},{"not_picked":["Thunderclap","Dropkick"],"picked":"Barricade","floor":11.0},{"not_picked":["Twin Strike","Shockwave"],"picked":"Juggernaut","floor":12.0},{"not_picked":["Brutality","Berserk"],"picked":"Fiend Fire","floor":16.0},{"not_picked":["Headbutt","Rampage"],"picked":"Power Through+1","floor":18.0},{"not_picked":["Rupture","Clothesline"],"picked":"Armaments+1","floor":21.0},{"not_picked":["Shockwave+1","Heavy Blade"],"picked":"Second Wind","floor":24.0},{"not_picked":["Twin Strike","Perfected Strike"],"picked":"Havoc","floor":25.0},{"not_picked":["Clothesline+1","Perfected Strike","Warcry"],"picked":"SKIP","floor":27.0},{"not_picked":["Wild Strike+1","Carnage"],"picked":"Shrug It Off+1","floor":28.0},{"not_picked":["Immolate","Warcry"],"picked":"Sentinel","floor":29.0},{"not_picked":["Uppercut","Reckless Charge+1"],"picked":"Sentinel","floor":31.0},{"not_picked":["Bludgeon","Brutality"],"picked":"Offering","floor":33.0},{"not_picked":["Armaments","Bloodletting+1","Shockwave"],"picked":"SKIP","floor":35.0},{"not_picked":["Havoc","Rampage+1"],"picked":"Entrench","floor":39.0},{"not_picked":["True Grit","Cleave","Hemokinesis+1"],"picked":"SKIP","floor":40.0},{"not_picked":["Flex","Warcry","Armaments"],"picked":"SKIP","floor":41.0},{"not_picked":["Iron Wave+1","Flex","Thunderclap"],"picked":"SKIP","floor":42.0},{"not_picked":["Thunderclap+1","Combust+1"],"picked":"Feel No Pain","floor":45.0},{"not_picked":["Clothesline","Thunderclap","Flex"],"picked":"SKIP","floor":48}],"player_experience":236119,"relics_obtained":[{"floor":6.0,"key":"Pocketwatch"},{"floor":9.0,"key":"Smiling Mask"},{"floor":10.0,"key":"Potion Belt"},{"floor":12.0,"key":"War Paint"},{"floor":21.0,"key":"Red Mask"},{"floor":26.0,"key":"Toy Ornithopter"},{"floor":27.0,"key":"Juzu Bracelet"},{"floor":29.0,"key":"Bag of Preparation"},{"floor":43.0,"key":"White Beast Statue"},{"floor":45.0,"key":"Gremlin Horn"},{"floor":48,"key":"Magic Flower"}],"event_choices":[{"damage_healed":0.0,"max_hp_gain":0.0,"max_hp_loss":0.0,"gold_gain":0.0,"cards_transformed":["Strike_R"],"event_name":"Transmorgrifier","player_choice":"Transformed","floor":7.0,"gold_loss":0.0,"damage_taken":0.0,"cards_obtained":["Whirlwind"]},{"damage_healed":0.0,"max_hp_gain":0.0,"max_hp_loss":0.0,"gold_gain":0.0,"event_name":"Masked Bandits","player_choice":"Fought Bandits","floor":21.0,"gold_loss":0.0,"damage_taken":0.0},{"damage_healed":0.0,"max_hp_gain":0.0,"max_hp_loss":0.0,"gold_gain":0.0,"event_name":"The Mausoleum","player_choice":"Opened","floor":22.0,"gold_loss":0.0,"damage_taken":0.0,"relics_obtained":["MawBank"]},{"damage_healed":0.0,"max_hp_gain":5.0,"max_hp_loss":0.0,"gold_gain":0.0,"event_name":"Forgotten Altar","player_choice":"Shed Blood","floor":30.0,"gold_loss":0.0,"damage_taken":19.0},{"damage_healed":0.0,"max_hp_gain":0.0,"max_hp_loss":0.0,"gold_gain":0.0,"event_name":"SensoryStone","player_choice":"Memory 1","floor":36.0,"gold_loss":0.0,"damage_taken":0.0},{"cards_removed":["Whirlwind"],"damage_healed":0.0,"max_hp_gain":0.0,"max_hp_loss":0.0,"gold_gain":0.0,"event_name":"Falling","player_choice":"Removed Attack","floor":38.0,"gold_loss":0.0,"damage_taken":0.0},{"damage_healed":0.0,"max_hp_gain":0.0,"max_hp_loss":0.0,"gold_gain":0.0,"event_name":"Tomb of Lord Red Mask","player_choice":"Ignored","floor":44.0,"gold_loss":0.0,"damage_taken":0.0}],"is_beta":false,"boss_relics":[{"not_picked":["Coffee Dripper","Runic Pyramid"],"picked":"SlaversCollar"},{"not_picked":["Cursed Key","Runic Cube"],"picked":"Mark of Pain"}],"items_purged_floors":[5,14,37,46],"is_endless":false,"potions_floor_spawned":[1,2,4,8,11,24,25,27,29,31,33,41,42,45,48],"ascension_level":14}}