{"host":"raaimkojny05jekw","time":1614259355,"event":{"mods":["AchievementEnabler","BaseMod","Colored Map","Colored Powertips","DeckTracker","Minty Spire (QoL Compilation)","Quick Restart","Rare Cards Sparkle","everything is the same but u backflip on backflip"],"gold_per_floor":[114,131,131,144,154,154,179,179,179,179,189,219,219,6,6,102,102,121,46,65,65,80,80,99,99,99,99,24,24,47,47,47,148,148,167,217,9,9,56,56,56,56,56,75,75,124,144,156,156,156],"floor_reached":49,"language":"KOR","playtime":1494,"items_purged":["Perfected Strike","Strike_R"],"score":746,"play_id":"7c4f98d6-fa81-4ba0-bd16-f80e72b3b9a0","local_time":"20210225222235","is_ascension_mode":true,"campfire_choices":[{"data":"Havoc","floor":6,"key":"SMITH"},{"data":"Blood for Blood","floor":8,"key":"SMITH"},{"data":"Bash","floor":10,"key":"SMITH"},{"floor":13,"key":"REST"},{"data":"Rupture","floor":15,"key":"SMITH"},{"data":"Armaments","floor":23,"key":"SMITH"},{"data":"Inflame","floor":25,"key":"SMITH"},{"data":"Whirlwind","floor":29,"key":"SMITH"},{"data":"Offering","floor":32,"key":"SMITH"},{"data":"Berserk","floor":40,"key":"SMITH"},{"data":"Battle Trance","floor":41,"key":"SMITH"},{"data":"Metallicize","floor":45,"key":"SMITH"}],"circlet_count":0,"master_deck":["AscendersBane","Defend_R","Defend_R","Bash+1","Wild Strike","Blood for Blood+1","Whirlwind+1","Havoc+1","Battle Trance+1","Shrug It Off","Rupture+1","Inflame+1","Bloodletting","Shrug It Off","Impervious","Headbutt","Armaments+1","Shame","Metallicize+1","Heavy Blade+1","Pummel","Offering+1","Berserk+1","Flame Barrier","Combust","Flame Barrier","Inflame+1","Seeing Red"],"relics":["Burning Blood","Regal Pillow","Blue Candle","Lizard Tail","Coffee Dripper","Pear","Ornamental Fan","Art of War","Snecko Eye","WingedGreaves","Gambling Chip","Sundial","Bag of Preparation"],"acts_visited":["Exordium","TheCity","TheBeyond"],"potions_floor_usage":[7,12,33,39,47],"damage_taken":[{"damage":9,"enemies":"Jaw Worm","floor":1,"turns":3},{"damage":1,"enemies":"Cultist","floor":2,"turns":3},{"damage":0,"enemies":"Small Slimes","floor":4,"turns":2},{"damage":3,"enemies":"3 Louse","floor":5,"turns":3},{"damage":50,"enemies":"Lagavulin","floor":7,"turns":8},{"damage":7,"enemies":"Looter","floor":11,"turns":3},{"damage":12,"enemies":"Gremlin Nob","floor":12,"turns":3},{"damage":42,"enemies":"Slime Boss","floor":16,"turns":6},{"damage":16,"enemies":"Shell Parasite","floor":18,"turns":4},{"damage":5,"enemies":"Chosen","floor":20,"turns":3},{"damage":13,"enemies":"Centurion and Healer","floor":22,"turns":5},{"damage":29,"enemies":"Shelled Parasite and Fungi","floor":24,"turns":5},{"damage":50,"enemies":"Champ","floor":33,"turns":8},{"damage":3,"enemies":"3 Shapes","floor":35,"turns":3},{"damage":8,"enemies":"Mind Bloom Boss Battle","floor":36,"turns":4},{"damage":49,"enemies":"2 Orb Walkers","floor":39,"turns":5},{"damage":30,"enemies":"3 Darklings","floor":44,"turns":4},{"damage":3,"enemies":"4 Shapes","floor":47,"turns":8},{"damage":23,"enemies":"Maw","floor":48,"turns":5}],"seed_played":"-1738206778146136772","potions_obtained":[{"floor":5,"key":"Weak Potion"},{"floor":11,"key":"Energy Potion"},{"floor":12,"key":"Ancient Potion"},{"floor":18,"key":"EssenceOfSteel"},{"floor":33,"key":"Weak Potion"},{"floor":44,"key":"Regen Potion"},{"floor":47,"key":"EssenceOfSteel"}],"is_trial":false,"path_per_floor":["M","M","?","M","M","R","E","R","T","R","M","E","R","$","R","B",null,"M","$","M","?","M","R","M","R","T","?","?","R","T","$","R","B",null,"M","?","$","?","?","R","R","?","T","M","R","T","M","M","R"],"character_chosen":"IRONCLAD","items_purchased":["Inflame","Bloodletting","Shrug It Off","Flame Barrier","Combust"],"campfire_rested":1,"item_purchase_floors":[14,14,14,37,37],"current_hp_per_floor":[69,72,72,72,72,72,28,28,28,28,27,21,57,57,57,21,59,49,49,50,60,53,53,30,30,30,30,30,30,30,30,30,47,73,76,74,74,74,31,31,31,31,31,7,7,7,25,8,8,8],"gold":156,"neow_bonus":"TRANSFORM_TWO_CARDS","is_daily":false,"chose_seed":false,"campfire_upgraded":11,"win_rate":0.0,"timestamp":1614259355,"path_taken":["M","M","?","M","?","R","E","R","T","R","M","E","R","$","R","BOSS","M","$","M","?","M","R","M","R","T","?","?","R","?","?","R","BOSS","M","?","$","?","?","R","R","?","T","?","R","?","?","M","R"],"items_purchased_type":["Card","Card","Card","Card","Card"],"build_version":"2020-12-22","purchased_purges":2,"victory":false,"max_hp_per_floor":[72,72,72,72,72,72,72,72,72,72,72,72,72,72,72,72,72,72,72,72,82,82,82,82,82,82,82,82,82,82,82,82,82,82,82,82,82,82,82,82,82,82,82,82,82,82,82,82,82,82],"card_choices":[{"not_picked":["True Grit","Twin Strike"],"picked":"Whirlwind","floor":1},{"not_picked":["Anger","Iron Wave"],"picked":"Havoc","floor":2},{"not_picked":["Warcry","Dark Embrace","Barricade"],"picked":"SKIP","floor":4},{"not_picked":["Flex","Dropkick","Anger"],"picked":"SKIP","floor":5},{"not_picked":["Pommel Strike","Rampage"],"picked":"Battle Trance","floor":7},{"not_picked":["Sever Soul","Blood for Blood"],"picked":"Shrug It Off","floor":11},{"not_picked":["Uppercut","Thunderclap"],"picked":"Rupture","floor":12},{"not_picked":["Bludgeon","Juggernaut"],"picked":"Impervious","floor":16},{"not_picked":["Perfected Strike","Body Slam"],"picked":"Headbutt","floor":18},{"not_picked":["Thunderclap","Headbutt"],"picked":"Armaments","floor":20},{"not_picked":["Armaments","Sentinel"],"picked":"Metallicize","floor":22},{"not_picked":["Perfected Strike+1","Pommel Strike"],"picked":"Heavy Blade+1","floor":24},{"not_picked":["Demon Form","Barricade"],"picked":"Berserk","floor":33},{"not_picked":["Clothesline","Intimidate","Clash"],"picked":"SKIP","floor":35},{"not_picked":["Second Wind","Infernal Blade+1"],"picked":"Flame Barrier","floor":39},{"not_picked":["Clash","Armaments","Sword Boomerang+1"],"picked":"SKIP","floor":44},{"not_picked":["Armaments","Heavy Blade"],"picked":"Seeing Red","floor":47},{"not_picked":["Pommel Strike","Clash","Heavy Blade"],"picked":"SKIP","floor":48}],"player_experience":789850,"relics_obtained":[{"floor":7,"key":"Regal Pillow"},{"floor":9,"key":"Blue Candle"},{"floor":12,"key":"Lizard Tail"},{"floor":26,"key":"Ornamental Fan"},{"floor":30,"key":"Art of War"},{"floor":36,"key":"WingedGreaves"},{"floor":39,"key":"Gambling Chip"},{"floor":43,"key":"Sundial"},{"floor":46,"key":"Bag of Preparation"}],"event_choices":[{"damage_healed":0,"gold_gain":0,"player_choice":"1 cards matched","damage_taken":0,"max_hp_gain":0,"max_hp_loss":0,"event_name":"Match and Keep!","floor":3,"gold_loss":0,"cards_obtained":["Perfected Strike"]},{"damage_healed":0,"gold_gain":0,"player_choice":"Stole Relic","damage_taken":0,"relics_obtained":["Pear"],"max_hp_gain":0,"max_hp_loss":0,"event_name":"Addict","floor":21,"gold_loss":0,"cards_obtained":["Shame"]},{"damage_healed":0,"gold_gain":0,"cards_transformed":["Strike_R","Strike_R"],"player_choice":"Became Test Subject","damage_taken":0,"max_hp_gain":0,"max_hp_loss":0,"event_name":"Drug Dealer","floor":27,"gold_loss":0,"cards_obtained":["Pummel","Offering"]},{"cards_removed":["Strike_R"],"damage_healed":0,"gold_gain":0,"player_choice":"Gave Gold","damage_taken":0,"max_hp_gain":0,"max_hp_loss":0,"event_name":"Beggar","floor":28,"gold_loss":75},{"damage_healed":0,"gold_gain":0,"player_choice":"Fight","damage_taken":0,"max_hp_gain":0,"max_hp_loss":0,"event_name":"MindBloom","floor":36,"gold_loss":0},{"cards_removed":["Defend_R"],"damage_healed":0,"gold_gain":0,"player_choice":"Removed Skill","damage_taken":0,"max_hp_gain":0,"max_hp_loss":0,"event_name":"Falling","floor":38,"gold_loss":0},{"damage_healed":0,"gold_gain":0,"player_choice":"Fight","damage_taken":0,"max_hp_gain":0,"max_hp_loss":0,"event_name":"Mysterious Sphere","floor":39,"gold_loss":0},{"damage_healed":0,"gold_gain":0,"player_choice":"Copied","damage_taken":0,"max_hp_gain":0,"max_hp_loss":0,"event_name":"Duplicator","floor":42,"gold_loss":0,"cards_obtained":["Inflame"]}],"is_beta":false,"boss_relics":[{"not_picked":["Pandora\u0027s Box","SacredBark"],"picked":"Coffee Dripper"},{"not_picked":["Philosopher\u0027s Stone","Black Star"],"picked":"Snecko Eye"}],"items_purged_floors":[19,37],"is_endless":false,"potions_floor_spawned":[5,11,12,18,20,33,36,44,47],"ascension_level":12}}