{"host":"bsvw3vj5tq13pxxj","time":1614259190,"event":{"mods":["AchievementEnabler","BaseMod","Colored Map","DeckTracker","KOR Keyword Fix","Minty Spire (QoL Compilation)","Permanent Neow","SuperFastMode","everything is the same but u backflip on backflip"],"gold_per_floor":[114,189,154,166,166,166,200,200,224,224,235,82,94,109,109,212,212,225,31,47,47,47,47],"floor_reached":22,"language":"KOR","playtime":1114,"items_purged":[],"score":184,"play_id":"e4db8964-f0c5-4f27-bbae-37eb7ad0ae9e","local_time":"20210225221950","is_ascension_mode":false,"campfire_choices":[{"data":"Eruption","floor":6,"key":"SMITH"},{"data":"DevaForm","floor":8,"key":"SMITH"},{"data":"Vigilance","floor":10,"key":"SMITH"},{"floor":15,"key":"REST"}],"circlet_count":0,"master_deck":["Strike_P","Strike_P","Strike_P","Strike_P","Defend_P","Defend_P","Defend_P","Defend_P","Eruption+1","Vigilance+1","DeusExMachina","ClearTheMind","EmptyBody","DevaForm+1","EmptyMind","InnerPeace","DeusExMachina","Crescendo","Tantrum","JustLucky","Adaptation","Weave","Establishment","Perseverance","Apotheosis","Prostrate","EmptyBody","DeusExMachina"],"relics":["PureWater","Pantograph","Damaru","Orrery","Snecko Eye"],"acts_visited":["Exordium","TheCity"],"potions_floor_usage":[16,22],"damage_taken":[{"damage":9,"enemies":"Jaw Worm","floor":1,"turns":3},{"damage":2,"enemies":"Small Slimes","floor":4,"turns":4},{"damage":24,"enemies":"Lagavulin","floor":7,"turns":10},{"damage":1,"enemies":"2 Louse","floor":11,"turns":5},{"damage":5,"enemies":"Lots of Slimes","floor":13,"turns":6},{"damage":14,"enemies":"3 Louse","floor":14,"turns":4},{"damage":1,"enemies":"Slime Boss","floor":16,"turns":7},{"damage":37,"enemies":"Chosen","floor":18,"turns":6},{"damage":0,"enemies":"2 Thieves","floor":20,"turns":3},{"damage":36,"enemies":"Cultist and Chosen","floor":22,"turns":4}],"seed_played":"8458683379345282105","potions_obtained":[{"floor":5,"key":"SmokeBomb"},{"floor":5,"key":"Explosive Potion"},{"floor":5,"key":"SpeedPotion"},{"floor":11,"key":"EssenceOfSteel"},{"floor":18,"key":"GamblersBrew"},{"floor":20,"key":"BlessingOfTheForge"}],"is_trial":false,"path_per_floor":["M","?","?","M","?","R","E","R","T","R","M","$","M","M","R","B",null,"M","$","M","?","M"],"character_chosen":"WATCHER","items_purchased":["Orrery","Apotheosis","Prostrate"],"campfire_rested":1,"item_purchase_floors":[12,19,19],"current_hp_per_floor":[56,45,61,59,59,59,35,35,35,35,34,34,29,15,34,58,65,28,28,28,28,0,0],"gold":47,"neow_bonus":"THREE_RARE_CARDS","is_daily":false,"chose_seed":false,"campfire_upgraded":3,"win_rate":0.0,"timestamp":1614259190,"path_taken":["M","?","?","M","?","R","E","R","T","R","M","$","M","M","R","BOSS","M","?","M","?","?"],"items_purchased_type":["Relic","Card","Card"],"build_version":"2020-12-22","purchased_purges":0,"victory":false,"max_hp_per_floor":[65,65,65,65,65,65,65,65,65,65,65,65,65,65,65,65,65,65,65,65,65,65,65],"card_choices":[{"not_picked":["Blasphemy","Omniscience"],"picked":"DeusExMachina","floor":0},{"not_picked":["EmptyFist","Vengeance"],"picked":"ClearTheMind","floor":1},{"not_picked":["Consecrate","Fasting2"],"picked":"EmptyBody","floor":4},{"not_picked":["Vengeance","Consecrate"],"picked":"DevaForm","floor":7},{"not_picked":["WheelKick","Protect"],"picked":"EmptyMind","floor":11},{"not_picked":["Consecrate","Protect"],"picked":"InnerPeace","floor":12},{"not_picked":["EmptyFist","Meditate"],"picked":"DeusExMachina","floor":12},{"not_picked":["Adaptation","CrushJoints"],"picked":"Crescendo","floor":12},{"not_picked":["Indignation","Nirvana"],"picked":"Tantrum","floor":12},{"not_picked":["WindmillStrike","Consecrate"],"picked":"JustLucky","floor":12},{"not_picked":["BattleHymn","Prostrate"],"picked":"Adaptation","floor":13},{"not_picked":["Prostrate","CutThroughFate"],"picked":"Weave","floor":14},{"not_picked":["Scrawl","Ragnarok"],"picked":"Establishment","floor":16},{"not_picked":["Pray+1","SandsOfTime"],"picked":"Perseverance","floor":18},{"not_picked":["PathToVictory","ClearTheMind+1"],"picked":"EmptyBody","floor":20}],"player_experience":40366,"relics_obtained":[{"floor":7,"key":"Pantograph"},{"floor":9,"key":"Damaru"}],"event_choices":[{"damage_healed":0,"gold_gain":75,"player_choice":"Gather Gold","damage_taken":11,"max_hp_gain":0,"max_hp_loss":0,"event_name":"World of Goop","floor":2,"gold_loss":0},{"damage_healed":16,"gold_gain":0,"player_choice":"Healed","damage_taken":0,"max_hp_gain":0,"max_hp_loss":0,"event_name":"The Cleric","floor":3,"gold_loss":35},{"damage_healed":0,"gold_gain":0,"player_choice":"Got Potions","damage_taken":0,"max_hp_gain":0,"max_hp_loss":0,"event_name":"Lab","floor":5,"gold_loss":0},{"damage_healed":0,"gold_gain":0,"player_choice":"Copied","damage_taken":0,"max_hp_gain":0,"max_hp_loss":0,"event_name":"Duplicator","floor":21,"gold_loss":0,"cards_obtained":["DeusExMachina"]}],"is_beta":false,"boss_relics":[{"not_picked":["Busted Crown","SlaversCollar"],"picked":"Snecko Eye"}],"items_purged_floors":[],"is_endless":false,"potions_floor_spawned":[11,13,14,18,20],"killed_by":"Cultist and Chosen","ascension_level":0}}