{"host":"j4b88pk2ewfl8ntk","time":1614279085,"event":{"mods":["2.2 Compatiblity","BaseMod","Bestiary","Colored Map","Colored Powertips","Curses Come First","Highlight Path","Keyboard Shortcuts","Minty Spire (QoL Compilation)","Relic Stats","StSLib","SuperFastMode"],"gold_per_floor":[116,131,143,16,16,16,48,48,48,64,78,106,106,121,121,217,217,234,149,181,193,221,233,280,292,304,316,357,381,393,255,255,350,350,367,270,285,285,285,285],"floor_reached":39,"language":"ENG","playtime":1695,"items_purged":["Clumsy"],"score":665,"play_id":"a5dbf845-174d-47a3-9c15-ccba7b662e89","local_time":"20210225225125","is_ascension_mode":true,"campfire_choices":[{"data":"Eruption","floor":6,"key":"SMITH"},{"data":"BattleHymn","floor":8,"key":"SMITH"},{"floor":15,"key":"REST"},{"data":"DevaForm","floor":23,"key":"SMITH"},{"floor":30,"key":"REST"},{"floor":32,"key":"REST"}],"circlet_count":0,"master_deck":["AscendersBane","Strike_P","Strike_P","Defend_P","Defend_P","Defend_P","Eruption+1","Vigilance","EmptyFist","TalkToTheHand","Sanctity","BattleHymn+1","MentalFortress","ThirdEye","FollowUp","ForeignInfluence","Evaluate","DevaForm+1","Evaluate+1","DeceiveReality","Protect","DeusExMachina","InnerPeace","SandsOfTime+1","Fasting2","MasterReality"],"relics":["Cursed Key","Akabeko","Damaru","Kunai","Velvet Choker","MawBank","CloakClasp","Shuriken","Lantern","Tiny Chest","SlaversCollar"],"acts_visited":["Exordium","TheCity","TheBeyond"],"potions_floor_usage":[12,12,24,28,35,36,38],"damage_taken":[{"damage":4,"enemies":"Small Slimes","floor":1,"turns":4},{"damage":7,"enemies":"Jaw Worm","floor":2,"turns":3},{"damage":5,"enemies":"2 Louse","floor":3,"turns":2},{"damage":8,"enemies":"Lagavulin","floor":7,"turns":6},{"damage":6,"enemies":"Looter","floor":10,"turns":2},{"damage":2,"enemies":"Large Slime","floor":11,"turns":3},{"damage":2,"enemies":"3 Sentries","floor":12,"turns":6},{"damage":7,"enemies":"Gremlin Gang","floor":14,"turns":4},{"damage":7,"enemies":"Hexaghost","floor":16,"turns":7},{"damage":0,"enemies":"Chosen","floor":18,"turns":3},{"damage":16,"enemies":"Spheric Guardian","floor":20,"turns":3},{"damage":0,"enemies":"Snake Plant","floor":22,"turns":3},{"damage":22,"enemies":"Book of Stabbing","floor":24,"turns":7},{"damage":21,"enemies":"Gremlin Leader","floor":28,"turns":4},{"damage":3,"enemies":"Snecko","floor":29,"turns":5},{"damage":3,"enemies":"Champ","floor":33,"turns":8},{"damage":13,"enemies":"3 Darklings","floor":35,"turns":5},{"damage":19,"enemies":"3 Shapes","floor":37,"turns":4},{"damage":0,"enemies":"2 Orb Walkers","floor":38,"turns":1},{"damage":66,"enemies":"Transient","floor":39,"turns":4}],"seed_played":"6103343209503022789","potions_obtained":[{"floor":2,"key":"BlessingOfTheForge"},{"floor":16,"key":"Regen Potion"},{"floor":18,"key":"BottledMiracle"},{"floor":24,"key":"FearPotion"},{"floor":33,"key":"Block Potion"},{"floor":37,"key":"SmokeBomb"}],"is_trial":false,"path_per_floor":["M","M","M","$","?","R","E","R","T","M","M","E","?","M","R","B",null,"M","?","M","?","M","R","E","?","T","?","E","M","R","$","R","B",null,"M","$","M","?","M"],"character_chosen":"WATCHER","items_purchased":["BattleHymn","Dexterity Potion","Fasting2","Fruit Juice"],"campfire_rested":3,"item_purchase_floors":[4,4,31,36],"current_hp_per_floor":[61,54,49,49,42,42,34,34,34,28,26,24,12,5,26,19,59,59,59,43,43,43,43,36,36,36,36,15,12,33,33,54,51,67,54,59,40,40,0,0],"gold":285,"neow_bonus":"BOSS_RELIC","is_daily":false,"chose_seed":false,"campfire_upgraded":3,"win_rate":0.0,"timestamp":1614279085,"path_taken":["M","M","M","$","?","R","E","R","T","M","M","E","?","M","R","BOSS","M","?","M","?","M","R","E","?","T","?","E","?","R","$","R","BOSS","M","$","M","?","M"],"items_purchased_type":["Card","Potion","Card","Potion"],"build_version":"2020-12-22","purchased_purges":1,"victory":false,"max_hp_per_floor":[72,72,72,72,72,72,72,72,72,72,72,72,72,72,72,72,72,72,72,72,72,72,72,72,72,72,72,72,72,72,72,72,72,72,72,77,77,77,77,77],"relic_stats":{"counters":[20,84],"Shuriken":[13],"Tiny Chest":0,"CloakClasp":[83],"Kunai":[25],"Cursed Key":1,"MawBank":144,"obtain_stats":[{"SlaversCollar":34,"Lantern":27,"Shuriken":26,"Damaru":12,"Velvet Choker":17,"Tiny Chest":28,"CloakClasp":24,"Kunai":13,"PureWater":0,"Cursed Key":0,"MawBank":19,"Akabeko":7},{"SlaversCollar":16,"Lantern":13,"Shuriken":13,"Damaru":7,"Velvet Choker":9,"Tiny Chest":14,"CloakClasp":13,"Kunai":7,"PureWater":0,"Cursed Key":0,"MawBank":10,"Akabeko":4},{"SlaversCollar":70,"Lantern":53,"Shuriken":53,"Damaru":26,"Velvet Choker":37,"Tiny Chest":57,"CloakClasp":53,"Kunai":26,"PureWater":0,"Cursed Key":0,"MawBank":40,"Akabeko":15}]},"card_choices":[{"not_picked":["PathToVictory","JustLucky"],"picked":"EmptyFist","floor":1},{"not_picked":["Prostrate","InnerPeace"],"picked":"TalkToTheHand","floor":2},{"not_picked":["Halt","JustLucky"],"picked":"Sanctity","floor":3},{"not_picked":["Prostrate","Judgement"],"picked":"MentalFortress","floor":7},{"not_picked":["SandsOfTime","FlyingSleeves"],"picked":"ThirdEye","floor":10},{"not_picked":["BowlingBash","EmptyBody"],"picked":"FollowUp","floor":11},{"not_picked":["CrushJoints","BowlingBash"],"picked":"ForeignInfluence","floor":12},{"not_picked":["JustLucky","FollowUp"],"picked":"Evaluate","floor":14},{"not_picked":["Alpha","Judgement"],"picked":"DevaForm","floor":16},{"not_picked":["FollowUp","TalkToTheHand"],"picked":"Evaluate+1","floor":18},{"not_picked":["SignatureMove+1","Sanctity"],"picked":"DeceiveReality","floor":20},{"not_picked":["Consecrate","JustLucky","InnerPeace"],"picked":"SKIP","floor":22},{"not_picked":["BowlingBash","EmptyBody"],"picked":"Protect","floor":24},{"not_picked":["Crescendo","Evaluate+1"],"picked":"SandsOfTime+1","floor":28},{"not_picked":["Protect","Evaluate","Collect"],"picked":"SKIP","floor":29},{"not_picked":["Devotion","SpiritShield"],"picked":"MasterReality","floor":33},{"not_picked":["LikeWater+1","Evaluate+1","FollowUp"],"picked":"SKIP","floor":35},{"not_picked":["Collect","Prostrate","FollowUp+1"],"picked":"SKIP","floor":37}],"player_experience":1253710,"relics_obtained":[{"floor":7,"key":"Akabeko"},{"floor":12,"key":"Damaru"},{"floor":24,"key":"CloakClasp"},{"floor":26,"key":"Shuriken"},{"floor":28,"key":"Tiny Chest"}],"event_choices":[{"cards_removed":["Strike_P"],"damage_healed":0,"gold_gain":0,"player_choice":"Card Removal","damage_taken":7,"max_hp_gain":0,"max_hp_loss":0,"event_name":"Golden Wing","floor":5,"gold_loss":0},{"damage_healed":0,"gold_gain":0,"player_choice":"Success","damage_taken":12,"relics_obtained":["Kunai"],"max_hp_gain":0,"max_hp_loss":0,"event_name":"Scrap Ooze","floor":13,"gold_loss":0},{"damage_healed":0,"gold_gain":0,"player_choice":"Obtained Relic","damage_taken":0,"relics_obtained":["MawBank"],"max_hp_gain":0,"max_hp_loss":0,"event_name":"Addict","floor":19,"gold_loss":85},{"damage_healed":0,"gold_gain":0,"player_choice":"Ignored","damage_taken":0,"max_hp_gain":0,"max_hp_loss":0,"event_name":"Ghosts","floor":21,"gold_loss":0},{"damage_healed":0,"gold_gain":0,"cards_transformed":["Strike_P","Defend_P"],"player_choice":"Became Test Subject","damage_taken":0,"max_hp_gain":0,"max_hp_loss":0,"event_name":"Drug Dealer","floor":25,"gold_loss":0,"cards_obtained":["DeusExMachina","InnerPeace"]},{"damage_healed":0,"gold_gain":0,"player_choice":"Gave Potion","damage_taken":0,"relics_obtained":["Lantern"],"max_hp_gain":0,"max_hp_loss":0,"event_name":"WeMeetAgain","floor":27,"gold_loss":0},{"damage_healed":0,"gold_gain":0,"player_choice":"Fight","damage_taken":0,"max_hp_gain":0,"max_hp_loss":0,"event_name":"Mysterious Sphere","floor":38,"gold_loss":0}],"is_beta":false,"boss_relics":[{"not_picked":["Tiny House","Coffee Dripper"],"picked":"Velvet Choker"},{"not_picked":["Runic Dome","SacredBark"],"picked":"SlaversCollar"}],"items_purged_floors":[31],"is_endless":false,"potions_floor_spawned":[2,7,11,16,18,22,24,33,37,38],"killed_by":"Transient","ascension_level":11}}