{"host":"prxrhpgaxnj4om9r","time":1614252575,"event":{"mods":["AchievementEnabler","BaseMod","Colored Map","DeckTracker","Keyboard Shortcuts","Minty Spire (QoL Compilation)"],"gold_per_floor":[114,189,189,200,218,251,34,34,61,91,91,126,136,67,67,163,163,173,173,173,188,33,33,33,52,52,87,101,127,139,174,186,295,307,330,342,342],"floor_reached":36,"language":"KOR","playtime":1853,"items_purged":[],"score":564,"play_id":"7a9102e9-d136-4113-8e17-ed151f8702a1","local_time":"20210225202935","is_ascension_mode":true,"campfire_choices":[{"floor":8.0,"key":"REST"},{"floor":11.0,"key":"REST"},{"floor":15.0,"key":"REST"},{"floor":23.0,"key":"REST"},{"floor":30.0,"key":"REST"},{"data":"Phantasmal Killer","floor":32.0,"key":"SMITH"}],"circlet_count":0,"master_deck":["Survivor","Neutralize","Leg Sweep","Blade Dance","Cloak And Dagger","Accuracy","Phantasmal Killer+1","Dagger Spray","Backflip","Prepared","Noxious Fumes","Die Die Die","Eviscerate","Infinite Blades","Wraith Form v2","Bane+1","PiercingWail","Slice+1","Escape Plan","Venomology","All Out Attack","Distraction","Infinite Blades","Leg Sweep","Prepared","Distraction","Wraith Form v2","Noxious Fumes","Blade Dance+1"],"relics":["Ring of the Snake","Juzu Bracelet","Regal Pillow","Potion Belt","Art of War","Akabeko","Tingsha","Runic Pyramid","Sling","Bronze Scales","Kunai","Incense Burner","MawBank","PreservedInsect","Pandora\u0027s Box"],"acts_visited":["Exordium","TheCity","TheBeyond"],"potions_floor_usage":[35],"damage_taken":[{"damage":0.0,"enemies":"Small Slimes","floor":1.0,"turns":4.0},{"damage":0.0,"enemies":"Cultist","floor":4.0,"turns":6.0},{"damage":2.0,"enemies":"Jaw Worm","floor":5.0,"turns":4.0},{"damage":27.0,"enemies":"3 Sentries","floor":6.0,"turns":8.0},{"damage":28.0,"enemies":"Gremlin Nob","floor":10.0,"turns":4.0},{"damage":38.0,"enemies":"Lagavulin","floor":12.0,"turns":6.0},{"damage":0.0,"enemies":"Blue Slaver","floor":13.0,"turns":3.0},{"damage":19.0,"enemies":"Hexaghost","floor":16.0,"turns":9.0},{"damage":3.0,"enemies":"3 Byrds","floor":18.0,"turns":4.0},{"damage":18.0,"enemies":"2 Thieves","floor":21.0,"turns":4.0},{"damage":31.0,"enemies":"Snake Plant","floor":25.0,"turns":3.0},{"damage":21.0,"enemies":"Slavers","floor":27.0,"turns":5.0},{"damage":6.0,"enemies":"Cultist and Chosen","floor":28.0,"turns":4.0},{"damage":23.0,"enemies":"Book of Stabbing","floor":29.0,"turns":4.0},{"damage":28.0,"enemies":"Champ","floor":33.0,"turns":12.0},{"damage":19,"enemies":"Orb Walker","floor":35,"turns":4},{"damage":47,"enemies":"3 Darklings","floor":36,"turns":3}],"seed_played":"-4462734577770006835","potions_obtained":[{"floor":1.0,"key":"Regen Potion"},{"floor":3.0,"key":"FairyPotion"},{"floor":3.0,"key":"LiquidMemories"},{"floor":6.0,"key":"GamblersBrew"},{"floor":12.0,"key":"Energy Potion"},{"floor":13.0,"key":"Energy Potion"},{"floor":25.0,"key":"Block Potion"},{"floor":27.0,"key":"FearPotion"},{"floor":29.0,"key":"Poison Potion"}],"is_trial":false,"path_per_floor":["M","?","?","M","M","E","$","R","T","E","R","E","M","$","R","B",null,"M","?","?","M","$","R","?","M","T","E","M","E","R","T","R","B",null,"M","M"],"character_chosen":"THE_SILENT","items_purchased":["Potion Belt","Phantasmal Killer","Noxious Fumes","Sling"],"campfire_rested":5,"item_purchase_floors":[7,7,14,22],"current_hp_per_floor":[63,52,52,52,62,35,35,70,70,42,70,32,32,32,68,49,65,62,49,49,31,31,68,68,37,37,16,10,15,52,52,52,24,62,43,0,0],"gold":342,"neow_bonus":"RANDOM_COMMON_RELIC","is_daily":false,"chose_seed":false,"campfire_upgraded":1,"win_rate":0.0,"timestamp":1614252575,"path_taken":["M","?","?","M","M","E","$","R","T","E","R","E","M","$","R","BOSS","M","?","?","M","$","R","?","M","T","E","M","E","R","?","R","BOSS","M","M"],"items_purchased_type":["Relic","Card","Card","Relic"],"build_version":"2020-12-22","purchased_purges":0,"victory":false,"max_hp_per_floor":[70,70,70,70,70,70,70,70,70,70,70,70,70,70,70,70,70,70,75,75,75,75,75,75,75,75,75,75,75,75,75,75,75,75,75,75,75],"card_choices":[{"not_picked":["Dodge and Roll","Flechettes"],"picked":"Leg Sweep","floor":1.0},{"not_picked":["Dagger Throw","Deflect"],"picked":"Blade Dance","floor":4.0},{"not_picked":["Accuracy","Leg Sweep"],"picked":"Cloak And Dagger","floor":5.0},{"not_picked":["Tools of the Trade","Prepared"],"picked":"Accuracy","floor":6.0},{"not_picked":["Bouncing Flask","Underhanded Strike"],"picked":"Dagger Spray","floor":10.0},{"not_picked":["After Image","PiercingWail"],"picked":"Backflip","floor":12.0},{"not_picked":["Blade Dance","Dodge and Roll"],"picked":"Prepared","floor":13.0},{"not_picked":["Glass Knife","Bullet Time"],"picked":"Die Die Die","floor":16.0},{"not_picked":["Reflex","Poisoned Stab"],"picked":"Eviscerate","floor":18.0},{"not_picked":["PiercingWail","Underhanded Strike"],"picked":"Bane+1","floor":21.0},{"not_picked":["Riddle With Holes+1","Noxious Fumes"],"picked":"PiercingWail","floor":25.0},{"not_picked":["Tools of the Trade","Infinite Blades"],"picked":"Slice+1","floor":27.0},{"not_picked":["Cloak And Dagger","Outmaneuver","Dagger Throw"],"picked":"SKIP","floor":28.0},{"not_picked":["Outmaneuver","Deadly Poison"],"picked":"Escape Plan","floor":29.0},{"not_picked":["Malaise","Tools of the Trade"],"picked":"Venomology","floor":33.0},{"not_picked":["Cloak And Dagger","Endless Agony"],"picked":"Blade Dance+1","floor":35}],"player_experience":652324,"relics_obtained":[{"floor":6.0,"key":"Regal Pillow"},{"floor":9.0,"key":"Art of War"},{"floor":10.0,"key":"Akabeko"},{"floor":12.0,"key":"Tingsha"},{"floor":26.0,"key":"Kunai"},{"floor":27.0,"key":"Incense Burner"},{"floor":29.0,"key":"MawBank"},{"floor":31.0,"key":"PreservedInsect"}],"event_choices":[{"damage_healed":0.0,"max_hp_gain":0.0,"max_hp_loss":0.0,"gold_gain":75.0,"event_name":"World of Goop","player_choice":"Gather Gold","floor":2.0,"gold_loss":0.0,"damage_taken":11.0},{"damage_healed":0.0,"max_hp_gain":0.0,"max_hp_loss":0.0,"gold_gain":0.0,"event_name":"Lab","player_choice":"Got Potions","floor":3.0,"gold_loss":0.0,"damage_taken":0.0},{"damage_healed":0.0,"max_hp_gain":5.0,"max_hp_loss":0.0,"gold_gain":0.0,"event_name":"Forgotten Altar","player_choice":"Shed Blood","floor":19.0,"gold_loss":0.0,"damage_taken":18.0},{"damage_healed":0.0,"max_hp_gain":0.0,"max_hp_loss":0.0,"gold_gain":0.0,"cards_transformed":["Defend_G","Strike_G"],"event_name":"Drug Dealer","player_choice":"Became Test Subject","floor":20.0,"gold_loss":0.0,"damage_taken":0.0,"cards_obtained":["Infinite Blades","Wraith Form v2"]},{"damage_healed":0.0,"max_hp_gain":0.0,"max_hp_loss":0.0,"gold_gain":0.0,"event_name":"The Mausoleum","player_choice":"Opened","floor":24.0,"gold_loss":0.0,"damage_taken":0.0,"relics_obtained":["Bronze Scales"]}],"is_beta":false,"boss_relics":[{"not_picked":["Ectoplasm","Coffee Dripper"],"picked":"Runic Pyramid"},{"not_picked":["Busted Crown","Sozu"],"picked":"Pandora\u0027s Box"}],"items_purged_floors":[],"is_endless":false,"potions_floor_spawned":[1,6,12,13,25,27,29],"killed_by":"3 Darklings","ascension_level":7}}