{"host":"g792ep1fbt4i7bvb","time":1614229969,"event":{"mods":["BaseMod","Beaked The Cultist","Colored Map","Colored Powertips","Highlight Path","Minty Spire (QoL Compilation)","StSLib","SuperFastMode","The Cursed"],"gold_per_floor":[116,130,130,148,99,99,130,146,170,170,170,190,224,242,242,372,372,393,408,209,209,233,233,267,267,294,294,103,116,18,39,39,159,159,159,159],"floor_reached":35,"language":"JPN","playtime":1983,"items_purged":["beaked:Strike_Y"],"score":445,"play_id":"5a09ae0c-edb1-4eb5-b7dc-3431cdcc8c17","local_time":"20210225141249","is_ascension_mode":true,"campfire_choices":[{"data":"beaked:SurvivalInstinct","floor":6.0,"key":"SMITH"},{"data":"beaked:Insight","floor":15,"key":"SMITH"},{"data":"beaked:HuntressSpirit","floor":23,"key":"SMITH"},{"data":"beaked:Negation","floor":25,"key":"SMITH"},{"data":"beaked:MaddeningMurmurs","floor":32,"key":"SMITH"}],"circlet_count":0,"master_deck":["beaked:Strike_Y+1","beaked:Strike_Y+1","beaked:Strike_Y","beaked:Defend_Y","beaked:Defend_Y","beaked:Defend_Y","beaked:Defend_Y","beaked:Ceremony","beaked:Ceremony","beaked:Ceremony","beaked:Struggle","beaked:Brace","beaked:Brace","beaked:SurvivalInstinct+1","beaked:HuntressSpirit+1","beaked:Brace","beaked:Insight+1","beaked:Negation+1","beaked:ScreechingChant","beaked:Pecker+1","beaked:MaddeningMurmurs+1","beaked:Molting","beaked:MimicHuntress","beaked:Foresight","beaked:Overpower","beaked:WarriorEssence"],"relics":["beaked:MendingPlumage","NeowsBlessing","Centennial Puzzle","Vajra","Golden Idol","Lantern","Busted Crown","Sundial","beaked:ThroatLozenge","Nilry\u0027s Codex","beaked:SacrificeDoll"],"acts_visited":["Exordium","TheCity","TheBeyond"],"potions_floor_usage":[7,7,13,16,24,33],"damage_taken":[{"damage":0.0,"enemies":"2 Louse","floor":1.0,"turns":2.0},{"damage":0.0,"enemies":"Jaw Worm","floor":2.0,"turns":1.0},{"damage":0.0,"enemies":"Small Slimes","floor":4.0,"turns":3.0},{"damage":15,"enemies":"3 Sentries","floor":7,"turns":5},{"damage":15,"enemies":"Exordium Wildlife","floor":8,"turns":4},{"damage":15,"enemies":"Large Slime","floor":12,"turns":8},{"damage":16,"enemies":"Gremlin Nob","floor":13,"turns":3},{"damage":6,"enemies":"Blue Slaver","floor":14,"turns":9},{"damage":20,"enemies":"Slime Boss","floor":16,"turns":8},{"damage":30,"enemies":"2 Thieves","floor":18,"turns":5},{"damage":29,"enemies":"Spheric Guardian","floor":19,"turns":6},{"damage":29,"enemies":"Centurion and Healer","floor":22,"turns":13},{"damage":43,"enemies":"Slavers","floor":24,"turns":10},{"damage":11,"enemies":"Chosen and Byrds","floor":29,"turns":6},{"damage":8,"enemies":"Snecko","floor":31,"turns":5},{"damage":21,"enemies":"Champ","floor":33,"turns":8}],"seed_played":"2047750932189248373","potions_obtained":[{"floor":1.0,"key":"Swift Potion"},{"floor":2.0,"key":"SteroidPotion"},{"floor":12,"key":"FearPotion"},{"floor":14,"key":"Weak Potion"},{"floor":24,"key":"Energy Potion"}],"is_trial":false,"path_per_floor":["M","M","?","M","$","R","E","M","T","?","?","M","E","M","R","B",null,"M","M","$","?","M","R","E","R","T","?","$","M","$","M","R","B",null,"M"],"character_chosen":"BEAKED_THE_CULTIST","items_purchased":["beaked:SurvivalInstinct","PowerPotion","beaked:MaddeningMurmurs","beaked:Foresight","beaked:Overpower","LiquidMemories","Dexterity Potion","beaked:WarriorEssence"],"campfire_rested":0,"item_purchase_floors":[5,20,20,28,28,28,30,30],"current_hp_per_floor":[50,50,40,47,47,47,45,39,39,39,27,34,26,49,49,43,50,30,26,26,26,50,50,41,41,41,25,25,32,32,50,50,50,50,0,0],"gold":159,"neow_bonus":"THREE_ENEMY_KILL","is_daily":false,"chose_seed":false,"campfire_upgraded":5,"win_rate":0.0,"timestamp":1614229969,"path_taken":["M","M","?","M","?","R","E","M","T","?","?","?","E","M","R","BOSS","M","M","$","?","M","R","E","R","T","?","$","?","?","M","R","BOSS","M"],"items_purchased_type":["Card","Potion","Card","Card","Card","Potion","Potion","Card"],"build_version":"2020-12-22","purchased_purges":1,"victory":false,"max_hp_per_floor":[50,50,50,50,50,50,50,50,50,50,50,50,50,50,50,50,50,50,50,50,50,50,50,50,50,50,50,50,50,50,50,50,50,50,50,50],"card_choices":[{"not_picked":["beaked:Poke","beaked:BounceBack"],"picked":"beaked:Struggle","floor":1.0},{"not_picked":["beaked:Cower","beaked:TuckingFeathers"],"picked":"beaked:Brace","floor":2.0},{"not_picked":["beaked:Flinch","beaked:Evade"],"picked":"beaked:Brace","floor":4.0},{"not_picked":["beaked:SurvivalInstinct","beaked:Redirect"],"picked":"beaked:HuntressSpirit","floor":7},{"not_picked":["beaked:DigDeep","beaked:HuntressEssence","beaked:BarbedWire"],"picked":"SKIP","floor":8},{"not_picked":["beaked:RuinSticks","beaked:DigDeeper"],"picked":"beaked:Brace","floor":12},{"not_picked":["beaked:Daydream","beaked:Flinch"],"picked":"beaked:Insight","floor":13},{"not_picked":["beaked:DigDeeper","beaked:Mantra"],"picked":"beaked:Negation","floor":14},{"not_picked":["beaked:VolatileMisfortune","beaked:DarkTribute"],"picked":"beaked:ScreechingChant","floor":16},{"not_picked":["beaked:Flinch"],"picked":"SKIP","floor":18},{"not_picked":[],"picked":"beaked:Pecker+1","floor":19},{"not_picked":["beaked:DigDeep"],"picked":"SKIP","floor":22},{"not_picked":["beaked:Devastation"],"picked":"SKIP","floor":24},{"not_picked":["beaked:Redirect"],"picked":"SKIP","floor":29},{"not_picked":["beaked:Poke"],"picked":"SKIP","floor":31}],"player_experience":823673,"relics_obtained":[{"floor":7,"key":"Centennial Puzzle"},{"floor":9,"key":"Vajra"},{"floor":13,"key":"Lantern"},{"floor":24,"key":"Sundial"},{"floor":26,"key":"beaked:ThroatLozenge"},{"floor":27,"key":"Nilry\u0027s Codex"}],"event_choices":[{"damage_healed":0.0,"max_hp_gain":0.0,"max_hp_loss":0.0,"gold_gain":0.0,"event_name":"Shining Light","player_choice":"Entered Light","floor":3.0,"gold_loss":0.0,"damage_taken":10.0,"cards_upgraded":["beaked:Strike_Y","beaked:Strike_Y"]},{"damage_healed":0,"gold_gain":0,"player_choice":"Ignored","damage_taken":0,"max_hp_gain":0,"max_hp_loss":0,"event_name":"Liars Game","floor":10,"gold_loss":0},{"damage_healed":0,"gold_gain":0,"player_choice":"Take Damage","damage_taken":12,"relics_obtained":["Golden Idol"],"max_hp_gain":0,"max_hp_loss":0,"event_name":"Golden Idol","floor":11,"gold_loss":0},{"damage_healed":0,"gold_gain":0,"cards_transformed":["beaked:Strike_Y","beaked:Strike_Y"],"player_choice":"Became Test Subject","damage_taken":0,"max_hp_gain":0,"max_hp_loss":0,"event_name":"Drug Dealer","floor":21,"gold_loss":0,"cards_obtained":["beaked:Molting","beaked:MimicHuntress"]},{"damage_healed":0,"gold_gain":0,"player_choice":"Obtained Book","damage_taken":16,"max_hp_gain":0,"max_hp_loss":0,"event_name":"Cursed Tome","floor":27,"gold_loss":0}],"is_beta":false,"boss_relics":[{"not_picked":["Fusion Hammer","Philosopher\u0027s Stone"],"picked":"Busted Crown"},{"not_picked":["Tiny House","Sozu"],"picked":"beaked:SacrificeDoll"}],"items_purged_floors":[20],"is_endless":false,"potions_floor_spawned":[1,2,12,14,24,31],"killed_by":"3 Shapes","ascension_level":3}}