{"host":"aaqofma31c3gm2hj","time":1614216986,"event":{"mods":["BaseMod","GungeonMod","Minty Spire (QoL Compilation)","Replay The Spire","Spicy Shops","StSLib"],"gold_per_floor":[117,42,42,42,42,42,70,91,103,150,150,181,181,181,31,44,44,148,148,167,167,167,179,179,179,210,241,299,376,401,401,435,435,435,375,407,407,510,510,510,510],"floor_reached":40,"language":"ZHS","playtime":1133,"items_purged":["DemoMod:Strike_Huntress"],"score":735,"play_id":"dc6a0792-f659-41c7-93c7-2902dd9a5f62","local_time":"20210225093626","is_ascension_mode":true,"campfire_choices":[{"data":"DemoMod:ManualReload","floor":6.0,"key":"SMITH"},{"floor":14.0,"key":"RECALL"},{"data":"DemoMod:FullFirepower","floor":25.0,"key":"SMITH"},{"data":"DemoMod:Desperate","floor":31.0,"key":"SMITH"},{"data":"DemoMod:TripleGun","floor":37,"key":"SMITH"}],"circlet_count":0,"master_deck":["DemoMod:Defend_Huntress","DemoMod:Defend_Huntress","DemoMod:Roll","DemoMod:ManualReload+1","DemoMod:RustySidearm","DemoMod:CrossBow","DemoMod:AbyssalTentacle+1","DemoMod:ThirdPartyController","DemoMod:Evolver","DemoMod:HardPowerCard+1","DemoMod:Desperate+1","DemoMod:FullFirepower+1","DemoMod:FullFirepower","DemoMod:TripleGun+1","DemoMod:Gungine"],"relics":["DemoMod:Dog","NeowsBlessing","Juzu Bracelet","Akabeko","Oddly Smooth Stone","Odd Mushroom","Gremlin Food","MealTicket","Replay:Wax Seal","Bag of Preparation","Snecko Heart","Regal Pillow","DemoMod:GlassGuonStoneRelic","ReplayTheSpireMod:Ninjato","Anchor","Smiling Mask","DemoMod:BlueGuonStone","Runic Pyramid"],"acts_visited":["Exordium","TheCity","TheBeyond"],"potions_floor_usage":[],"damage_taken":[{"damage":0.0,"enemies":"2 Louse","floor":1.0,"turns":1.0},{"damage":0.0,"enemies":"Lagavulin","floor":7.0,"turns":1.0},{"damage":0.0,"enemies":"The Mushroom Lair","floor":8.0,"turns":2.0},{"damage":0.0,"enemies":"Jaw Worm","floor":9.0,"turns":3.0},{"damage":20.0,"enemies":"3 Sentries","floor":12.0,"turns":9.0},{"damage":0.0,"enemies":"Small Slimes","floor":16.0,"turns":6.0},{"damage":19.0,"enemies":"Slime Boss","floor":18.0,"turns":10.0},{"damage":0.0,"enemies":"Shell Parasite","floor":20.0,"turns":1.0},{"damage":0.0,"enemies":"3 Byrds","floor":23.0,"turns":4.0},{"damage":0.0,"enemies":"Gremlin Leader","floor":26.0,"turns":5.0},{"damage":0.0,"enemies":"Snake Plant","floor":27.0,"turns":1.0},{"damage":0.0,"enemies":"Cultist and Chosen","floor":28.0,"turns":1.0},{"damage":0.0,"enemies":"Book of Stabbing","floor":30.0,"turns":2.0},{"damage":0.0,"enemies":"Slavers","floor":32.0,"turns":3.0},{"damage":0,"enemies":"Book of Stabbing","floor":36,"turns":1},{"damage":0,"enemies":"Automaton","floor":38,"turns":3},{"damage":0,"enemies":"Orb Walker","floor":40,"turns":1}],"seed_played":"-5455474897183355242","potions_obtained":[{"floor":8.0,"key":"Energy Potion"},{"floor":12.0,"key":"SpeedPotion"},{"floor":16.0,"key":"BlessingOfTheForge"},{"floor":23.0,"key":"Death Potion"},{"floor":36,"key":"DemoMod:LeadSkinPotion"}],"is_trial":false,"path_per_floor":["M","$","?","T","?","R","E","?","M","T","?","E","?","R","$","M","R","B",null,"M","?","?","M","?","R","E","M","M","T","E","R","E","PTL","PTL","?","E","R","B",null,"M"],"character_chosen":"HUNTRESS","items_purchased":["Bag of Preparation"],"campfire_rested":0,"item_purchase_floors":[15],"current_hp_per_floor":[70,70,63,63,63,63,63,63,63,63,45,25,25,25,40,40,40,21,70,70,70,70,70,70,70,70,70,70,70,70,70,70,70,70,70,70,70,70,70,70,70],"gold":510,"neow_bonus":"THREE_ENEMY_KILL","is_daily":false,"chose_seed":false,"campfire_upgraded":4,"win_rate":0.0,"timestamp":1614216986,"path_taken":["M","$","?","?","?","R","E","?","M","T","?","E","?","R","$","M","R","BOSS","M","?","?","M","?","R","E","M","M","T","E","R","E","PTL","PTL","?","E","R","BOSS","M"],"items_purchased_type":["Relic"],"build_version":"2020-12-22","purchased_purges":1,"victory":false,"max_hp_per_floor":[70,70,70,70,70,70,70,70,70,70,70,70,70,70,70,70,70,70,70,70,70,70,70,70,70,70,70,70,70,70,70,70,70,70,70,70,70,70,70,70,70],"card_choices":[{"not_picked":["DemoMod:GunstockTap","DemoMod:BattleInHaste","DemoMod:SAA"],"picked":"SKIP","floor":1.0},{"not_picked":["DemoMod:MachoBrace","DemoMod:TeaPot","DemoMod:StrategicReserve"],"picked":"SKIP","floor":7.0},{"not_picked":["DemoMod:Ejector","DemoMod:Replace"],"picked":"DemoMod:ThirdPartyController","floor":8.0},{"not_picked":["DemoMod:Unity","DemoMod:SAA"],"picked":"DemoMod:Evolver","floor":9.0},{"not_picked":["DemoMod:DoubleVision","DemoMod:SniperShot"],"picked":"DemoMod:HardPowerCard","floor":12.0},{"not_picked":["DemoMod:AWP","DemoMod:Evolver","DemoMod:AC15"],"picked":"SKIP","floor":16.0},{"not_picked":["DemoMod:Elimentaler","DemoMod:DarkMarker"],"picked":"DemoMod:FullFirepower","floor":18.0},{"not_picked":["DemoMod:CursedBullets","DemoMod:SpreadAmmo","DemoMod:CombinedRifle"],"picked":"SKIP","floor":20.0},{"not_picked":["DemoMod:AC15","DemoMod:TeaPot","DemoMod:BattleInHaste"],"picked":"SKIP","floor":23.0},{"not_picked":["DemoMod:FullFirepower","DemoMod:SpreadAmmo","DemoMod:BattleInHaste"],"picked":"SKIP","floor":26.0},{"not_picked":["DemoMod:TeaPot","DemoMod:AbyssalTentacle"],"picked":"DemoMod:DirectionalPad","floor":27.0},{"not_picked":["DemoMod:GunstockTap+1","DemoMod:HardPowerCard","DemoMod:StickyCrossBow+1"],"picked":"SKIP","floor":28.0},{"not_picked":["DemoMod:RadGun","DemoMod:StickyCrossBow","DemoMod:MachoBrace"],"picked":"SKIP","floor":30.0},{"not_picked":["DemoMod:Unmoved","DemoMod:HighKaliber"],"picked":"DemoMod:FullFirepower","floor":32},{"not_picked":["DemoMod:ProbeStrike+1","DemoMod:StickyCrossBow+1"],"picked":"DemoMod:TripleGun","floor":36},{"not_picked":["DemoMod:HighKaliber","DemoMod:FastSwitch","DemoMod:CursedBullets"],"picked":"SKIP","floor":36},{"not_picked":["DemoMod:FightSabre","DemoMod:BSG"],"picked":"DemoMod:Gungine","floor":38}],"player_experience":697069,"relics_obtained":[{"floor":4.0,"key":"Juzu Bracelet"},{"floor":7.0,"key":"Akabeko"},{"floor":7.0,"key":"Oddly Smooth Stone"},{"floor":8.0,"key":"Odd Mushroom"},{"floor":10.0,"key":"Gremlin Food"},{"floor":12.0,"key":"Replay:Wax Seal"},{"floor":26.0,"key":"ReplayTheSpireMod:Ninjato"},{"floor":30.0,"key":"Anchor"},{"floor":32,"key":"Smiling Mask"},{"floor":36,"key":"DemoMod:BlueGuonStone"}],"event_choices":[{"cards_removed":["DemoMod:Strike_Huntress"],"damage_healed":0.0,"max_hp_gain":0.0,"max_hp_loss":0.0,"gold_gain":0.0,"event_name":"Golden Wing","player_choice":"Card Removal","floor":3.0,"gold_loss":0.0,"damage_taken":7.0},{"damage_healed":0.0,"max_hp_gain":0.0,"max_hp_loss":0.0,"gold_gain":0.0,"event_name":"Mushrooms","player_choice":"Fought Mushrooms","floor":8.0,"gold_loss":0.0,"damage_taken":0.0},{"damage_healed":0.0,"max_hp_gain":0.0,"max_hp_loss":0.0,"gold_gain":0.0,"event_name":"Scrap Ooze","player_choice":"Success","floor":11.0,"gold_loss":0.0,"damage_taken":18.0,"relics_obtained":["MealTicket"]},{"damage_healed":0.0,"max_hp_gain":0.0,"max_hp_loss":0.0,"gold_gain":0.0,"event_name":"Upgrade Shrine","player_choice":"Upgraded","floor":13.0,"gold_loss":0.0,"damage_taken":0.0,"cards_upgraded":["DemoMod:HardPowerCard"]},{"cards_removed":["DemoMod:Defend_Huntress"],"damage_healed":0.0,"max_hp_gain":0.0,"max_hp_loss":0.0,"gold_gain":0.0,"event_name":"Back to Basics","player_choice":"Elegance","floor":22.0,"gold_loss":0.0,"damage_taken":0.0},{"damage_healed":0.0,"max_hp_gain":0.0,"max_hp_loss":0.0,"gold_gain":0.0,"event_name":"Vampires","player_choice":"Ignored","floor":24.0,"gold_loss":0.0,"damage_taken":0.0}],"is_beta":false,"boss_relics":[{"not_picked":["Philosopher\u0027s Stone","Black Star"],"picked":"Snecko Heart"},{"not_picked":["Tiny House","Busted Crown"],"picked":"Runic Pyramid"}],"items_purged_floors":[2],"is_endless":false,"potions_floor_spawned":[8,12,16,23,30,32,36],"killed_by":"Orb Walker","ascension_level":3}}