{"host":"188x3om7sf6mgxv1","time":1614230219,"event":{"mods":["BaseMod","Block Reminder","Minty Spire (QoL Compilation)","Relic Stats","StSLib"],"gold_per_floor":[115,132,82,96,96,129,129,160,238,318,318,352,352,377,377,496,496,496,496,244,169,169,169,169,169,169,169,169,169,169,169,169,169,169,169,169,169,46,46,46,46,46,46,46,46,46,46,46,46,46,46,46,46,46,46],"floor_reached":56,"language":"ENG","playtime":2510,"items_purged":["Strike_B"],"score":1649,"play_id":"517f1cfe-25ea-442e-82a0-6758d23e6ad3","local_time":"20210225001659","is_ascension_mode":true,"campfire_choices":[{"data":"1","floor":7.0,"key":"LIFT"},{"data":"Turbo","floor":11.0,"key":"SMITH"},{"data":"2","floor":13.0,"key":"LIFT"},{"data":"Ball Lightning","floor":15.0,"key":"SMITH"},{"data":"Biased Cognition","floor":24.0,"key":"SMITH"},{"floor":29.0,"key":"REST"},{"data":"3","floor":32.0,"key":"LIFT"},{"floor":40.0,"key":"RECALL"},{"data":"Consume","floor":42.0,"key":"SMITH"},{"floor":49.0,"key":"REST"},{"data":"Echo Form","floor":52.0,"key":"SMITH"}],"circlet_count":0,"master_deck":["Defend_B","Defend_B","Defend_B","Zap","Dualcast","Chill","Turbo+1","Sweeping Beam","Ball Lightning+1","Cold Snap","Chill","Gash","Biased Cognition+1","Go for the Eyes","Coolheaded+1","Gash","Gash","Echo Form+1","Redo","Consume+1","Gash","Stack+1","Glacier+1","Defragment+1"],"relics":["Runic Pyramid","Golden Idol","Girya","Orichalcum","Matryoshka","Bag of Marbles","The Courier","Dead Branch","Ectoplasm","Tiny Chest","Red Mask","White Beast Statue","Bronze Scales","Ornamental Fan","Boot","SlaversCollar","ClockworkSouvenir","Singing Bowl","Juzu Bracelet","Akabeko","MealTicket","Letter Opener","Pen Nib"],"acts_visited":["Exordium","TheCity","TheBeyond","TheEnding"],"potions_floor_usage":[55,55,55],"damage_taken":[{"damage":4.0,"enemies":"2 Louse","floor":1.0,"turns":3.0},{"damage":0.0,"enemies":"Small Slimes","floor":2.0,"turns":3.0},{"damage":2.0,"enemies":"Jaw Worm","floor":4.0,"turns":3.0},{"damage":14.0,"enemies":"3 Sentries","floor":6.0,"turns":10.0},{"damage":16.0,"enemies":"Lagavulin","floor":8.0,"turns":6.0},{"damage":1.0,"enemies":"3 Sentries","floor":12.0,"turns":7.0},{"damage":0.0,"enemies":"Exordium Wildlife","floor":14.0,"turns":3.0},{"damage":8.0,"enemies":"Slime Boss","floor":16.0,"turns":8.0},{"damage":0.0,"enemies":"Chosen","floor":18.0,"turns":3.0},{"damage":8.0,"enemies":"Shell Parasite","floor":19.0,"turns":3.0},{"damage":19.0,"enemies":"Slavers","floor":23.0,"turns":6.0},{"damage":2.0,"enemies":"Masked Bandits","floor":25.0,"turns":4.0},{"damage":5.0,"enemies":"Book of Stabbing","floor":27.0,"turns":5.0},{"damage":10.0,"enemies":"Snake Plant","floor":30.0,"turns":4.0},{"damage":0.0,"enemies":"Gremlin Leader","floor":31.0,"turns":4.0},{"damage":4.0,"enemies":"Automaton","floor":33.0,"turns":8.0},{"damage":7.0,"enemies":"3 Darklings","floor":35.0,"turns":3.0},{"damage":0.0,"enemies":"Orb Walker","floor":36.0,"turns":4.0},{"damage":0.0,"enemies":"Maw","floor":37.0,"turns":7.0},{"damage":0.0,"enemies":"Reptomancer","floor":41.0,"turns":6.0},{"damage":0.0,"enemies":"Sphere and 2 Shapes","floor":44.0,"turns":6.0},{"damage":2.0,"enemies":"Nemesis","floor":45.0,"turns":6.0},{"damage":0.0,"enemies":"Reptomancer","floor":47.0,"turns":6.0},{"damage":31.0,"enemies":"Jaw Worm Horde","floor":48.0,"turns":4.0},{"damage":28.0,"enemies":"Donu and Deca","floor":50.0,"turns":11.0},{"damage":27.0,"enemies":"Shield and Spear","floor":54.0,"turns":6.0},{"damage":13,"enemies":"The Heart","floor":55,"turns":8}],"seed_played":"3272438494546365892","potions_obtained":[{"floor":4.0,"key":"SneckoOil"},{"floor":6.0,"key":"Fire Potion"},{"floor":8.0,"key":"Fire Potion"},{"floor":16.0,"key":"CultistPotion"},{"floor":27.0,"key":"ColorlessPotion"},{"floor":30.0,"key":"AttackPotion"},{"floor":31.0,"key":"ColorlessPotion"},{"floor":33.0,"key":"Weak Potion"},{"floor":35.0,"key":"PowerPotion"},{"floor":44.0,"key":"DuplicationPotion"},{"floor":45.0,"key":"Ancient Potion"}],"is_trial":false,"path_per_floor":["M","M","?","M","?","E","R","E","T","T","R","E","R","M","R","B",null,"M","M","$","?","?","E","R","?","T","E","?","R","M","E","R","B",null,"M","M","M","$","T","R","E","R","T","M","E","$","E","M","R","B",null,"R","$","E","B",null],"character_chosen":"DEFECT","items_purchased":["Gash","Gash","Echo Form","ClockworkSouvenir"],"campfire_rested":2,"item_purchase_floors":[20,20,20,38],"current_hp_per_floor":[71,71,71,69,69,55,55,39,39,39,39,38,38,38,38,30,59,59,51,51,51,51,32,32,30,30,25,25,45,35,35,35,31,60,53,53,53,53,53,53,55,55,55,57,57,72,74,45,68,40,69,69,79,54,41],"gold":46,"neow_bonus":"BOSS_RELIC","is_daily":false,"chose_seed":false,"campfire_upgraded":5,"win_rate":0.0,"timestamp":1614230219,"path_taken":["M","M","?","M","?","E","R","E","T","?","R","E","R","?","R","BOSS","M","M","$","?","?","E","R","?","T","E","?","R","M","E","R","BOSS","M","?","M","$","?","R","E","R","T","M","E","$","E","M","R","BOSS","R","$","E","BOSS"],"items_purchased_type":["Card","Card","Card","Relic"],"build_version":"2020-12-22","purchased_purges":1,"victory":true,"max_hp_per_floor":[75,75,75,75,69,69,69,69,69,69,69,69,69,69,69,69,69,69,69,69,69,69,69,69,69,69,69,69,69,69,69,69,69,69,69,69,69,69,69,69,71,71,71,73,75,75,77,79,79,79,79,79,79,81,81],"relic_stats":{"Singing Bowl":12,"counters":[27,147],"Golden Idol":221,"Dead Branch":[69],"Pen Nib":[2],"Juzu Bracelet":0,"Letter Opener":[80],"Orichalcum":[126],"Boot":[49],"Ornamental Fan":[192],"Bronze Scales":[325],"Tiny Chest":1,"MealTicket":25,"Ectoplasm":618,"obtain_stats":[{"Girya":6,"Singing Bowl":39,"Golden Idol":5,"Dead Branch":12,"The Courier":10,"Pen Nib":54,"Juzu Bracelet":41,"Letter Opener":47,"Orichalcum":8,"Boot":31,"White Beast Statue":26,"Akabeko":43,"ClockworkSouvenir":38,"SlaversCollar":34,"Matryoshka":9,"Ornamental Fan":28,"Bronze Scales":27,"Tiny Chest":23,"MealTicket":45,"Ectoplasm":17,"Bag of Marbles":10,"Red Mask":25,"Cracked Core":0,"Runic Pyramid":0},{"Girya":4,"Singing Bowl":19,"Golden Idol":3,"Dead Branch":6,"The Courier":5,"Pen Nib":26,"Juzu Bracelet":20,"Letter Opener":23,"Orichalcum":5,"Boot":15,"White Beast Statue":12,"Akabeko":20,"ClockworkSouvenir":19,"SlaversCollar":16,"Matryoshka":5,"Ornamental Fan":13,"Bronze Scales":13,"Tiny Chest":11,"MealTicket":22,"Ectoplasm":8,"Bag of Marbles":5,"Red Mask":12,"Cracked Core":0,"Runic Pyramid":0},{"Girya":19,"Singing Bowl":94,"Golden Idol":9,"Dead Branch":32,"The Courier":25,"Pen Nib":139,"Juzu Bracelet":100,"Letter Opener":118,"Orichalcum":25,"Boot":72,"White Beast Statue":59,"Akabeko":100,"ClockworkSouvenir":94,"SlaversCollar":80,"Matryoshka":25,"Ornamental Fan":64,"Bronze Scales":64,"Tiny Chest":55,"MealTicket":112,"Ectoplasm":43,"Bag of Marbles":25,"Red Mask":59,"Cracked Core":0,"Runic Pyramid":0}]},"card_choices":[{"not_picked":["Turbo","FTL"],"picked":"Chill","floor":1.0},{"not_picked":["Steam Power","Scrape"],"picked":"Turbo","floor":2.0},{"not_picked":["Barrage","Rebound"],"picked":"Sweeping Beam","floor":4.0},{"not_picked":["Consume","Fusion"],"picked":"Ball Lightning","floor":6.0},{"not_picked":["Steam","Recycle"],"picked":"Cold Snap","floor":8.0},{"not_picked":["Redo","Buffer"],"picked":"Chill","floor":12.0},{"not_picked":["Conserve Battery","Leap"],"picked":"Gash","floor":14.0},{"not_picked":["Thunder Strike","Electrodynamics"],"picked":"Biased Cognition","floor":16.0},{"not_picked":["Streamline+1","Rebound"],"picked":"Go for the Eyes","floor":18.0},{"not_picked":["Rip and Tear","Genetic Algorithm"],"picked":"Coolheaded+1","floor":19.0},{"not_picked":["Conserve Battery+1","Melter","Fission"],"picked":"SKIP","floor":23.0},{"not_picked":["White Noise","Scrape+1","Beam Cell"],"picked":"SKIP","floor":27.0},{"not_picked":["Heatsinks","Sweeping Beam","Cold Snap+1"],"picked":"SKIP","floor":30.0},{"not_picked":["BootSequence","Compile Driver"],"picked":"Gash","floor":31.0},{"not_picked":["Barrage+1","Turbo+1"],"picked":"Stack+1","floor":35.0},{"not_picked":["Chaos+1","Rebound+1"],"picked":"Glacier+1","floor":36.0},{"not_picked":["Lockon","Cold Snap"],"picked":"Defragment+1","floor":37.0},{"not_picked":["Sweeping Beam","BootSequence","White Noise+1"],"picked":"Singing Bowl","floor":41.0},{"not_picked":["Beam Cell","Redo","Glacier"],"picked":"Singing Bowl","floor":44.0},{"not_picked":["Sweeping Beam+1","Fusion+1","Streamline"],"picked":"Singing Bowl","floor":45.0},{"not_picked":["Chill+1","Lockon","Force Field+1"],"picked":"Singing Bowl","floor":47.0},{"not_picked":["Barrage","Redo+1","Compile Driver"],"picked":"Singing Bowl","floor":48.0},{"not_picked":["Tempest","Leap","Redo"],"picked":"Singing Bowl","floor":54.0}],"player_experience":102026,"relics_obtained":[{"floor":6.0,"key":"Girya"},{"floor":8.0,"key":"Orichalcum"},{"floor":9.0,"key":"Matryoshka"},{"floor":10.0,"key":"Bag of Marbles"},{"floor":10.0,"key":"The Courier"},{"floor":12.0,"key":"Dead Branch"},{"floor":23.0,"key":"Tiny Chest"},{"floor":25.0,"key":"Red Mask"},{"floor":26.0,"key":"White Beast Statue"},{"floor":27.0,"key":"Bronze Scales"},{"floor":31.0,"key":"Boot"},{"floor":39.0,"key":"Singing Bowl"},{"floor":41.0,"key":"Juzu Bracelet"},{"floor":43.0,"key":"Akabeko"},{"floor":45.0,"key":"MealTicket"},{"floor":47.0,"key":"Letter Opener"},{"floor":54.0,"key":"Pen Nib"}],"event_choices":[{"cards_removed":["Strike_B"],"damage_healed":0.0,"max_hp_gain":0.0,"max_hp_loss":0.0,"gold_gain":0.0,"event_name":"The Cleric","player_choice":"Card Removal","floor":3.0,"gold_loss":50.0,"damage_taken":0.0},{"damage_healed":0.0,"max_hp_gain":0.0,"max_hp_loss":6.0,"gold_gain":0.0,"event_name":"Golden Idol","player_choice":"Lose Max HP","floor":5.0,"gold_loss":0.0,"damage_taken":0.0,"relics_obtained":["Golden Idol"]},{"cards_removed":["Strike_B"],"damage_healed":0.0,"max_hp_gain":0.0,"max_hp_loss":0.0,"gold_gain":0.0,"event_name":"Beggar","player_choice":"Gave Gold","floor":21.0,"gold_loss":75.0,"damage_taken":0.0},{"damage_healed":0.0,"max_hp_gain":0.0,"max_hp_loss":0.0,"gold_gain":0.0,"cards_transformed":["Strike_B","Defend_B"],"event_name":"Drug Dealer","player_choice":"Became Test Subject","floor":22.0,"gold_loss":0.0,"damage_taken":0.0,"cards_obtained":["Redo","Consume"]},{"damage_healed":0.0,"max_hp_gain":0.0,"max_hp_loss":0.0,"gold_gain":0.0,"event_name":"Masked Bandits","player_choice":"Fought Bandits","floor":25.0,"gold_loss":0.0,"damage_taken":0.0},{"damage_healed":0.0,"max_hp_gain":0.0,"max_hp_loss":0.0,"gold_gain":0.0,"event_name":"WeMeetAgain","player_choice":"Gave Potion","floor":28.0,"gold_loss":0.0,"damage_taken":0.0,"relics_obtained":["Ornamental Fan"]}],"is_beta":false,"boss_relics":[{"not_picked":["Busted Crown","Snecko Eye"],"picked":"Ectoplasm"},{"not_picked":["Velvet Choker","Philosopher\u0027s Stone"],"picked":"SlaversCollar"}],"items_purged_floors":[20],"is_endless":false,"potions_floor_spawned":[4,6,8,16,19,27,30,31,33,35,36,37,41,44,45,47,48,54],"ascension_level":5}}