{"host":"z3m7ofiwbo1p8b5b","time":1614293547,"event":{"mods":["BaseMod","BetterRewards","Downfall","Minty Spire (QoL Compilation)","Replay The Spire","StSLib"],"gold_per_floor":[114,127,127,144,164,164,164,164,191,224,224,253,285,285,285,406,506,532,568,568,281,310,324,324],"floor_reached":23,"language":"ENG","playtime":1273,"items_purged":[],"score":185,"play_id":"05a82f79-d20c-477f-9f2b-3f4f25ca20e2","local_time":"20210225175227","is_ascension_mode":false,"campfire_choices":[{"data":"Survivor","floor":6,"key":"SMITH"},{"data":"Envenom","floor":11,"key":"SMITH"},{"data":"Bane","floor":15,"key":"SMITH"}],"circlet_count":0,"master_deck":["Strike_G","Strike_G","Strike_G","Strike_G","Strike_G","Defend_G","Defend_G","Defend_G","Defend_G","Defend_G","Survivor+1","Neutralize+1","Cloak And Dagger+1","Envenom+1","Sucker Punch","Bane+1","Corpse Explosion","Flying Knee","Hidden Blade"],"relics":["Ring of the Snake","Replay:Bandana","Bronze Scales","GremlinMask","Replay:Wanted Poster","Vampiric Spirits"],"acts_visited":["Exordium","TheCity"],"potions_floor_usage":[13],"damage_taken":[{"damage":1,"enemies":"Cultist","floor":1,"turns":4},{"damage":0,"enemies":"2 Louse","floor":2,"turns":3},{"damage":1,"enemies":"Small Slimes","floor":4,"turns":3},{"damage":8,"enemies":"2 Fungi Beasts","floor":5,"turns":5},{"damage":0,"enemies":"Looter","floor":10,"turns":4},{"damage":0,"enemies":"3 Louse","floor":12,"turns":4},{"damage":0,"enemies":"2 Fungi Beasts","floor":13,"turns":2},{"damage":21,"enemies":"Hexaghost","floor":16,"turns":10},{"damage":10,"enemies":"2 Thieves","floor":18,"turns":3},{"damage":17,"enemies":"Spheric Guardian","floor":19,"turns":5},{"damage":32,"enemies":"Shelled Parasite and Fungi","floor":22,"turns":8},{"damage":19,"enemies":"Replay:Snechameleon","floor":23,"turns":6}],"seed_played":"-55593918146291228","potions_obtained":[{"floor":5,"key":"FearPotion"},{"floor":12,"key":"Explosive Potion"},{"floor":16,"key":"Elixir"}],"is_trial":false,"path_per_floor":["M","M","?","M","M","R","$","?","T","M","R","M","M","?","R","B",null,"M","M","?","$","M","E"],"character_chosen":"THE_SILENT","items_purchased":["Vampiric Spirits"],"campfire_rested":0,"item_purchase_floors":[21],"current_hp_per_floor":[69,69,69,68,60,60,60,60,60,60,60,60,60,60,60,39,70,60,43,43,43,13,0,0],"gold":324,"neow_bonus":"RANDOM_EVENT","is_daily":false,"chose_seed":false,"campfire_upgraded":3,"win_rate":0.0,"timestamp":1614293547,"path_taken":["M","M","?","?","M","R","$","?","T","M","R","M","?","?","R","BOSS","M","M","?","$","M","E"],"items_purchased_type":["Relic"],"build_version":"2020-12-22","purchased_purges":0,"victory":false,"max_hp_per_floor":[70,70,70,70,70,70,70,70,70,70,70,70,70,70,70,70,70,70,70,70,70,70,70,70],"card_choices":[{"not_picked":["Hidden Blade","ReplayTheSpireMod:Shiv Toss"],"picked":"Cloak And Dagger","floor":1},{"not_picked":["Catalyst","Poisoned Stab","Dagger Throw"],"picked":"SKIP","floor":2},{"not_picked":["Skewer","Dodge and Roll","Backflip"],"picked":"SKIP","floor":4},{"not_picked":["Deadly Poison","Backflip","Reflex"],"picked":"SKIP","floor":5},{"not_picked":["PiercingWail","Predator"],"picked":"Envenom","floor":10},{"not_picked":["Endless Agony","Skewer"],"picked":"Sucker Punch","floor":12},{"not_picked":["ReplayTheSpireMod:The Works","Fluid Movement"],"picked":"Bane","floor":13},{"not_picked":["Poison Darts","Wraith Form v2"],"picked":"Corpse Explosion","floor":16},{"not_picked":["Sneak Up","ReplayTheSpireMod:Exploit Weakness","Distraction"],"picked":"SKIP","floor":18},{"not_picked":["Well Laid Plans","Crippling Poison"],"picked":"Flying Knee","floor":19},{"not_picked":["Acrobatics","ReplayTheSpireMod:Shiv Toss+1"],"picked":"Hidden Blade","floor":22}],"player_experience":225560,"relics_obtained":[{"floor":9,"key":"Bronze Scales"}],"event_choices":[{"damage_healed":0,"gold_gain":0,"player_choice":"Grow","damage_taken":0,"max_hp_gain":0,"max_hp_loss":0,"event_name":"Living Wall","floor":0,"gold_loss":0,"cards_upgraded":["Neutralize"]},{"damage_healed":0,"gold_gain":0,"player_choice":"Upgraded","damage_taken":0,"max_hp_gain":0,"max_hp_loss":0,"event_name":"Upgrade Shrine","floor":3,"gold_loss":0,"cards_upgraded":["Cloak And Dagger"]},{"damage_healed":0,"gold_gain":0,"player_choice":"Gave Potion","damage_taken":0,"relics_obtained":["Replay:Bandana"],"max_hp_gain":0,"max_hp_loss":0,"event_name":"WeMeetAgain","floor":8,"gold_loss":0},{"damage_healed":0,"gold_gain":0,"player_choice":"Trade","damage_taken":0,"relics_obtained":["GremlinMask"],"max_hp_gain":0,"max_hp_loss":0,"event_name":"FaceTrader","floor":14,"gold_loss":0},{"damage_healed":0,"gold_gain":0,"player_choice":"Ignored","damage_taken":0,"max_hp_gain":0,"max_hp_loss":0,"event_name":"Beggar","floor":20,"gold_loss":0}],"is_beta":false,"boss_relics":[{"not_picked":["Abe\u0027s Treasure","Tiny House"],"picked":"Replay:Wanted Poster"}],"items_purged_floors":[],"is_endless":false,"potions_floor_spawned":[5,12,16],"killed_by":"Replay:Snechameleon","ascension_level":0}}