{"host":"flm17o2q7bfjyna6","time":1614282302,"event":{"mods":["2.2 Compatiblity","Act Like it!","BaseMod","Better Altar","Better Match","Better Note","Better Sensory Stone","Better Skull","Better Third Choice","Better Vampires","Colored Map","Colored Powertips","DeckTracker","Downfall","Fox Events","Minty Spire (QoL Compilation)","Quick Restart","Reworked Bosses","Spicy Shops","StSLib","TheSwordswoman","Wandering Minibosses"],"gold_per_floor":[99,115,129,129,229,129,156,81,95,95,129,129,143,143,163,163,163,163],"floor_reached":16,"language":"ENG","playtime":355,"items_purged":[],"score":120,"play_id":"7a1c8bac-0fd7-4559-ad62-7229a7e23f7b","local_time":"20210225144502","is_ascension_mode":true,"campfire_choices":[{"floor":1,"key":"RECALL"},{"data":"bronze:Constructor","floor":6,"key":"SMITH"},{"data":"bronze:NullPointer","floor":10,"key":"SMITH"},{"data":"bronze:Separator","floor":12,"key":"SMITH"}],"circlet_count":0,"master_deck":["bronze:Strike","bronze:Strike","bronze:Strike","bronze:Strike","bronze:Defend","bronze:Defend+1","bronze:Defend","bronze:Defend+1","bronze:Replicate+1","bronze:Goto+1","bronze:Constructor+1","bronze:Fortify","Dramatic Entrance+1","bronze:NullPointer+1","bronze:Separator+1","bronze:SpaghettiCode","bronze:Flail"],"relics":["bronze:BronzeCore","Anchor","downfall:HeartBlessingRed","Juzu Bracelet","Bottled Flame"],"acts_visited":["Exordium"],"potions_floor_usage":[16,16],"damage_taken":[{"damage":0,"enemies":"Cultist","floor":2,"turns":4},{"damage":0,"enemies":"2 Louse","floor":3,"turns":3},{"damage":0,"enemies":"Small Slimes","floor":9,"turns":1},{"damage":32,"enemies":"Gremlin Nob","floor":11,"turns":4},{"damage":0,"enemies":"downfall:LooterAlt","floor":13,"turns":2},{"damage":0,"enemies":"3 Louse","floor":15,"turns":1},{"damage":44,"enemies":"WA_ARCHETYPE_RETAIN","floor":16,"turns":7}],"seed_played":"1951137521922977390","potions_obtained":[{"floor":3,"key":"SpeedPotion"},{"floor":15,"key":"GamblersBrew"}],"is_trial":false,"path_per_floor":["R","M","M","?","?","R","T","?","M","R","E","R","M","?","M","B"],"character_chosen":"THE_AUTOMATON","items_purchased":[],"campfire_rested":0,"item_purchase_floors":[],"current_hp_per_floor":[70,70,70,70,70,70,70,70,70,70,38,38,38,35,35,0,0,0],"gold":163,"neow_bonus":"RANDOM_COMMON_RELIC","is_daily":false,"chose_seed":false,"campfire_upgraded":3,"win_rate":0.0,"timestamp":1614282302,"path_taken":["R","M","M","?","?","R","T","?","M","R","E","R","M","?","M","BOSS"],"items_purchased_type":[],"build_version":"2020-12-22","purchased_purges":0,"victory":false,"max_hp_per_floor":[70,70,70,70,70,70,70,70,70,70,70,70,70,70,70,70,70,70],"card_choices":[{"not_picked":["bronze:GetLatest","bronze:BugBarrage"],"picked":"bronze:Constructor","floor":2},{"not_picked":["bronze:Overheat","bronze:Iterate"],"picked":"bronze:Fortify","floor":3},{"not_picked":["Bandage Up+1","Flash of Steel+1"],"picked":"Dramatic Entrance+1","floor":8},{"not_picked":["bronze:Philosophize","bronze:CutThrough"],"picked":"bronze:NullPointer","floor":9},{"not_picked":["bronze:Overload","bronze:Turbo"],"picked":"bronze:Separator","floor":11},{"not_picked":["bronze:Turbo","bronze:WhirlingStrike"],"picked":"bronze:SpaghettiCode","floor":13},{"not_picked":["bronze:Frontload","bronze:CutThrough"],"picked":"bronze:Flail","floor":15}],"player_experience":2014829,"relics_obtained":[{"floor":7,"key":"Juzu Bracelet"},{"floor":11,"key":"Bottled Flame"}],"event_choices":[{"damage_healed":0,"gold_gain":100,"player_choice":"Gold","damage_taken":0,"max_hp_gain":0,"max_hp_loss":0,"event_name":"Wheel of Change","floor":5,"gold_loss":0},{"damage_healed":0,"gold_gain":0,"player_choice":"2","damage_taken":0,"max_hp_gain":0,"max_hp_loss":0,"event_name":"betterMatch:BetterMatch","floor":8,"gold_loss":0,"cards_obtained":["betterMatch:ColorlessUncommonCard"]}],"is_beta":false,"boss_relics":[],"items_purged_floors":[],"is_endless":false,"potions_floor_spawned":[3,15],"killed_by":"WA_ARCHETYPE_RETAIN","ascension_level":4}}