{"host":"o88u0awh8mkwl1l8","time":1614222037,"event":{"mods":["BaseMod","Colored Map","Highlight Path","Minty Spire (QoL Compilation)","Relic Sorter"],"gold_per_floor":[218,230,23,53,53,53,108,27,106,142,180,214,258,297,297,410,410,450,486,486,526,549,549,592,613,613,758,758,794,844,900,900,1016,1016,1054,859,902,902,927,983,983,1033,1059,1074,1074,1114,1134,458,458,458,458,458],"floor_reached":51,"language":"JPN","playtime":3469,"items_purged":["Strike_P","Defend_P+1"],"score":1623,"play_id":"58b7d237-5aa7-42b0-9309-c54afb2db3f3","local_time":"20210225120037","is_ascension_mode":true,"campfire_choices":[{"data":"Conclude","floor":6.0,"key":"SMITH"},{"data":"Consecrate","floor":15.0,"key":"SMITH"},{"floor":23.0,"key":"REST"},{"floor":28.0,"key":"REST"},{"floor":32.0,"key":"RECALL"},{"floor":41.0,"key":"REST"},{"floor":45.0,"key":"REST"},{"floor":49.0,"key":"REST"}],"circlet_count":0,"master_deck":["AscendersBane","Strike_P+1","Strike_P+1","Strike_P+1","Defend_P+1","Defend_P+1","Defend_P+1","Eruption+1","Vigilance+1","CutThroughFate+1","Conclude+1","HandOfGreed+1","EmptyFist+1","CrushJoints+1","Wallop+1","EmptyBody+1","Consecrate+1","Tantrum+1","MentalFortress+1","Scrawl+1","MentalFortress+1","ThirdEye+1","FearNoEvil+1","FlurryOfBlows+1","Scrawl+1","SpiritShield+1","Tantrum+1","TalkToTheHand+1","Indignation+1","TalkToTheHand","CutThroughFate+1","Adaptation"],"relics":["HolyWater","Kunai","Ornamental Fan","Golden Idol","Bronze Scales","Juzu Bracelet","Fusion Hammer","Red Mask","Meat on the Bone","Thread and Needle","Bottled Lightning","TeardropLocket","PreservedInsect","Mark of the Bloom","Vajra","MealTicket","Centennial Puzzle"],"acts_visited":["Exordium","TheCity","TheBeyond"],"potions_floor_usage":[51],"damage_taken":[{"damage":0.0,"enemies":"Jaw Worm","floor":1.0,"turns":3.0},{"damage":0.0,"enemies":"Cultist","floor":2.0,"turns":3.0},{"damage":0.0,"enemies":"2 Louse","floor":4.0,"turns":3.0},{"damage":10.0,"enemies":"3 Sentries","floor":7.0,"turns":4.0},{"damage":7.0,"enemies":"Lagavulin","floor":10.0,"turns":5.0},{"damage":3.0,"enemies":"Blue Slaver","floor":11.0,"turns":3.0},{"damage":0.0,"enemies":"Exordium Thugs","floor":12.0,"turns":2.0},{"damage":1.0,"enemies":"Large Slime","floor":13.0,"turns":3.0},{"damage":1.0,"enemies":"Lots of Slimes","floor":14.0,"turns":6.0},{"damage":0.0,"enemies":"Slime Boss","floor":16.0,"turns":7.0},{"damage":0.0,"enemies":"3 Byrds","floor":18.0,"turns":2.0},{"damage":6.0,"enemies":"Shell Parasite","floor":19.0,"turns":3.0},{"damage":0.0,"enemies":"Masked Bandits","floor":21.0,"turns":2.0},{"damage":13.0,"enemies":"Snecko","floor":22.0,"turns":4.0},{"damage":33.0,"enemies":"Book of Stabbing","floor":24.0,"turns":5.0},{"damage":3.0,"enemies":"Chosen and Byrds","floor":25.0,"turns":5.0},{"damage":9.0,"enemies":"Colosseum Slavers","floor":27.0,"turns":5.0},{"damage":16.0,"enemies":"Colosseum Nobs","floor":27.0,"turns":3.0},{"damage":0.0,"enemies":"Gremlin Leader","floor":29.0,"turns":6.0},{"damage":6.0,"enemies":"Book of Stabbing","floor":31.0,"turns":4.0},{"damage":29.0,"enemies":"Collector","floor":33.0,"turns":4.0},{"damage":0.0,"enemies":"3 Shapes","floor":35.0,"turns":2.0},{"damage":0.0,"enemies":"Orb Walker","floor":37.0,"turns":1.0},{"damage":0.0,"enemies":"Transient","floor":39.0,"turns":6.0},{"damage":0.0,"enemies":"Reptomancer","floor":40.0,"turns":1.0},{"damage":0.0,"enemies":"4 Shapes","floor":44.0,"turns":3.0},{"damage":0.0,"enemies":"Maw","floor":46.0,"turns":3.0},{"damage":0.0,"enemies":"3 Darklings","floor":47.0,"turns":1.0},{"damage":13.0,"enemies":"Donu and Deca","floor":50.0,"turns":7.0},{"damage":58,"enemies":"Time Eater","floor":51,"turns":3}],"seed_played":"1166492504201381451","potions_obtained":[{"floor":4.0,"key":"Block Potion"},{"floor":10.0,"key":"Weak Potion"},{"floor":12.0,"key":"SpeedPotion"},{"floor":13.0,"key":"LiquidMemories"},{"floor":18.0,"key":"DuplicationPotion"},{"floor":19.0,"key":"BlessingOfTheForge"},{"floor":25.0,"key":"BlessingOfTheForge"},{"floor":27.0,"key":"LiquidMemories"},{"floor":35.0,"key":"SteroidPotion"}],"is_trial":false,"path_per_floor":["M","M","$","M","?","R","E","$","T","E","M","M","M","M","R","B",null,"M","M","?","?","M","R","E","M","T","?","R","E","?","E","R","B",null,"M","$","M","?","M","E","R","?","T","M","R","M","M","$","R","B","B"],"character_chosen":"WATCHER","items_purchased":["HandOfGreed","Wallop","TalkToTheHand","DuplicationPotion","Kunai","Centennial Puzzle","PowerPotion","Adaptation"],"campfire_rested":5,"item_purchase_floors":[3,8,36,36,48,48,48,48],"current_hp_per_floor":[61,61,61,61,61,61,51,51,51,44,41,41,40,39,39,39,61,61,55,55,55,42,62,29,38,38,37,57,57,57,51,51,34,60,60,60,60,60,60,60,60,60,60,60,60,60,60,60,60,47,0,0],"gold":458,"neow_bonus":"HUNDRED_GOLD","is_daily":false,"chose_seed":false,"campfire_upgraded":2,"win_rate":0.0,"timestamp":1614222037,"path_taken":["M","M","$","M","?","R","E","$","T","E","M","M","M","M","R","BOSS","M","M","?","?","M","R","E","M","T","?","R","E","?","E","R","BOSS","M","$","M","?","M","E","R","?","T","M","R","M","M","$","R","BOSS","BOSS"],"items_purchased_type":["Card","Card","Card","Potion","Relic","Relic","Potion","Card"],"build_version":"2020-12-22","purchased_purges":2,"victory":false,"max_hp_per_floor":[68,68,68,68,68,68,68,68,68,68,68,68,68,68,68,68,68,68,68,68,68,68,68,68,68,68,68,68,68,68,68,68,68,68,68,68,68,68,68,68,68,68,68,68,68,68,68,68,68,68,68,68],"card_choices":[{"not_picked":["EmptyBody","EmptyFist"],"picked":"CutThroughFate","floor":1.0},{"not_picked":["EmptyFist","PathToVictory"],"picked":"Conclude","floor":2.0},{"not_picked":["ForeignInfluence","FlurryOfBlows"],"picked":"EmptyFist","floor":4.0},{"not_picked":["Crescendo","LikeWater"],"picked":"CrushJoints","floor":7.0},{"not_picked":["SignatureMove","Consecrate"],"picked":"EmptyBody","floor":10.0},{"not_picked":["Weave","FlyingSleeves","ForeignInfluence"],"picked":"SKIP","floor":11.0},{"not_picked":["FlurryOfBlows","EmptyBody"],"picked":"Consecrate","floor":12.0},{"not_picked":["FlurryOfBlows","WheelKick"],"picked":"Tantrum","floor":13.0},{"not_picked":["WaveOfTheHand","Indignation"],"picked":"MentalFortress","floor":14.0},{"not_picked":["Devotion","ConjureBlade"],"picked":"Scrawl","floor":16.0},{"not_picked":["PathToVictory+1","ThirdEye"],"picked":"MentalFortress","floor":18.0},{"not_picked":["JustLucky","Crescendo","Collect"],"picked":"SKIP","floor":19.0},{"not_picked":["SignatureMove+1","JustLucky+1","Prostrate+1"],"picked":"SKIP","floor":22.0},{"not_picked":["SignatureMove","FollowUp"],"picked":"ThirdEye+1","floor":24.0},{"not_picked":["Meditate","JustLucky"],"picked":"FearNoEvil","floor":25.0},{"not_picked":["Wish","FollowUp"],"picked":"FlurryOfBlows","floor":27.0},{"not_picked":["Crescendo","Prostrate","ClearTheMind"],"picked":"SKIP","floor":29.0},{"not_picked":["WheelKick","EmptyMind"],"picked":"Scrawl","floor":31.0},{"not_picked":["MasterReality","Ragnarok"],"picked":"SpiritShield","floor":33.0},{"not_picked":["Crescendo","FollowUp+1"],"picked":"Tantrum","floor":35.0},{"not_picked":["FollowUp","BattleHymn"],"picked":"Indignation+1","floor":37.0},{"not_picked":["FlyingSleeves","CutThroughFate"],"picked":"TalkToTheHand","floor":39.0},{"not_picked":["Pray+1","Halt","Scrawl"],"picked":"SKIP","floor":40.0},{"not_picked":["FollowUp+1","EmptyFist","LikeWater"],"picked":"SKIP","floor":44.0},{"not_picked":["FollowUp+1","EmptyFist","LikeWater"],"picked":"SKIP","floor":44.0},{"not_picked":["EmptyFist","ClearTheMind+1"],"picked":"CutThroughFate+1","floor":46.0},{"not_picked":["Prostrate","SashWhip","DeceiveReality"],"picked":"SKIP","floor":47.0}],"player_experience":1340843,"relics_obtained":[{"floor":7.0,"key":"Bronze Scales"},{"floor":10.0,"key":"Juzu Bracelet"},{"floor":21.0,"key":"Red Mask"},{"floor":24.0,"key":"Meat on the Bone"},{"floor":26.0,"key":"Ornamental Fan"},{"floor":27.0,"key":"Thread and Needle"},{"floor":27.0,"key":"Bottled Lightning"},{"floor":29.0,"key":"TeardropLocket"},{"floor":31.0,"key":"PreservedInsect"},{"floor":40.0,"key":"Vajra"},{"floor":43.0,"key":"MealTicket"}],"event_choices":[{"damage_healed":0.0,"max_hp_gain":0.0,"max_hp_loss":0.0,"gold_gain":0.0,"event_name":"Golden Idol","player_choice":"Take Wound","floor":5.0,"gold_loss":0.0,"damage_taken":0.0,"relics_obtained":["Golden Idol"],"cards_obtained":["Injury"]},{"cards_removed":["Injury"],"damage_healed":0.0,"max_hp_gain":0.0,"max_hp_loss":0.0,"gold_gain":0.0,"event_name":"Wheel of Change","player_choice":"Card Removal","floor":20.0,"gold_loss":0.0,"damage_taken":0.0},{"damage_healed":0.0,"max_hp_gain":0.0,"max_hp_loss":0.0,"gold_gain":0.0,"event_name":"Masked Bandits","player_choice":"Fought Bandits","floor":21.0,"gold_loss":0.0,"damage_taken":0.0},{"damage_healed":0.0,"max_hp_gain":0.0,"max_hp_loss":0.0,"gold_gain":0.0,"event_name":"Colosseum","player_choice":"Fight","floor":27.0,"gold_loss":0.0,"damage_taken":0.0},{"damage_healed":0.0,"max_hp_gain":0.0,"max_hp_loss":0.0,"gold_gain":0.0,"event_name":"Colosseum","player_choice":"Fought Nobs","floor":27.0,"gold_loss":0.0,"damage_taken":0.0},{"damage_healed":0.0,"max_hp_gain":0.0,"max_hp_loss":0.0,"gold_gain":50.0,"event_name":"Golden Shrine","player_choice":"Pray","floor":30.0,"gold_loss":0.0,"damage_taken":0.0},{"damage_healed":0.0,"max_hp_gain":0.0,"max_hp_loss":0.0,"gold_gain":0.0,"event_name":"MindBloom","player_choice":"Upgrade","floor":38.0,"gold_loss":0.0,"damage_taken":0.0,"cards_upgraded":["Strike_P","Strike_P","Strike_P","Defend_P","Defend_P","Defend_P","Defend_P","Eruption","Vigilance","CutThroughFate","HandOfGreed","EmptyFist","CrushJoints","Wallop","EmptyBody","Tantrum","MentalFortress","Scrawl","MentalFortress","FearNoEvil","FlurryOfBlows","Scrawl","SpiritShield","Tantrum","TalkToTheHand"],"relics_obtained":["Mark of the Bloom"]},{"damage_healed":0.0,"max_hp_gain":0.0,"max_hp_loss":0.0,"gold_gain":50.0,"event_name":"Golden Shrine","player_choice":"Pray","floor":42.0,"gold_loss":0.0,"damage_taken":0.0}],"is_beta":false,"boss_relics":[{"not_picked":["Runic Pyramid","Black Star"],"picked":"Fusion Hammer"},{"not_picked":["Calling Bell","SlaversCollar"],"picked":"HolyWater"}],"items_purged_floors":[36,48],"is_endless":false,"potions_floor_spawned":[4,10,12,13,14,18,19,25,27,35,37,39,44],"killed_by":"Time Eater","ascension_level":20}}