{"host":"vhu12qr9yy4p5pn7","time":1614259737,"event":{"mods":["BaseMod","Challenge The Spire","Downfall","Minty Spire (QoL Compilation)","Permanent Neow","Quick Restart","Spicy Shops","StSLib","óô»ðÖ¸ÄÏ"],"gold_per_floor":[4000,4020,4032,2876,2893,2924,2941,2375,2375,2385,2443,1798,1827,1838,1365,1439,1439,4416,4429,4429,3827,3827,3297,2353,2382,2460,2490,2153,2185,2197,2248,1834,1909,1909,1922,1570,1570,1648,1723,1723,1736,1811,1811,1508,1539,1366,1398,1221,1221,1129,1146,832,757,707,707,780,780,797,797,822,822,840,649,681,681,706,718,751,435,535,545,251,322,322,334,202,235,252,262,262,313,313,344,244,261,82,114,0,0,73,144,144,144],"floor_reached":92,"language":"ZHS","playtime":9097,"items_purged":["Armaments","Shrug It Off","Writhe","True Grit","Dark Embrace","Spot Weakness","Barricade","Purity","Flame Barrier","Rage+1","Juggernaut","Dramatic Entrance","Metallicize+1","Iron Wave","Feed+1","Offering","Flame Barrier","Impervious","Iron Wave+1","Demon Form+1","Combust+1","Combust+1","Metallicize+1","Inflame+1"],"score":7219,"play_id":"362cc696-a352-437b-be7c-ea50ceab6b31","local_time":"20210225212857","daily_mods":["SealedDeck","Heirloom","Elite Swarm"],"is_ascension_mode":true,"campfire_choices":[{"data":"Iron Wave","floor":55,"key":"SMITH"},{"data":"Ghostly Armor","floor":65,"key":"SMITH"},{"data":"Bloodletting","floor":80,"key":"SMITH"}],"circlet_count":0,"master_deck":["AscendersBane","Armaments","Body Slam+1","Bloodletting+1","Shrug It Off+1","Entrench+1","Ghostly Armor+1","Panache+1","Barricade+1","Juggernaut+1","Berserk+1","Juggernaut+1","Iron Wave+1","Impervious+1","Offering+1"],"relics":["Burning Blood","champ:DeflectingBracers","Chemical X","Question Card","Tiny Chest","Torii","Ice Cream","Meat on the Bone","Orichalcum","bronze:DonusWashers","Bottled Lightning","Bird Faced Urn","Guardian:BottledAnomaly","champ:Barbells","Runic Dome","Sundial","Membership Card","Frozen Egg 2","PreservedInsect","TheAbacus","MutagenicStrength","Sling","Mango","Bag of Marbles","Vajra","Strange Spoon","Gambling Chip","hexamod:BolsterEngine","Bag of Preparation","Slimebound:PreparedRelic","DollysMirror","War Paint","Ornamental Fan","Blue Candle","Blood Vial","Thread and Needle","Brimstone","Potion Belt","Art of War","Lantern","Lee\u0027s Waffle","Medical Kit","Runic Pyramid","bronze:BronzeIdol","HornCleat","bronze:MakeshiftBattery","Orrery","Old Coin","Smiling Mask","Anchor","Toxic Egg 2","OrangePellets","Bottled Tornado","Busted Crown","Nilry\u0027s Codex","Mummified Hand","Singing Bowl","Bronze Scales","hexamod:Sixitude","InkBottle","Whetstone","Unceasing Top","Philosopher\u0027s Stone","Happy Flower","Prayer Wheel","WingedGreaves","Red Mask","Fusion Hammer"],"acts_visited":["Exordium","TheCity","TheBeyond","Exordium","TheCity","TheBeyond","Exordium"],"potions_floor_usage":[39,39,46,85],"damage_taken":[{"damage":0.0,"enemies":"Small Slimes","floor":1.0,"turns":3.0},{"damage":0.0,"enemies":"Jaw Worm","floor":2.0,"turns":4.0},{"damage":9.0,"enemies":"2 Louse","floor":3.0,"turns":4.0},{"damage":13.0,"enemies":"Large Slime","floor":5.0,"turns":6.0},{"damage":20.0,"enemies":"3 Sentries","floor":6.0,"turns":6.0},{"damage":22.0,"enemies":"Exordium Thugs","floor":7.0,"turns":5.0},{"damage":7.0,"enemies":"2 Fungi Beasts","floor":10.0,"turns":4.0},{"damage":4.0,"enemies":"3 Sentries","floor":11.0,"turns":6.0},{"damage":26.0,"enemies":"Lagavulin","floor":13.0,"turns":5.0},{"damage":13.0,"enemies":"Large Slime","floor":14.0,"turns":7.0},{"damage":36.0,"enemies":"The Guardian","floor":16.0,"turns":6.0},{"damage":9.0,"enemies":"2 Thieves","floor":18.0,"turns":4.0},{"damage":9.0,"enemies":"Shell Parasite","floor":19.0,"turns":5.0},{"damage":4.0,"enemies":"Gremlin Leader","floor":25.0,"turns":3.0},{"damage":4,"enemies":"Book of Stabbing","floor":27,"turns":4},{"damage":3,"enemies":"Slavers","floor":29,"turns":1},{"damage":1,"enemies":"Snecko","floor":30,"turns":3},{"damage":26,"enemies":"Champ","floor":33,"turns":4},{"damage":0,"enemies":"3 Darklings","floor":35,"turns":2},{"damage":18,"enemies":"Time Eater","floor":38,"turns":6},{"damage":20,"enemies":"Donu and Deca","floor":39,"turns":5},{"damage":6,"enemies":"Cultist","floor":41,"turns":1},{"damage":24,"enemies":"Lagavulin","floor":45,"turns":2},{"damage":8,"enemies":"Gremlin Nob","floor":47,"turns":2},{"damage":6,"enemies":"Jaw Worm","floor":51,"turns":1},{"damage":12,"enemies":"The Guardian","floor":56,"turns":3},{"damage":5,"enemies":"Spheric Guardian","floor":58,"turns":3},{"damage":13,"enemies":"Book of Stabbing","floor":60,"turns":2},{"damage":4,"enemies":"Chosen","floor":62,"turns":3},{"damage":14,"enemies":"Slavers","floor":64,"turns":3},{"damage":10,"enemies":"Gremlin Leader","floor":66,"turns":2},{"damage":4,"enemies":"Shelled Parasite and Fungi","floor":67,"turns":2},{"damage":5,"enemies":"Book of Stabbing","floor":68,"turns":2},{"damage":24,"enemies":"Colosseum Slavers","floor":70,"turns":2},{"damage":6,"enemies":"Colosseum Nobs","floor":70,"turns":1},{"damage":3,"enemies":"Centurion and Healer","floor":71,"turns":3},{"damage":30,"enemies":"Automaton","floor":73,"turns":2},{"damage":10,"enemies":"3 Shapes","floor":75,"turns":1},{"damage":10,"enemies":"Nemesis","floor":77,"turns":1},{"damage":10,"enemies":"3 Darklings","floor":78,"turns":1},{"damage":10,"enemies":"4 Shapes","floor":79,"turns":1},{"damage":10,"enemies":"2 Orb Walkers","floor":81,"turns":1},{"damage":9,"enemies":"Reptomancer","floor":83,"turns":1},{"damage":19,"enemies":"Transient","floor":85,"turns":2},{"damage":11,"enemies":"Nemesis","floor":87,"turns":1},{"damage":22,"enemies":"Awakened One","floor":90,"turns":3},{"damage":31,"enemies":"Time Eater","floor":91,"turns":3}],"seed_played":"-6284719513220702426","potions_obtained":[{"floor":1.0,"key":"HeartOfIron"},{"floor":3.0,"key":"EntropicBrew"},{"floor":10.0,"key":"SteroidPotion"},{"floor":11.0,"key":"Fire Potion"},{"floor":13.0,"key":"Weak Potion"},{"floor":14.0,"key":"champ:CounterPotion"},{"floor":18.0,"key":"EntropicBrew"},{"floor":41,"key":"FearPotion"},{"floor":51,"key":"bronze:BurnAndBuffPotion"}],"is_trial":true,"path_per_floor":["M","M","M","$","M","E","M","R","T","M","?","R","E","M","R","B",null,"M","M","?","$","?","R","$","E","T","E","R","E","M","T","R","B",null,"M","$","?","B","B",null,"M","?","?","$","E","R","E","R","T","R","M","R","?","$","R","B",null,"M","?","E","?","M","R","E","R","E","M","E","$","?","M","R","B",null,"M","$","E","M","M","R","?","?","E","R","M","R","E","?","R","B","B",null],"character_chosen":"IRONCLAD","items_purchased":["Chemical X","Question Card","Juggernaut","Purity","Tiny Chest","Fruit Juice","Guardian:BlockOnCardUsePotion","Ice Cream","Shrug It Off","SpeedPotion","bronze:DonusWashers","Ghostly Armor","Bottled Lightning","Metallicize","Guardian:BottledAnomaly","champ:Barbells","Dramatic Entrance","Membership Card","Frozen Egg 2","Inflame+1","PreservedInsect","TheAbacus","Sling","Mango","Bag of Marbles","Vajra","Explosive Potion","Strange Spoon","Gambling Chip","hexamod:BolsterEngine","Bag of Preparation","Slimebound:PreparedRelic","Combust+1","DollysMirror","Panache+1","Blood Vial","Thread and Needle","Dark Embrace+1","Brimstone","Lantern","Lee\u0027s Waffle","Medical Kit","Swift Potion","Flame Barrier","bronze:BronzeIdol","HornCleat","Metallicize+1","Orrery","Old Coin","Smiling Mask","Fruit Juice","BlessingOfTheForge","Anchor","Guardian:BlockOnCardUsePotion","OrangePellets","Bottled Tornado","Iron Wave","Mummified Hand","Singing Bowl","Bronze Scales","Whetstone","Unceasing Top","Happy Flower","WingedGreaves","EssenceOfSteel"],"campfire_rested":0,"item_purchase_floors":[4,4,4,4,4,4,4,8,8,8,12,12,12,12,15,15,15,21,21,21,21,21,23,23,23,23,23,24,24,24,24,24,24,24,24,28,28,28,28,32,32,32,32,32,36,36,44,44,46,46,46,46,48,48,50,52,52,63,69,69,72,72,76,86,86],"current_hp_per_floor":[74,75,72,77,70,56,40,40,40,51,53,53,45,50,50,38,73,74,79,79,79,79,93,93,98,98,98,98,98,98,98,105,99,106,108,108,108,107,108,108,108,97,97,97,93,98,113,113,113,113,113,113,113,113,113,113,113,113,92,101,95,113,113,110,110,113,113,113,113,115,117,117,103,115,121,121,123,125,127,127,129,129,131,131,129,129,132,132,132,125,114,134,134],"gold":144,"neow_bonus":"","is_daily":false,"chose_seed":false,"campfire_upgraded":3,"win_rate":0.0,"timestamp":1614259737,"path_taken":["M","M","M","$","M","E","M","R","T","M","?","R","E","M","R","BOSS","M","M","?","$","?","R","$","E","T","E","R","E","M","?","R","BOSS","M","$","?","BOSS","BOSS","M","?","?","$","?","R","E","R","T","R","M","R","?","?","R","BOSS","M","?","?","?","M","R","E","R","E","?","E","$","?","M","R","BOSS","M","$","?","M","M","R","?","?","E","R","?","R","?","?","R","BOSS","BOSS"],"items_purchased_type":["Relic","Relic","Card","Card","Relic","Potion","Potion","Relic","Card","Potion","Relic","Card","Relic","Card","Relic","Relic","Card","Relic","Relic","Card","Relic","Relic","Relic","Relic","Relic","Relic","Potion","Relic","Relic","Relic","Relic","Relic","Card","Relic","Card","Relic","Relic","Card","Relic","Relic","Relic","Relic","Potion","Card","Relic","Relic","Card","Relic","Relic","Relic","Potion","Potion","Relic","Potion","Relic","Relic","Card","Relic","Relic","Relic","Relic","Relic","Relic","Relic","Potion"],"build_version":"2020-11-29","purchased_purges":24,"victory":false,"max_hp_per_floor":[75,75,75,80,80,80,80,80,80,80,80,80,80,84,84,84,84,84,84,84,84,84,98,98,98,98,98,98,98,98,98,105,108,108,108,108,108,108,108,108,108,108,108,108,108,113,113,113,113,113,113,113,113,113,113,113,113,113,113,113,113,113,113,113,113,113,113,113,113,115,117,117,119,119,121,121,123,125,127,127,129,129,131,131,135,135,137,137,137,139,141,141,141],"card_choices":[{"not_picked":["Evolve","Armaments"],"picked":"Second Wind","floor":1.0},{"not_picked":["Blood for Blood","Anger","Uppercut"],"picked":"SKIP","floor":2.0},{"not_picked":["Blood for Blood","Clash"],"picked":"Rage","floor":3.0},{"not_picked":["Inflame","Warcry","Anger","Pommel Strike"],"picked":"SKIP","floor":5.0},{"not_picked":["Bludgeon","Reaper","Limit Break"],"picked":"Barricade","floor":6.0},{"not_picked":["Cleave","Havoc","Clothesline"],"picked":"Bloodletting","floor":7.0},{"not_picked":["Shockwave","Heavy Blade","Wild Strike"],"picked":"Entrench","floor":10.0},{"not_picked":["Double Tap","Offering","Impervious"],"picked":"Feed","floor":13.0},{"not_picked":["Second Wind","Body Slam","Flex","Cleave"],"picked":"SKIP","floor":14.0},{"not_picked":["Rupture","Power Through","Dual Wield"],"picked":"Flame Barrier","floor":18.0},{"not_picked":["Uppercut","Wild Strike","Iron Wave","Dark Embrace"],"picked":"SKIP","floor":19.0},{"not_picked":["Limit Break","Corruption+1","Reaper"],"picked":"Demon Form+1","floor":25.0},{"not_picked":["Immolate","Fiend Fire","Demon Form+1"],"picked":"Offering","floor":27},{"not_picked":["Double Tap","Reaper","Fiend Fire"],"picked":"Barricade+1","floor":29},{"not_picked":["Disarm","Ghostly Armor+1","Clothesline","Flex"],"picked":"SKIP","floor":30},{"not_picked":["Offering","Limit Break","Corruption+1"],"picked":"Juggernaut+1","floor":33},{"not_picked":["Combust+1","Havoc+1","Twin Strike","Wild Strike"],"picked":"SKIP","floor":35},{"not_picked":["Bludgeon","Offering","Juggernaut+1"],"picked":"Berserk+1","floor":38},{"not_picked":["Demon Form+1","Feed","Exhume"],"picked":"Impervious","floor":39},{"not_picked":["Warcry","Flex","Perfected Strike","True Grit"],"picked":"SKIP","floor":41},{"not_picked":["Demon Form+1","Feed","Limit Break","Berserk+1"],"picked":"SKIP","floor":45},{"not_picked":["Exhume","Barricade+1","Demon Form+1"],"picked":"Juggernaut+1","floor":47},{"not_picked":["Pommel Strike","Wild Strike","Sever Soul","Clothesline"],"picked":"SKIP","floor":51},{"not_picked":["Barricade+1","Double Tap+1","Reaper"],"picked":"Impervious+1","floor":56},{"not_picked":["Clothesline","True Grit+1"],"picked":"SKIP","floor":58},{"not_picked":["Fiend Fire"],"picked":"Offering+1","floor":60},{"not_picked":["Evolve+1","Havoc+1"],"picked":"SKIP","floor":62},{"not_picked":["Offering+1","Bludgeon"],"picked":"SKIP","floor":64},{"not_picked":["Offering+1","Limit Break+1"],"picked":"SKIP","floor":66},{"not_picked":["Dual Wield+1","Flex+1"],"picked":"SKIP","floor":67},{"not_picked":["Brutality+1","Limit Break+1"],"picked":"SKIP","floor":68},{"not_picked":["Rampage","Fire Breathing+1"],"picked":"Singing Bowl","floor":70},{"not_picked":["Clothesline","Cleave"],"picked":"Singing Bowl","floor":71},{"not_picked":["Feed","Reaper"],"picked":"Singing Bowl","floor":73},{"not_picked":["Dropkick+1","Metallicize+1"],"picked":"Singing Bowl","floor":75},{"not_picked":["Fiend Fire","Feed"],"picked":"Singing Bowl","floor":77},{"not_picked":["Flex+1","Headbutt"],"picked":"Singing Bowl","floor":78},{"not_picked":["True Grit+1","Metallicize+1"],"picked":"Singing Bowl","floor":79},{"not_picked":["Armaments+1","Fire Breathing+1"],"picked":"Singing Bowl","floor":81},{"not_picked":["Barricade+1","Double Tap+1"],"picked":"Singing Bowl","floor":83},{"not_picked":["Clothesline","Iron Wave+1"],"picked":"Singing Bowl","floor":85},{"not_picked":["Cleave","Heavy Blade"],"picked":"Singing Bowl","floor":85},{"not_picked":["Barricade+1","Brutality+1"],"picked":"Singing Bowl","floor":87},{"not_picked":["Brutality+1","Feed"],"picked":"Singing Bowl","floor":90},{"not_picked":["Juggernaut+1","Double Tap+1"],"picked":"Singing Bowl","floor":91}],"player_experience":68890,"relics_obtained":[{"floor":6.0,"key":"Torii"},{"floor":9.0,"key":"Meat on the Bone"},{"floor":11.0,"key":"Orichalcum"},{"floor":13.0,"key":"Bird Faced Urn"},{"floor":25.0,"key":"War Paint"},{"floor":26,"key":"Ornamental Fan"},{"floor":27,"key":"Blue Candle"},{"floor":29,"key":"Potion Belt"},{"floor":31,"key":"Art of War"},{"floor":49,"key":"Toxic Egg 2"},{"floor":59,"key":"Nilry\u0027s Codex"},{"floor":70,"key":"hexamod:Sixitude"},{"floor":70,"key":"InkBottle"},{"floor":81,"key":"Prayer Wheel"}],"event_choices":[{"damage_healed":0.0,"max_hp_gain":0.0,"max_hp_loss":0.0,"gold_gain":0.0,"event_name":"Dead Adventurer","player_choice":"Searched \u00272\u0027 times","floor":11.0,"gold_loss":0.0,"damage_taken":0.0},{"damage_healed":0.0,"max_hp_gain":0.0,"max_hp_loss":0.0,"gold_gain":0.0,"event_name":"The Mausoleum","player_choice":"Opened","floor":20.0,"gold_loss":0.0,"damage_taken":0.0,"relics_obtained":["Sundial"],"cards_obtained":["Writhe"]},{"damage_healed":0.0,"max_hp_gain":0.0,"max_hp_loss":0.0,"gold_gain":0.0,"event_name":"Drug Dealer","player_choice":"Inject Mutagens","floor":22.0,"gold_loss":0.0,"damage_taken":0.0,"relics_obtained":["MutagenicStrength"]},{"damage_healed":0,"gold_gain":0,"player_choice":"Took Portal","damage_taken":0,"max_hp_gain":0,"max_hp_loss":0,"event_name":"SecretPortal","floor":37,"gold_loss":0},{"damage_healed":0,"gold_gain":75,"player_choice":"Gather Gold","damage_taken":11,"max_hp_gain":0,"max_hp_loss":0,"event_name":"World of Goop","floor":42,"gold_loss":0},{"cards_removed":["Second Wind"],"damage_healed":0,"gold_gain":0,"player_choice":"Purged","damage_taken":0,"max_hp_gain":0,"max_hp_loss":0,"event_name":"Purifier","floor":43,"gold_loss":0},{"cards_removed":["Dark Embrace"],"damage_healed":0,"gold_gain":0,"player_choice":"Card Removal","damage_taken":0,"max_hp_gain":0,"max_hp_loss":0,"event_name":"The Cleric","floor":53,"gold_loss":75},{"damage_healed":0,"gold_gain":0,"player_choice":"Obtained Book","damage_taken":21,"max_hp_gain":0,"max_hp_loss":0,"event_name":"Cursed Tome","floor":59,"gold_loss":0},{"damage_healed":0,"gold_gain":0,"player_choice":"Bought 0 Potions","damage_taken":0,"max_hp_gain":0,"max_hp_loss":0,"event_name":"The Woman in Blue","floor":61,"gold_loss":0},{"damage_healed":0,"gold_gain":0,"player_choice":"Fight","damage_taken":0,"max_hp_gain":0,"max_hp_loss":0,"event_name":"Colosseum","floor":70,"gold_loss":0},{"damage_healed":0,"gold_gain":0,"player_choice":"Fought Nobs","damage_taken":0,"max_hp_gain":0,"max_hp_loss":0,"event_name":"Colosseum","floor":70,"gold_loss":0},{"damage_healed":0,"gold_gain":0,"player_choice":"Fight","damage_taken":0,"max_hp_gain":0,"max_hp_loss":0,"event_name":"Mysterious Sphere","floor":81,"gold_loss":0},{"cards_removed":["Iron Wave"],"damage_healed":0,"gold_gain":0,"player_choice":"Removed Attack","damage_taken":0,"max_hp_gain":0,"max_hp_loss":0,"event_name":"Falling","floor":82,"gold_loss":0},{"damage_healed":0,"gold_gain":0,"player_choice":"Paid","damage_taken":0,"relics_obtained":["Red Mask"],"max_hp_gain":0,"max_hp_loss":0,"event_name":"Tomb of Lord Red Mask","floor":88,"gold_loss":114}],"is_beta":false,"boss_relics":[{"not_picked":["Sozu","SacredBark"],"picked":"Runic Dome"},{"not_picked":["Astrolabe","Philosopher\u0027s Stone"],"picked":"Runic Pyramid"},{"not_picked":["Empty Cage","Velvet Choker"],"picked":"bronze:MakeshiftBattery"},{"not_picked":["Tiny House","Calling Bell"],"picked":"Busted Crown"},{"not_picked":["Mark of Pain","Astrolabe"],"picked":"Philosopher\u0027s Stone"},{"not_picked":["Cursed Key","SlaversCollar"],"picked":"Fusion Hammer"}],"items_purged_floors":[4,8,21,23,24,24,32,36,44,46,48,50,52,52,54,63,69,69,72,76,84,84,86,86],"is_endless":true,"potions_floor_spawned":[1,3,10,11,13,14,18,25,30,41,51,62,66,67,68,70,71,73,79,81,87,91],"ascension_level":20}}