{"host":"fuszjwm6fqgjjp4d","time":1614223216,"event":{"mods":["BaseMod","Colored Map","Minty Spire (QoL Compilation)","Permanent Neow","Relic Sorter","Relic Stats","StSLib"],"gold_per_floor":[117,63,63,63,63,63,93,107,107,107,120,154,169,244,244,321,321,332,342,612,629,42,42,75,75,75,75,75],"floor_reached":27,"language":"ENG","playtime":547,"items_purged":["Defend_R"],"score":578,"play_id":"5eff8cc3-5023-4707-aefb-4c4a407a8b0c","local_time":"20210224212016","is_ascension_mode":true,"campfire_choices":[{"data":"Feed","floor":6.0,"key":"SMITH"},{"data":"Perfected Strike","floor":10.0,"key":"SMITH"},{"data":"Bash","floor":15.0,"key":"SMITH"},{"data":"Perfected Strike","floor":23,"key":"SMITH"},{"floor":25,"key":"REST"}],"circlet_count":0,"master_deck":["AscendersBane","Strike_R","Strike_R","Strike_R","Strike_R","Strike_R","Defend_R","Defend_R","Bash+1","Perfected Strike+1","Shrug It Off","Feed+1","Headbutt","True Grit","True Grit","Thunderclap","Pommel Strike","Double Tap","Perfected Strike+1","Ghostly Armor","Dual Wield"],"relics":["Burning Blood","NeowsBlessing","Gambling Chip","Anchor","Blood Vial","Black Star","Shuriken","Lee\u0027s Waffle","MealTicket","Sundial","Smiling Mask"],"acts_visited":["Exordium","TheCity"],"potions_floor_usage":[16,21,24],"damage_taken":[{"damage":0.0,"enemies":"Jaw Worm","floor":1.0,"turns":1.0},{"damage":0.0,"enemies":"Lagavulin","floor":7.0,"turns":2.0},{"damage":0.0,"enemies":"Small Slimes","floor":8.0,"turns":1.0},{"damage":0.0,"enemies":"Cultist","floor":11.0,"turns":3.0},{"damage":18.0,"enemies":"3 Sentries","floor":12.0,"turns":9.0},{"damage":0.0,"enemies":"Blue Slaver","floor":13.0,"turns":2.0},{"damage":57,"enemies":"The Guardian","floor":16,"turns":10},{"damage":0,"enemies":"Chosen","floor":18,"turns":3},{"damage":11,"enemies":"Spheric Guardian","floor":19,"turns":3},{"damage":0,"enemies":"Snecko","floor":21,"turns":2},{"damage":122,"enemies":"Slavers","floor":24,"turns":8},{"damage":60,"enemies":"Gremlin Leader","floor":27,"turns":4}],"seed_played":"-8973349952974018267","potions_obtained":[{"floor":11.0,"key":"DuplicationPotion"},{"floor":13.0,"key":"Swift Potion"},{"floor":18,"key":"GamblersBrew"}],"is_trial":false,"path_per_floor":["M","$","?","?","?","R","E","M","T","R","M","E","M","?","R","B",null,"M","M","?","M","$","R","E","R","T","E"],"character_chosen":"IRONCLAD","items_purchased":["Shrug It Off","Shuriken","Dual Wield","Lee\u0027s Waffle"],"campfire_rested":1,"item_purchase_floors":[2,22,22,22],"current_hp_per_floor":[74,74,79,72,72,72,82,84,84,84,88,80,92,81,81,36,84,96,97,70,82,119,119,11,49,49,0,0],"gold":75,"neow_bonus":"THREE_ENEMY_KILL","is_daily":false,"chose_seed":false,"campfire_upgraded":4,"win_rate":0.0,"timestamp":1614223216,"path_taken":["M","$","?","?","?","R","E","M","T","R","M","E","?","?","R","BOSS","M","M","?","M","?","R","E","R","T","E"],"items_purchased_type":["Card","Relic","Card","Relic"],"build_version":"2020-12-22","purchased_purges":1,"victory":false,"max_hp_per_floor":[75,75,80,80,80,80,84,84,84,84,88,92,96,96,96,100,100,104,108,108,112,119,119,127,127,127,127,127],"relic_stats":{"Blood Vial":12,"Lee\u0027s Waffle":37,"counters":[12,48],"Shuriken":[1],"Sundial":[0],"Gambling Chip":[27],"MealTicket":0,"Black Star":1,"Smiling Mask":0,"obtain_stats":[{"Blood Vial":12,"Anchor":9,"Lee\u0027s Waffle":22,"NeowsBlessing":0,"Shuriken":22,"Sundial":24,"Gambling Chip":7,"MealTicket":24,"Black Star":17,"Smiling Mask":26,"Burning Blood":0},{"Blood Vial":5,"Anchor":3,"Lee\u0027s Waffle":10,"NeowsBlessing":0,"Shuriken":10,"Sundial":11,"Gambling Chip":2,"MealTicket":11,"Black Star":7,"Smiling Mask":11,"Burning Blood":0},{"Blood Vial":16,"Anchor":4,"Lee\u0027s Waffle":36,"NeowsBlessing":0,"Shuriken":36,"Sundial":44,"Gambling Chip":3,"MealTicket":44,"Black Star":28,"Smiling Mask":44,"Burning Blood":0}],"Burning Blood":56},"card_choices":[{"not_picked":["Clash","Flex"],"picked":"Perfected Strike","floor":1.0},{"not_picked":["Thunderclap","Barricade"],"picked":"Headbutt","floor":7.0},{"not_picked":["Power Through","Flex"],"picked":"True Grit","floor":8.0},{"not_picked":["Evolve","Pommel Strike"],"picked":"True Grit","floor":11.0},{"not_picked":["Blood for Blood","Anger"],"picked":"Thunderclap","floor":12.0},{"not_picked":["Clash","Warcry"],"picked":"Pommel Strike","floor":13.0},{"not_picked":["Brutality","Juggernaut"],"picked":"Double Tap","floor":16},{"not_picked":["Flex","Dropkick"],"picked":"Perfected Strike","floor":18},{"not_picked":["Body Slam","Hemokinesis","Entrench+1"],"picked":"SKIP","floor":19},{"not_picked":["True Grit","Heavy Blade"],"picked":"Ghostly Armor","floor":21},{"not_picked":["Rupture","Thunderclap","Intimidate"],"picked":"SKIP","floor":24}],"player_experience":1536066,"relics_obtained":[{"floor":7.0,"key":"Gambling Chip"},{"floor":9.0,"key":"Anchor"},{"floor":12.0,"key":"Blood Vial"},{"floor":24,"key":"MealTicket"},{"floor":24,"key":"Sundial"},{"floor":26,"key":"Smiling Mask"}],"event_choices":[{"damage_healed":0.0,"max_hp_gain":5.0,"max_hp_loss":0.0,"gold_gain":0.0,"event_name":"Big Fish","player_choice":"Donut","floor":3.0,"gold_loss":0.0,"damage_taken":0.0},{"cards_removed":["Defend_R"],"damage_healed":0.0,"max_hp_gain":0.0,"max_hp_loss":0.0,"gold_gain":0.0,"event_name":"Golden Wing","player_choice":"Card Removal","floor":4.0,"gold_loss":0.0,"damage_taken":7.0},{"damage_healed":0.0,"max_hp_gain":0.0,"max_hp_loss":0.0,"gold_gain":0.0,"event_name":"Match and Keep!","player_choice":"1 cards matched","floor":5.0,"gold_loss":0.0,"damage_taken":0.0,"cards_obtained":["Feed"]},{"damage_healed":0.0,"max_hp_gain":0.0,"max_hp_loss":0.0,"gold_gain":75.0,"event_name":"World of Goop","player_choice":"Gather Gold","floor":14.0,"gold_loss":0.0,"damage_taken":11.0},{"damage_healed":0,"gold_gain":270,"player_choice":"GOLD GOLD GOLD ","damage_taken":27,"max_hp_gain":0,"max_hp_loss":0,"event_name":"Knowing Skull","floor":20,"potions_obtained":[],"gold_loss":0,"cards_obtained":[]}],"is_beta":false,"boss_relics":[{"not_picked":["Snecko Eye","Philosopher\u0027s Stone"],"picked":"Black Star"}],"items_purged_floors":[22],"is_endless":false,"potions_floor_spawned":[11,13,18,19],"killed_by":"Gremlin Leader","ascension_level":20}}