{"host":"wvcyfzs99um8is6a","time":1614217980,"event":{"mods":["AchievementEnabler","BaseMod","Colored Map","Colored Powertips","Highlight Path","Minty Spire (QoL Compilation)","Random Character Button","Relic Filter","StSLib","SuperFastMode"],"gold_per_floor":[115,129,139,104,3,3,3,3,3,34,34,50,50,50],"floor_reached":13,"language":"ENG","playtime":858,"items_purged":["Strike_P"],"score":95,"play_id":"3a37bd8f-8125-4aec-9187-6ac7763d6c39","local_time":"20210224205300","is_ascension_mode":true,"campfire_choices":[{"data":"Vigilance","floor":6,"key":"SMITH"},{"floor":8,"key":"REST"},{"floor":11,"key":"REST"}],"circlet_count":0,"master_deck":["Strike_P","Strike_P","Strike_P","Defend_P","Defend_P","Defend_P","Defend_P","Eruption","Vigilance+1","Wireheading","Prostrate","EmptyBody","Weave"],"relics":["PureWater","Lizard Tail","Golden Idol","Torii","Potion Belt"],"acts_visited":[],"potions_floor_usage":[10],"damage_taken":[{"damage":2.0,"enemies":"Jaw Worm","floor":1.0,"turns":4.0},{"damage":8.0,"enemies":"2 Louse","floor":2.0,"turns":3.0},{"damage":7.0,"enemies":"Small Slimes","floor":3.0,"turns":3.0},{"damage":67,"enemies":"Gremlin Nob","floor":10,"turns":6},{"damage":9,"enemies":"3 Louse","floor":12,"turns":4},{"damage":51,"enemies":"Lagavulin","floor":13,"turns":10}],"seed_played":"-1433101660225914314","potions_obtained":[{"floor":3.0,"key":"BlessingOfTheForge"}],"is_trial":false,"path_per_floor":["M","M","M","?","$","R","?","R","T","E","R","M","E"],"character_chosen":"WATCHER","items_purchased":["EmptyBody"],"campfire_rested":2,"item_purchase_floors":[5],"current_hp_per_floor":[63,55,48,64,64,64,48,65,65,32,51,42,0,0],"gold":50,"neow_bonus":"ONE_RARE_RELIC","is_daily":false,"chose_seed":false,"campfire_upgraded":1,"win_rate":0.0,"timestamp":1614217980,"path_taken":["M","M","M","?","$","R","?","R","T","E","R","M","E"],"items_purchased_type":["Card"],"build_version":"2020-12-22","purchased_purges":1,"victory":false,"max_hp_per_floor":[65,65,65,65,65,65,65,65,65,65,65,65,65,65],"card_choices":[{"not_picked":["Evaluate","Prostrate"],"picked":"Wireheading","floor":1.0},{"not_picked":["PathToVictory","Vengeance","ClearTheMind"],"picked":"SKIP","floor":2.0},{"not_picked":["Evaluate","Protect"],"picked":"Prostrate","floor":3.0},{"not_picked":["Protect","FlyingSleeves","Scrawl"],"picked":"SKIP","floor":10},{"not_picked":["WindmillStrike","FearNoEvil"],"picked":"Weave","floor":12}],"player_experience":1066469,"relics_obtained":[{"floor":9,"key":"Torii"},{"floor":10,"key":"Potion Belt"}],"event_choices":[{"damage_healed":16.0,"max_hp_gain":0.0,"max_hp_loss":0.0,"gold_gain":0.0,"event_name":"The Cleric","player_choice":"Healed","floor":4.0,"gold_loss":35.0,"damage_taken":0.0},{"damage_healed":0,"gold_gain":0,"player_choice":"Take Damage","damage_taken":16,"relics_obtained":["Golden Idol"],"max_hp_gain":0,"max_hp_loss":0,"event_name":"Golden Idol","floor":7,"gold_loss":0}],"is_beta":false,"boss_relics":[],"items_purged_floors":[5],"is_endless":false,"potions_floor_spawned":[3],"killed_by":"Lagavulin","ascension_level":3}}