{"host":"i0avyit1s6jb1siw","time":1614250651,"event":{"mods":["BaseMod","DeckTracker","Dota2Spire","Minty Spire (QoL Compilation)","Quick Restart","StSLib","SuperFastMode"],"gold_per_floor":[118,118,118,138,155,155,189,189,271,271,271,271,283,314,314,389,389,402,74,86,99,14,41,41,59,59,84,84,84],"floor_reached":28,"language":"ENG","playtime":425,"items_purged":["BattleHymn"],"score":542,"play_id":"30e7685d-2241-4ef5-bfc7-d4e8df7ec2ff","local_time":"20210225115731","is_ascension_mode":true,"campfire_choices":[{"data":"Eruption","floor":6,"key":"SMITH"},{"data":"SashWhip","floor":8,"key":"SMITH"},{"data":"BowlingBash","floor":12,"key":"SMITH"},{"data":"ForeignInfluence","floor":15,"key":"SMITH"},{"floor":24,"key":"REST"}],"circlet_count":0,"master_deck":["AscendersBane","Eruption+1","Vigilance","FlurryOfBlows","SashWhip+1","BowlingBash+1","FollowUp","ForeignInfluence+1","SpiritShield","Wireheading","FlyingSleeves","FlyingSleeves","ClearTheMind","DeusExMachina","Collect","EmptyFist","Wallop","EmptyMind","LikeWater","Halt+1"],"relics":["Runic Dome","Dota2Spire:BladeMail","Dota2Spire:BattleFury","MealTicket","Pandora\u0027s Box","Dota2Spire:EchoSabre","Akabeko","Darkstone Periapt","Kunai","Dota2Spire:DrumOfEndurance"],"acts_visited":["Exordium","TheCity"],"potions_floor_usage":[7,7,16,28],"damage_taken":[{"damage":0,"enemies":"2 Louse","floor":1,"turns":2},{"damage":2,"enemies":"Jaw Worm","floor":4,"turns":4},{"damage":2,"enemies":"Cultist","floor":5,"turns":3},{"damage":10,"enemies":"3 Sentries","floor":7,"turns":4},{"damage":3,"enemies":"Blue Slaver","floor":13,"turns":2},{"damage":0,"enemies":"Gremlin Nob","floor":14,"turns":2},{"damage":19,"enemies":"Hexaghost","floor":16,"turns":7},{"damage":6,"enemies":"Chosen","floor":18,"turns":3},{"damage":0,"enemies":"Shell Parasite","floor":20,"turns":1},{"damage":24,"enemies":"Centurion and Healer","floor":21,"turns":3},{"damage":19,"enemies":"Book of Stabbing","floor":23,"turns":4},{"damage":16,"enemies":"Snake Plant","floor":25,"turns":3},{"damage":33,"enemies":"Gremlin Leader","floor":28,"turns":2}],"seed_played":"-7969032134405219919","potions_obtained":[{"floor":1,"key":"LiquidMemories"},{"floor":4,"key":"Block Potion"},{"floor":13,"key":"AttackPotion"},{"floor":16,"key":"PowerPotion"},{"floor":20,"key":"AttackPotion"}],"is_trial":false,"path_per_floor":["M","?","?","M","M","R","E","R","T","?","?","R","M","E","R","B",null,"M","$","M","M","?","E","R","M","T","T","E"],"character_chosen":"WATCHER","items_purchased":["Dota2Spire:EchoSabre","Wallop"],"campfire_rested":1,"item_purchase_floors":[19,19],"current_hp_per_floor":[61,50,50,48,46,46,36,36,36,36,36,36,33,33,33,14,55,49,64,64,40,40,21,41,25,25,25,0,0],"gold":84,"neow_bonus":"BOSS_RELIC","is_daily":false,"chose_seed":false,"campfire_upgraded":4,"win_rate":0.0,"timestamp":1614250651,"path_taken":["M","?","?","M","?","R","E","R","T","?","?","R","M","E","R","BOSS","M","$","M","M","?","E","R","M","T","T","E"],"items_purchased_type":["Relic","Card"],"build_version":"2020-12-22","purchased_purges":1,"victory":false,"max_hp_per_floor":[68,68,68,68,68,68,68,68,68,68,68,68,68,68,68,68,68,68,68,68,68,68,68,68,68,68,68,68,68],"card_choices":[{"not_picked":["DeceiveReality","ClearTheMind"],"picked":"FlurryOfBlows","floor":1},{"not_picked":["FollowUp","Sanctity"],"picked":"SashWhip","floor":4},{"not_picked":["Wireheading","FlurryOfBlows"],"picked":"BowlingBash","floor":5},{"not_picked":["Vengeance","CutThroughFate"],"picked":"FollowUp","floor":7},{"not_picked":["ClearTheMind","Swivel","ThirdEye"],"picked":"SKIP","floor":13},{"not_picked":["CarveReality","JustLucky"],"picked":"ForeignInfluence","floor":14},{"not_picked":["Judgement","Devotion"],"picked":"SpiritShield","floor":16},{"not_picked":["FollowUp","ThirdEye"],"picked":"EmptyFist","floor":18},{"not_picked":["SignatureMove","Wallop"],"picked":"EmptyMind","floor":20},{"not_picked":["FlyingSleeves","FollowUp"],"picked":"LikeWater","floor":21},{"not_picked":["CutThroughFate","CrushJoints"],"picked":"Halt+1","floor":23},{"not_picked":["Weave","CrushJoints","Perseverance"],"picked":"SKIP","floor":25}],"player_experience":2521115,"relics_obtained":[{"floor":7,"key":"Dota2Spire:BattleFury"},{"floor":14,"key":"MealTicket"},{"floor":23,"key":"Darkstone Periapt"},{"floor":26,"key":"Kunai"},{"floor":27,"key":"Dota2Spire:DrumOfEndurance"}],"event_choices":[{"damage_healed":0,"gold_gain":0,"player_choice":"Success","damage_taken":11,"relics_obtained":["Dota2Spire:BladeMail"],"max_hp_gain":0,"max_hp_loss":0,"event_name":"Scrap Ooze","floor":2,"gold_loss":0},{"cards_removed":["Defend_P"],"damage_healed":0,"gold_gain":0,"player_choice":"Card Removal","damage_taken":0,"max_hp_gain":0,"max_hp_loss":0,"event_name":"Wheel of Change","floor":3,"gold_loss":0},{"damage_healed":0,"gold_gain":0,"player_choice":"Ignored","damage_taken":0,"max_hp_gain":0,"max_hp_loss":0,"event_name":"Liars Game","floor":10,"gold_loss":0},{"damage_healed":0,"gold_gain":0,"player_choice":"Ignored","damage_taken":0,"max_hp_gain":0,"max_hp_loss":0,"event_name":"Shining Light","floor":11,"gold_loss":0},{"damage_healed":0,"gold_gain":0,"player_choice":"Obtained Relic","damage_taken":0,"relics_obtained":["Akabeko"],"max_hp_gain":0,"max_hp_loss":0,"event_name":"Addict","floor":22,"gold_loss":85}],"is_beta":false,"boss_relics":[{"not_picked":["Empty Cage","Tiny House"],"picked":"Pandora\u0027s Box"}],"items_purged_floors":[19],"is_endless":false,"potions_floor_spawned":[1,4,13,16,20,21],"killed_by":"Gremlin Leader","ascension_level":20}}