{"host":"h7dgy2mp13cbhzus","time":1614247954,"event":{"mods":["Act Like it!","BaseMod","GifTheSpireLib","Minty Spire (QoL Compilation)","Relic Stats","StSLib"],"gold_per_floor":[115,115,187,21,35,35,35,75,75,75,75,93,117,141,141,240,240,260,185,185,204,219,219,219],"floor_reached":23,"language":"ENG","playtime":879,"items_purged":["Strike_R"],"score":421,"play_id":"a42b6c91-c045-4d61-b8f3-c05c6df0c5d9","local_time":"20210225041234","is_ascension_mode":true,"campfire_choices":[{"data":"Entrench","floor":6.0,"key":"SMITH"},{"data":"Power Through","floor":10.0,"key":"SMITH"},{"data":"Bash","floor":15.0,"key":"SMITH"}],"circlet_count":0,"master_deck":["AscendersBane","Strike_R","Strike_R","Strike_R","Strike_R","Defend_R","Defend_R","Defend_R","Defend_R","Bash+1","Power Through+1","Entrench+1","Cleave","Clothesline","Ghostly Armor","Demon Form","True Grit","Headbutt"],"relics":["Burning Blood","NeowsBlessing","Self Forming Clay","Bag of Preparation","Golden Idol","Dream Catcher","Singing Bowl","Meat on the Bone","Philosopher\u0027s Stone"],"acts_visited":["Exordium","TheCity"],"potions_floor_usage":[22,22],"damage_taken":[{"damage":0.0,"enemies":"2 Louse","floor":1.0,"turns":1.0},{"damage":0.0,"enemies":"Jaw Worm","floor":5.0,"turns":1.0},{"damage":0.0,"enemies":"Lagavulin","floor":8.0,"turns":1.0},{"damage":4.0,"enemies":"Cultist","floor":12.0,"turns":4.0},{"damage":1.0,"enemies":"Exordium Wildlife","floor":13.0,"turns":3.0},{"damage":10.0,"enemies":"Blue Slaver","floor":14.0,"turns":6.0},{"damage":31.0,"enemies":"The Guardian","floor":16.0,"turns":13.0},{"damage":35.0,"enemies":"Shell Parasite","floor":18.0,"turns":6.0},{"damage":38.0,"enemies":"3 Byrds","floor":21.0,"turns":8.0},{"damage":10,"enemies":"Snecko","floor":22,"turns":6},{"damage":41,"enemies":"Gremlin Leader","floor":23,"turns":5}],"seed_played":"-484752168675544798","potions_obtained":[{"floor":1.0,"key":"CultistPotion"},{"floor":12.0,"key":"SmokeBomb"},{"floor":13.0,"key":"HeartOfIron"},{"floor":18.0,"key":"Strength Potion"},{"floor":21.0,"key":"EssenceOfSteel"}],"is_trial":false,"path_per_floor":["M","?","T","$","M","R","?","E","T","R","T","M","M","M","R","B",null,"M","$","?","M","M","E"],"character_chosen":"IRONCLAD","items_purchased":["Bag of Preparation"],"campfire_rested":0,"item_purchase_floors":[4],"current_hp_per_floor":[74,74,74,74,75,75,49,55,55,55,55,57,62,58,58,45,68,51,51,51,31,41,0,0],"gold":219,"neow_bonus":"THREE_ENEMY_KILL","is_daily":false,"chose_seed":false,"campfire_upgraded":3,"win_rate":0.0,"timestamp":1614247954,"path_taken":["M","?","?","$","?","R","?","E","T","R","?","M","M","M","R","BOSS","M","?","?","M","M","E"],"items_purchased_type":["Relic"],"build_version":"2020-12-22","purchased_purges":1,"victory":false,"max_hp_per_floor":[75,75,75,75,75,75,75,75,75,75,75,75,75,75,75,75,75,75,75,75,75,77,77,77],"relic_stats":{"Dream Catcher":0,"Singing Bowl":2,"counters":[11,54],"Self Forming Clay":[93],"Golden Idol":53,"Bag of Preparation":[20],"obtain_stats":[{"Dream Catcher":8,"NeowsBlessing":0,"Singing Bowl":9,"Self Forming Clay":3,"Golden Idol":7,"Philosopher\u0027s Stone":17,"Bag of Preparation":4,"Burning Blood":0,"Meat on the Bone":11},{"Dream Catcher":3,"NeowsBlessing":0,"Singing Bowl":3,"Self Forming Clay":1,"Golden Idol":2,"Philosopher\u0027s Stone":7,"Bag of Preparation":1,"Burning Blood":0,"Meat on the Bone":3},{"Dream Catcher":3,"NeowsBlessing":0,"Singing Bowl":3,"Self Forming Clay":1,"Golden Idol":2,"Philosopher\u0027s Stone":29,"Bag of Preparation":1,"Burning Blood":0,"Meat on the Bone":3}],"Burning Blood":55,"Meat on the Bone":48},"card_choices":[{"not_picked":["Pummel","Warcry"],"picked":"Power Through","floor":1.0},{"not_picked":["Metallicize","Dark Embrace"],"picked":"Entrench","floor":5.0},{"not_picked":["Heavy Blade","Intimidate","Dark Embrace"],"picked":"SKIP","floor":8.0},{"not_picked":["Heavy Blade","Bloodletting"],"picked":"Cleave","floor":12.0},{"not_picked":["Dark Embrace","Sever Soul"],"picked":"Clothesline","floor":13.0},{"not_picked":["Warcry","Perfected Strike"],"picked":"Ghostly Armor","floor":14.0},{"not_picked":["Immolate","Feed"],"picked":"Demon Form","floor":16.0},{"not_picked":["Body Slam","Headbutt+1"],"picked":"True Grit","floor":18.0},{"not_picked":["Rage","Body Slam"],"picked":"Headbutt","floor":21.0},{"not_picked":["Heavy Blade","Thunderclap","Wild Strike"],"picked":"Singing Bowl","floor":22}],"player_experience":623544,"relics_obtained":[{"floor":3.0,"key":"Self Forming Clay"},{"floor":8.0,"key":"Dream Catcher"},{"floor":9.0,"key":"Singing Bowl"},{"floor":11.0,"key":"Meat on the Bone"}],"event_choices":[{"damage_healed":0.0,"max_hp_gain":0.0,"max_hp_loss":0.0,"gold_gain":0.0,"event_name":"The Cleric","player_choice":"Leave","floor":2.0,"gold_loss":0.0,"damage_taken":0.0},{"damage_healed":0.0,"max_hp_gain":0.0,"max_hp_loss":0.0,"gold_gain":0.0,"event_name":"Golden Idol","player_choice":"Take Damage","floor":7.0,"gold_loss":0.0,"damage_taken":26.0,"relics_obtained":["Golden Idol"]},{"damage_healed":0.0,"max_hp_gain":0.0,"max_hp_loss":0.0,"gold_gain":0.0,"event_name":"The Mausoleum","player_choice":"Ignored","floor":20.0,"gold_loss":0.0,"damage_taken":0.0}],"is_beta":false,"boss_relics":[{"not_picked":["Busted Crown","Runic Dome"],"picked":"Philosopher\u0027s Stone"}],"items_purged_floors":[19],"is_endless":false,"potions_floor_spawned":[1,12,13,14,18,21],"killed_by":"Gremlin Leader","ascension_level":19}}