{"host":"2se5dq1do2gp0x9k","time":1614228611,"event":{"mods":["AchievementEnabler","BaseMod","Block Reminder","Colored Map","Colored Powertips","Minty Spire (QoL Compilation)","Relic Stats","StSLib","SuperFastMode"],"gold_per_floor":[136,179,216,236,236,236,161,161,161,174,174,174],"floor_reached":11,"language":"ENG","playtime":433,"items_purged":[],"score":127,"play_id":"7ee8d3fa-f877-45da-b5df-66b77954cb5e","local_time":"20210224205011","is_ascension_mode":true,"campfire_choices":[{"data":"WaveOfTheHand","floor":6,"key":"SMITH"},{"data":"CutThroughFate","floor":8,"key":"SMITH"}],"circlet_count":0,"master_deck":["AscendersBane","Strike_P","Strike_P","Strike_P","Defend_P","Defend_P","Defend_P","Defend_P","Eruption","Vigilance","Wish","JustLucky","JustLucky","WaveOfTheHand+1","CutThroughFate+1","FlurryOfBlows"],"relics":["PureWater","Omamori"],"acts_visited":["Exordium"],"potions_floor_usage":[4,11],"damage_taken":[{"damage":15,"enemies":"2 Louse","floor":1,"turns":4},{"damage":3,"enemies":"Small Slimes","floor":2,"turns":5},{"damage":12,"enemies":"Jaw Worm","floor":3,"turns":6},{"damage":14,"enemies":"Lots of Slimes","floor":4,"turns":7},{"damage":26,"enemies":"Exordium Wildlife","floor":10,"turns":8},{"damage":16,"enemies":"3 Sentries","floor":11,"turns":4}],"seed_played":"7874022372157609293","potions_obtained":[{"floor":2,"key":"Strength Potion"},{"floor":10,"key":"DistilledChaos"}],"is_trial":false,"path_per_floor":["M","M","M","M","?","R","?","R","T","M","E"],"character_chosen":"WATCHER","items_purchased":[],"campfire_rested":0,"item_purchase_floors":[],"current_hp_per_floor":[46,43,31,17,39,39,39,39,39,13,0,0],"gold":174,"neow_bonus":"ONE_RANDOM_RARE_CARD","is_daily":false,"chose_seed":false,"campfire_upgraded":2,"win_rate":0.0,"timestamp":1614228611,"path_taken":["M","M","M","M","?","R","?","R","T","M","E"],"items_purchased_type":[],"build_version":"2020-12-22","purchased_purges":0,"victory":false,"max_hp_per_floor":[68,68,68,68,68,68,68,68,68,68,68,68],"relic_stats":{"counters":[6,34],"obtain_stats":[{"Omamori":9,"PureWater":0},{"Omamori":4,"PureWater":0},{"Omamori":22,"PureWater":0}]},"card_choices":[{"not_picked":["ThirdEye","Evaluate"],"picked":"JustLucky","floor":1},{"not_picked":["EmptyFist","Consecrate"],"picked":"JustLucky","floor":2},{"not_picked":["ClearTheMind","Evaluate"],"picked":"WaveOfTheHand","floor":3},{"not_picked":["Halt","EmptyBody"],"picked":"CutThroughFate","floor":4},{"not_picked":["EmptyBody","InnerPeace"],"picked":"FlurryOfBlows","floor":10}],"player_experience":4148954,"relics_obtained":[{"floor":9,"key":"Omamori"}],"event_choices":[{"damage_healed":22,"gold_gain":0,"player_choice":"Banana","damage_taken":0,"max_hp_gain":0,"max_hp_loss":0,"event_name":"Big Fish","floor":5,"gold_loss":0},{"cards_removed":["Strike_P"],"damage_healed":0,"gold_gain":0,"player_choice":"Card Removal","damage_taken":0,"max_hp_gain":0,"max_hp_loss":0,"event_name":"The Cleric","floor":7,"gold_loss":75}],"is_beta":false,"boss_relics":[],"items_purged_floors":[],"is_endless":false,"potions_floor_spawned":[2,10],"killed_by":"3 Sentries","ascension_level":19}}