{"host":"yx5rao87132cy5xq","time":1614274064,"event":{"mods":["2.2 Compatiblity","AchievementEnabler","BaseMod","Bestiary","Colored Map","Colored Powertips","Highlight Path","Minty Spire (QoL Compilation)","Quick Restart","Relic Stats","Slay-I","SuperFastMode"],"gold_per_floor":[367,378,378,390,19,49,49,80,131,223,235,259,10,41,41,136,136,147,166,183,183,183],"floor_reached":21,"language":"ENG","playtime":1242,"items_purged":["Defend_G"],"score":219,"play_id":"bf328458-56f8-4e64-a6a7-a6ab78f13e8c","local_time":"20210225182744","is_ascension_mode":true,"campfire_choices":[{"data":"Blade Dance","floor":15.0,"key":"SMITH"}],"circlet_count":0,"master_deck":["Strike_G","Strike_G","Strike_G","Strike_G","Defend_G","Defend_G","Defend_G","Survivor","Neutralize","Dagger Spray","Poisoned Stab","Blur","Underhanded Strike","Escape Plan","Acrobatics","Blade Dance+1","Footwork","Cloak And Dagger","Unload","Die Die Die","Blade Dance","Finisher"],"relics":["Ring of the Snake","FossilizedHelix","Ornamental Fan","Dream Catcher","MawBank","SsserpentHead","Membership Card","Smiling Mask","Empty Cage"],"acts_visited":["Exordium","TheCity"],"potions_floor_usage":[16,18],"damage_taken":[{"damage":2.0,"enemies":"Jaw Worm","floor":1.0,"turns":5.0},{"damage":0.0,"enemies":"Cultist","floor":2.0,"turns":3.0},{"damage":0.0,"enemies":"2 Louse","floor":4.0,"turns":2.0},{"damage":8.0,"enemies":"3 Sentries","floor":6.0,"turns":8.0},{"damage":13.0,"enemies":"Lagavulin","floor":8.0,"turns":7.0},{"damage":0.0,"enemies":"Large Slime","floor":12.0,"turns":7.0},{"damage":5.0,"enemies":"3 Sentries","floor":14.0,"turns":11.0},{"damage":12,"enemies":"Slime Boss","floor":16,"turns":8},{"damage":11,"enemies":"2 Thieves","floor":18,"turns":4},{"damage":11,"enemies":"Spheric Guardian","floor":19,"turns":4},{"damage":39,"enemies":"Shelled Parasite and Fungi","floor":20,"turns":6},{"damage":11,"enemies":"Sentry and Sphere","floor":21,"turns":3}],"seed_played":"-1229585481976734638","potions_obtained":[{"floor":1.0,"key":"SkillPotion"},{"floor":6.0,"key":"FearPotion"},{"floor":14.0,"key":"LiquidBronze"},{"floor":16,"key":"SpeedPotion"},{"floor":20,"key":"CultistPotion"}],"is_trial":false,"path_per_floor":["M","M","?","M","$","E","?","E","T","?","?","M","$","E","R","B",null,"M","M","M","M"],"character_chosen":"THE_SILENT","items_purchased":["Blur","FossilizedHelix","Underhanded Strike","Membership Card","Footwork","Cloak And Dagger","FearPotion"],"campfire_rested":0,"item_purchase_floors":[5,5,5,13,13,13,13],"current_hp_per_floor":[47,47,70,70,70,62,62,49,49,49,49,49,49,44,44,32,70,59,48,9,0,0],"gold":183,"neow_bonus":"TWO_FIFTY_GOLD","is_daily":false,"chose_seed":false,"campfire_upgraded":1,"win_rate":0.0,"timestamp":1614274064,"path_taken":["M","M","?","?","$","E","?","E","T","?","?","M","$","E","R","BOSS","M","M","M","M"],"items_purchased_type":["Card","Relic","Card","Relic","Card","Card","Potion"],"build_version":"2020-12-22","purchased_purges":1,"victory":false,"max_hp_per_floor":[70,70,70,70,70,70,70,70,70,70,70,70,70,70,70,70,70,70,70,70,70,70],"relic_stats":{"SsserpentHead":0,"Dream Catcher":0,"counters":[12,68],"Ornamental Fan":[128],"MawBank":48,"Smiling Mask":0,"obtain_stats":[{"SsserpentHead":11,"Dream Catcher":8,"Ornamental Fan":6,"Membership Card":13,"MawBank":9,"Smiling Mask":14,"Empty Cage":17,"FossilizedHelix":5,"Ring of the Snake":0},{"SsserpentHead":5,"Dream Catcher":5,"Ornamental Fan":4,"Membership Card":6,"MawBank":5,"Smiling Mask":7,"Empty Cage":8,"FossilizedHelix":3,"Ring of the Snake":0},{"SsserpentHead":25,"Dream Catcher":25,"Ornamental Fan":18,"Membership Card":32,"MawBank":25,"Smiling Mask":43,"Empty Cage":51,"FossilizedHelix":10,"Ring of the Snake":0}],"Ring of the Snake":[24]},"card_choices":[{"not_picked":["PiercingWail","Prepared"],"picked":"Choke","floor":1.0},{"not_picked":["Calculated Gamble","Poisoned Stab"],"picked":"Dagger Spray","floor":2.0},{"not_picked":["Skewer","Slice"],"picked":"Poisoned Stab","floor":4.0},{"not_picked":["Expertise","Concentrate"],"picked":"Escape Plan","floor":6.0},{"not_picked":["Escape Plan","Tactician"],"picked":"Acrobatics","floor":8.0},{"not_picked":["Sucker Punch","Prepared"],"picked":"Blade Dance","floor":12.0},{"not_picked":["Poisoned Stab","Heel Hook"],"picked":"Unload","floor":14.0},{"not_picked":["Envenom","Doppelganger"],"picked":"Die Die Die","floor":16},{"not_picked":["Reflex","Acrobatics+1"],"picked":"Blade Dance","floor":18},{"not_picked":["Cloak And Dagger","Dagger Throw","Flying Knee"],"picked":"SKIP","floor":19},{"not_picked":["Footwork","PiercingWail+1"],"picked":"Finisher","floor":20}],"player_experience":1187154,"relics_obtained":[{"floor":6.0,"key":"Ornamental Fan"},{"floor":8.0,"key":"Dream Catcher"},{"floor":9.0,"key":"MawBank"},{"floor":14.0,"key":"Smiling Mask"}],"event_choices":[{"cards_removed":["Choke"],"damage_healed":23.0,"max_hp_gain":0.0,"max_hp_loss":0.0,"gold_gain":0.0,"event_name":"Bonfire Elementals","player_choice":"Offered Uncommon","floor":3.0,"gold_loss":0.0,"damage_taken":0.0},{"damage_healed":0.0,"max_hp_gain":0.0,"max_hp_loss":0.0,"gold_gain":0.0,"event_name":"Liars Game","player_choice":"Ignored","floor":7.0,"gold_loss":0.0,"damage_taken":0.0},{"damage_healed":0.0,"max_hp_gain":0.0,"max_hp_loss":0.0,"gold_gain":80.0,"event_name":"Golden Wing","player_choice":"Gained Gold","floor":10.0,"gold_loss":0.0,"damage_taken":0.0},{"damage_healed":0.0,"max_hp_gain":0.0,"max_hp_loss":0.0,"gold_gain":0.0,"event_name":"FaceTrader","player_choice":"Trade","floor":11.0,"gold_loss":0.0,"damage_taken":0.0,"relics_obtained":["SsserpentHead"]}],"is_beta":false,"boss_relics":[{"not_picked":["Ectoplasm","Calling Bell"],"picked":"Empty Cage"}],"items_purged_floors":[13],"is_endless":false,"potions_floor_spawned":[1,6,14,16,20],"killed_by":"Sentry and Sphere","ascension_level":2}}