{"host":"kfd0jpqqxt101ydt","time":1614293931,"event":{"mods":["BaseMod","Downfall","Googly Eyes","Highlight Path","Minty Spire (QoL Compilation)","StSLib"],"gold_per_floor":[99,117,117,117,117,117,144,144,176,86,100,100,100,117,134,134,134,134],"floor_reached":16,"language":"ENG","playtime":522,"items_purged":["Slimebound:Recycling"],"score":113,"play_id":"92da6809-0961-42ad-b41e-55a144a6fba1","local_time":"20210226005851","is_ascension_mode":true,"campfire_choices":[{"data":"Slimebound:CorrosiveSpit","floor":1,"key":"SMITH"},{"data":"Slimebound:Split","floor":6,"key":"SMITH"},{"floor":13,"key":"REST"}],"circlet_count":0,"master_deck":["Slimebound:Strike_Slimebound","Slimebound:Tackle","Slimebound:Defend_Slimebound","Slimebound:Defend_Slimebound","Slimebound:Defend_Slimebound","Slimebound:Defend_Slimebound","Slimebound:Split+1","Slimebound:CorrosiveSpit+1","Slimebound:LevelUp","Regret","Slimebound:RollThrough","Slimebound:LevelUp","Slimebound:LevelUp","Slimebound:Prepare"],"relics":["Slimebound:AbsorbEndCombat","Bag of Preparation","Regal Pillow","Slimebound:PreparedRelic","downfall:BrokenWingStatue"],"acts_visited":["Exordium"],"potions_floor_usage":[16,16],"damage_taken":[{"damage":3,"enemies":"2 Louse","floor":2,"turns":2},{"damage":32,"enemies":"Lagavulin","floor":9,"turns":7},{"damage":6,"enemies":"downfall:FleeingMerchant","floor":10,"turns":4},{"damage":14,"enemies":"Jaw Worm","floor":11,"turns":3},{"damage":5,"enemies":"Small Slimes","floor":14,"turns":2},{"damage":23,"enemies":"Exordium Thugs","floor":15,"turns":6},{"damage":72,"enemies":"IC_STATUS_ARCHETYPE","floor":16,"turns":10}],"seed_played":"3986411963329527699","potions_obtained":[{"floor":2,"key":"Fire Potion"},{"floor":11,"key":"Regen Potion"},{"floor":14,"key":"Slimebound:SlimedPotion"}],"is_trial":false,"path_per_floor":["R","M","?","?","?","R","T","?","E","$","M","?","R","M","M","B"],"character_chosen":"SLIMEBOUND","items_purchased":[],"campfire_rested":1,"item_purchase_floors":[],"current_hp_per_floor":[65,65,65,65,65,65,65,65,41,39,29,29,63,62,47,0,0,0],"gold":134,"neow_bonus":"RANDOM_COMMON_RELIC","is_daily":false,"chose_seed":false,"campfire_upgraded":2,"win_rate":0.0,"timestamp":1614293931,"path_taken":["R","M","?","?","?","R","T","?","E","?","M","?","R","M","M","BOSS"],"items_purchased_type":[],"build_version":"2020-12-22","purchased_purges":1,"victory":false,"max_hp_per_floor":[65,65,65,65,65,65,65,65,65,65,65,65,65,65,65,65,65,65],"card_choices":[{"not_picked":["Slimebound:FormOfPuddle","Slimebound:SplitLeeching"],"picked":"Slimebound:LevelUp","floor":2},{"not_picked":["Slimebound:DivideAndConquer","Slimebound:ItLooksTasty"],"picked":"Slimebound:LevelUp","floor":9},{"not_picked":["Slimebound:LeechEnergy","Slimebound:LivingWall"],"picked":"Slimebound:LevelUp","floor":10},{"not_picked":["Slimebound:SamplingLick","Slimebound:RollThrough","Slimebound:HungryTackle"],"picked":"SKIP","floor":11},{"not_picked":["Slimebound:LeechingTouch","Slimebound:LeechEnergy"],"picked":"Slimebound:Prepare","floor":14},{"not_picked":["Slimebound:SlimeTap","Slimebound:FinishingTackle","Slimebound:BestDefense"],"picked":"SKIP","floor":15}],"player_experience":53131,"relics_obtained":[{"floor":7,"key":"Regal Pillow"},{"floor":9,"key":"Slimebound:PreparedRelic"}],"event_choices":[{"damage_healed":0,"gold_gain":0,"player_choice":"Box","damage_taken":0,"relics_obtained":["Juzu Bracelet"],"max_hp_gain":0,"max_hp_loss":0,"event_name":"Big Fish","floor":4,"gold_loss":0,"cards_obtained":["Regret"]},{"damage_healed":0,"gold_gain":0,"cards_transformed":["Slimebound:Strike_Slimebound"],"player_choice":"Change","damage_taken":0,"max_hp_gain":0,"max_hp_loss":0,"event_name":"Living Wall","floor":5,"gold_loss":0,"cards_obtained":["Slimebound:RollThrough"]}],"is_beta":false,"boss_relics":[],"items_purged_floors":[10],"is_endless":false,"potions_floor_spawned":[2,11,14],"killed_by":"IC_STATUS_ARCHETYPE","ascension_level":3}}