{"host":"fuszjwm6fqgjjp4d","time":1614220403,"event":{"mods":["BaseMod","Colored Map","Minty Spire (QoL Compilation)","Permanent Neow","Relic Sorter","Relic Stats","StSLib"],"gold_per_floor":[116,116,126,12,28,59,70,70,70,90,121,134,168,186,186,263,263,277,297,297,313,313,313],"floor_reached":22,"language":"ENG","playtime":500,"items_purged":[],"score":445,"play_id":"41353ac3-ed1f-4569-b097-a72775fa3ea0","local_time":"20210224203323","is_ascension_mode":true,"campfire_choices":[{"data":"Rampage","floor":8,"key":"SMITH"},{"data":"Disarm","floor":15,"key":"SMITH"}],"circlet_count":0,"master_deck":["AscendersBane","Strike_R","Strike_R","Strike_R","Strike_R","Strike_R","Defend_R","Defend_R","Defend_R","Bash","Perfected Strike","Headbutt","Rampage+1","Battle Trance","Headbutt","Pommel Strike","Headbutt","Disarm+1","Feed","Headbutt+1"],"relics":["Burning Blood","NeowsBlessing","Ornamental Fan","Pantograph","The Courier","Regal Pillow","Black Star"],"acts_visited":["Exordium","TheCity"],"potions_floor_usage":[6,6,6,6,11,13,18,19],"damage_taken":[{"damage":0.0,"enemies":"Jaw Worm","floor":1.0,"turns":1.0},{"damage":0.0,"enemies":"Cultist","floor":3.0,"turns":1.0},{"damage":0,"enemies":"2 Louse","floor":5,"turns":1},{"damage":25,"enemies":"Lagavulin","floor":6,"turns":5},{"damage":23,"enemies":"Exordium Wildlife","floor":7,"turns":4},{"damage":8,"enemies":"Looter","floor":10,"turns":3},{"damage":8,"enemies":"Gremlin Nob","floor":11,"turns":3},{"damage":12,"enemies":"Blue Slaver","floor":12,"turns":3},{"damage":16,"enemies":"Lagavulin","floor":13,"turns":4},{"damage":21,"enemies":"Large Slime","floor":14,"turns":4},{"damage":8,"enemies":"Hexaghost","floor":16,"turns":6},{"damage":33,"enemies":"Shell Parasite","floor":18,"turns":4},{"damage":20,"enemies":"Spheric Guardian","floor":19,"turns":4},{"damage":35,"enemies":"Cultist and Chosen","floor":21,"turns":5},{"damage":17,"enemies":"Centurion and Healer","floor":22,"turns":2}],"seed_played":"2279209242909714785","potions_obtained":[{"floor":5,"key":"Regen Potion"},{"floor":10,"key":"AttackPotion"},{"floor":12,"key":"SteroidPotion"},{"floor":14,"key":"Regen Potion"},{"floor":16,"key":"LiquidBronze"},{"floor":18,"key":"AttackPotion"}],"is_trial":false,"path_per_floor":["M","?","M","$","M","E","M","R","T","M","E","M","E","M","R","B",null,"M","M","?","M","M"],"character_chosen":"IRONCLAD","items_purchased":["EntropicBrew"],"campfire_rested":0,"item_purchase_floors":[4],"current_hp_per_floor":[74,74,75,75,75,65,48,48,48,46,44,38,28,13,13,36,65,50,36,36,7,0,0],"gold":313,"neow_bonus":"THREE_ENEMY_KILL","is_daily":false,"chose_seed":false,"campfire_upgraded":2,"win_rate":0.0,"timestamp":1614220403,"path_taken":["M","?","?","$","M","E","M","R","T","M","E","M","E","M","R","BOSS","M","M","?","M","M"],"items_purchased_type":["Potion"],"build_version":"2020-12-22","purchased_purges":0,"victory":false,"max_hp_per_floor":[75,75,75,75,75,75,75,75,75,75,75,75,75,75,75,75,75,75,75,75,75,75,75],"relic_stats":{"Regal Pillow":0,"counters":[15,50],"Ornamental Fan":[88],"Pantograph":25,"Black Star":0,"obtain_stats":[{"Regal Pillow":13,"NeowsBlessing":0,"Ornamental Fan":6,"Pantograph":9,"The Courier":11,"Black Star":17,"Burning Blood":0},{"Regal Pillow":9,"NeowsBlessing":0,"Ornamental Fan":4,"Pantograph":5,"The Courier":7,"Black Star":11,"Burning Blood":0},{"Regal Pillow":25,"NeowsBlessing":0,"Ornamental Fan":8,"Pantograph":12,"The Courier":18,"Black Star":35,"Burning Blood":0}],"Burning Blood":73},"card_choices":[{"not_picked":["Disarm","Body Slam"],"picked":"Perfected Strike","floor":1.0},{"not_picked":["Rampage","Sword Boomerang","Armaments"],"picked":"SKIP","floor":3},{"not_picked":["Sword Boomerang","Armaments"],"picked":"Rampage","floor":3},{"not_picked":["Flame Barrier","Dark Embrace"],"picked":"Battle Trance","floor":5},{"not_picked":["Warcry","Flex"],"picked":"Headbutt","floor":6},{"not_picked":["Clothesline","Dual Wield","Impervious"],"picked":"SKIP","floor":7},{"not_picked":["Flex","True Grit"],"picked":"Pommel Strike","floor":10},{"not_picked":["Warcry","Clothesline"],"picked":"Headbutt","floor":11},{"not_picked":["Dual Wield","Thunderclap","Flex"],"picked":"SKIP","floor":12},{"not_picked":["Headbutt","Entrench","Dark Embrace"],"picked":"SKIP","floor":13},{"not_picked":["Power Through","Bloodletting"],"picked":"Disarm","floor":14},{"not_picked":["Berserk","Impervious"],"picked":"Feed","floor":16},{"not_picked":["Perfected Strike","Sword Boomerang","Flex"],"picked":"SKIP","floor":18},{"not_picked":["Cleave+1","Perfected Strike","Flame Barrier"],"picked":"SKIP","floor":19},{"not_picked":["Hemokinesis","Dual Wield"],"picked":"Headbutt+1","floor":21}],"player_experience":1533848,"relics_obtained":[{"floor":6,"key":"Ornamental Fan"},{"floor":9,"key":"Pantograph"},{"floor":11,"key":"The Courier"},{"floor":13,"key":"Regal Pillow"}],"event_choices":[{"damage_healed":0.0,"max_hp_gain":0.0,"max_hp_loss":0.0,"gold_gain":0.0,"cards_transformed":["Defend_R"],"event_name":"Transmorgrifier","player_choice":"Transformed","floor":2.0,"gold_loss":0.0,"damage_taken":0.0,"cards_obtained":["Headbutt"]},{"damage_healed":0,"gold_gain":0,"player_choice":"Ignored","damage_taken":0,"max_hp_gain":0,"max_hp_loss":0,"event_name":"The Mausoleum","floor":20,"gold_loss":0}],"is_beta":false,"boss_relics":[{"not_picked":["Runic Pyramid","Astrolabe"],"picked":"Black Star"}],"items_purged_floors":[],"is_endless":false,"potions_floor_spawned":[5,10,12,14,16,18],"killed_by":"Centurion and Healer","ascension_level":20}}