{"host":"00olc56ucl6mk3pv","time":1614242420,"event":{"mods":["AchievementEnabler","BaseMod","Keyboard Shortcuts","Minty Spire (QoL Compilation)","Quick Restart","SuperFastMode"],"gold_per_floor":[109,121,133,151,168,168,196,196,196,196,196,220,104,122,122,201,251,262,282,20,37,37,37],"floor_reached":22,"language":"KOR","playtime":2349,"items_purged":["Strike_G","Strike_G"],"score":356,"play_id":"69fba137-74b1-493d-947b-88a89aa8e6d1","local_time":"20210225174020","is_ascension_mode":true,"campfire_choices":[{"data":"Cloak And Dagger","floor":6.0,"key":"SMITH"},{"data":"Predator","floor":8.0,"key":"SMITH"},{"data":"Dagger Spray","floor":10.0,"key":"SMITH"},{"data":"Terror","floor":15.0,"key":"SMITH"}],"circlet_count":0,"master_deck":["AscendersBane","Strike_G","Strike_G","Strike_G","Defend_G+1","Defend_G","Defend_G+1","Defend_G","Defend_G","Survivor","Neutralize+1","Cloak And Dagger+1","Deflect","Slice","Predator+1","Dagger Spray+1","Terror+1","PiercingWail","Grand Finale","Acrobatics","Prepared","After Image","Footwork"],"relics":["Ring of the Snake","War Paint","Odd Mushroom","Incense Burner","Blood Vial","Tiny House"],"acts_visited":["Exordium","TheCity"],"potions_floor_usage":[],"damage_taken":[{"damage":0.0,"enemies":"Cultist","floor":1.0,"turns":4.0},{"damage":2.0,"enemies":"Jaw Worm","floor":2.0,"turns":5.0},{"damage":2.0,"enemies":"Small Slimes","floor":3.0,"turns":5.0},{"damage":1.0,"enemies":"Blue Slaver","floor":4.0,"turns":4.0},{"damage":0.0,"enemies":"Lots of Slimes","floor":5.0,"turns":2.0},{"damage":0.0,"enemies":"The Mushroom Lair","floor":7.0,"turns":3.0},{"damage":8.0,"enemies":"Exordium Wildlife","floor":14.0,"turns":5.0},{"damage":51,"enemies":"Slime Boss","floor":16,"turns":14},{"damage":0,"enemies":"Chosen","floor":18,"turns":3},{"damage":0,"enemies":"3 Byrds","floor":19,"turns":6},{"damage":33,"enemies":"Centurion and Healer","floor":21,"turns":11},{"damage":35,"enemies":"Sentry and Sphere","floor":22,"turns":13}],"seed_played":"-8853645871584298280","potions_obtained":[{"floor":1.0,"key":"SkillPotion"},{"floor":7.0,"key":"PowerPotion"},{"floor":17,"key":"GhostInAJar"}],"is_trial":false,"path_per_floor":["M","M","M","M","M","R","?","R","T","R","?","T","$","M","R","B",null,"M","M","$","M","M"],"character_chosen":"THE_SILENT","items_purchased":["Terror","After Image"],"campfire_rested":0,"item_purchase_floors":[13,20],"current_hp_per_floor":[59,57,55,54,54,54,54,54,54,54,59,59,59,53,53,4,59,61,63,63,32,0,0],"gold":37,"neow_bonus":"RANDOM_COMMON_RELIC","is_daily":false,"chose_seed":false,"campfire_upgraded":4,"win_rate":0.0,"timestamp":1614242420,"path_taken":["M","M","?","M","M","R","?","R","T","R","?","?","$","M","R","BOSS","M","M","$","M","?"],"items_purchased_type":["Card","Card"],"build_version":"2020-12-22","purchased_purges":2,"victory":false,"max_hp_per_floor":[66,66,66,66,66,66,66,66,66,66,71,71,71,71,71,71,76,76,76,76,76,76,76],"card_choices":[{"not_picked":["Bouncing Flask","Infinite Blades"],"picked":"Cloak And Dagger","floor":1.0},{"not_picked":["Underhanded Strike","Acrobatics"],"picked":"Deflect","floor":2.0},{"not_picked":["PiercingWail","Sucker Punch"],"picked":"Slice","floor":3.0},{"not_picked":["Quick Slash","Distraction"],"picked":"Predator","floor":4.0},{"not_picked":["Distraction","Dagger Throw"],"picked":"Dagger Spray","floor":5.0},{"not_picked":["Bane","Eviscerate"],"picked":"PiercingWail","floor":14.0},{"not_picked":["Tools of the Trade","Burst"],"picked":"Grand Finale","floor":16},{"not_picked":["Dagger Throw","PiercingWail"],"picked":"Acrobatics","floor":17},{"not_picked":["PiercingWail","Dagger Spray+1","Slice+1"],"picked":"SKIP","floor":18},{"not_picked":["Deadly Poison","Catalyst"],"picked":"Prepared","floor":19},{"not_picked":["Deadly Poison","Poisoned Stab"],"picked":"Footwork","floor":21}],"player_experience":617798,"relics_obtained":[{"floor":7.0,"key":"Odd Mushroom"},{"floor":9.0,"key":"Incense Burner"},{"floor":12.0,"key":"Blood Vial"}],"event_choices":[{"damage_healed":0.0,"max_hp_gain":0.0,"max_hp_loss":0.0,"gold_gain":0.0,"event_name":"Mushrooms","player_choice":"Fought Mushrooms","floor":7.0,"gold_loss":0.0,"damage_taken":0.0},{"damage_healed":0.0,"max_hp_gain":5.0,"max_hp_loss":0.0,"gold_gain":0.0,"event_name":"Big Fish","player_choice":"Donut","floor":11.0,"gold_loss":0.0,"damage_taken":0.0}],"is_beta":false,"boss_relics":[{"not_picked":["WristBlade","Busted Crown"],"picked":"Tiny House"}],"items_purged_floors":[13,20],"is_endless":false,"potions_floor_spawned":[1,7,21],"killed_by":"Sentry and Sphere","ascension_level":20}}