{"host":"ue7jlgf7uv134an9","time":1614235380,"event":{"mods":["BaseMod","Better Third Choice","Colored Map","Defuse TimeMaze Blight","Minty Spire (QoL Compilation)","Quick Restart","Rare Cards Sparkle","Relic Stats","StSLib","UnlockEverythingMod"],"gold_per_floor":[116,129,129,149,149,167,167,186,186,43,43,73,91,46,46,148,148,164,164,179,193,268,296,296,306,329,179,179,191,191,47,47,145,145,164,183,183,58,74,74,86,105,181,56,56,69,119,145,145,145],"floor_reached":51,"language":"ENG","playtime":2257,"items_purged":["Strike_G","Strike_G","Strike_G"],"score":774,"play_id":"3c2e5897-27a2-4ea4-8c8c-6e749253ab61","local_time":"20210225014300","is_ascension_mode":false,"campfire_choices":[{"data":"Finisher","floor":7.0,"key":"SMITH"},{"floor":15.0,"key":"REST"},{"floor":24,"key":"REST"},{"data":"Doppelganger","floor":28,"key":"SMITH"},{"floor":30,"key":"REST"},{"data":"Accuracy","floor":32,"key":"SMITH"},{"floor":40,"key":"REST"},{"floor":45,"key":"REST"},{"floor":49,"key":"RECALL"}],"circlet_count":0,"master_deck":["Defend_G","Defend_G","Defend_G","Defend_G","Survivor","Neutralize","Dagger Throw","Blade Dance","Finisher+1","Dagger Spray","Backstab","Dash","Cloak And Dagger+1","PiercingWail","Deflect","Doppelganger+1","Blade Dance","All Out Attack","Blade Dance+1","PiercingWail","Accuracy+1","Crippling Poison","Corpse Explosion","Deflect+1","PiercingWail+1","Backflip+1","Footwork","Dramatic Entrance","Escape Plan+1"],"relics":["Ring of the Snake","Darkstone Periapt","Pantograph","Bird Faced Urn","Sozu","StrikeDummy","Bag of Preparation","Fusion Hammer","Blue Candle","StoneCalendar","The Courier"],"acts_visited":["Exordium","TheCity","TheBeyond"],"potions_floor_usage":[21,23],"damage_taken":[{"damage":1.0,"enemies":"Cultist","floor":1.0,"turns":4.0},{"damage":0.0,"enemies":"2 Louse","floor":2.0,"turns":4.0},{"damage":0.0,"enemies":"Jaw Worm","floor":4.0,"turns":3.0},{"damage":4.0,"enemies":"Exordium Wildlife","floor":6.0,"turns":6.0},{"damage":2.0,"enemies":"2 Fungi Beasts","floor":8.0,"turns":4.0},{"damage":21.0,"enemies":"Lagavulin","floor":12.0,"turns":7.0},{"damage":0.0,"enemies":"Lots of Slimes","floor":13.0,"turns":2.0},{"damage":17,"enemies":"Slime Boss","floor":16,"turns":9},{"damage":6,"enemies":"3 Byrds","floor":18,"turns":4},{"damage":0,"enemies":"Chosen","floor":20,"turns":2},{"damage":8,"enemies":"Shelled Parasite and Fungi","floor":21,"turns":4},{"damage":9,"enemies":"Gremlin Leader","floor":23,"turns":6},{"damage":3,"enemies":"3 Cultists","floor":25,"turns":5},{"damage":3,"enemies":"Centurion and Healer","floor":29,"turns":5},{"damage":73,"enemies":"Collector","floor":33,"turns":13},{"damage":8,"enemies":"Orb Walker","floor":35,"turns":3},{"damage":0,"enemies":"3 Shapes","floor":36,"turns":3},{"damage":4,"enemies":"Maw","floor":39,"turns":6},{"damage":8,"enemies":"Jaw Worm Horde","floor":41,"turns":3},{"damage":16,"enemies":"Transient","floor":42,"turns":5},{"damage":3,"enemies":"Sphere and 2 Shapes","floor":46,"turns":1},{"damage":0,"enemies":"Mind Bloom Boss Battle","floor":47,"turns":5},{"damage":0,"enemies":"Reptomancer","floor":48,"turns":5},{"damage":50,"enemies":"Awakened One","floor":50,"turns":15}],"seed_played":"4957985497999489789","potions_obtained":[{"floor":2.0,"key":"FairyPotion"},{"floor":12.0,"key":"SkillPotion"},{"floor":16,"key":"PowerPotion"}],"is_trial":false,"path_per_floor":["M","M","?","M","T","M","R","M","T","$","?","E","M","$","R","B",null,"M","?","M","M","?","E","R","M","T","$","R","M","R","$","R","B",null,"M","M","?","$","M","R","M","M","T","$","R","M","?","E","R","B",null],"character_chosen":"THE_SILENT","items_purchased":["Backstab","Deflect","PiercingWail","Accuracy","Crippling Poison","Footwork","Dramatic Entrance"],"campfire_rested":5,"item_purchase_floors":[10,14,27,31,31,44,44],"current_hp_per_floor":[69,69,62,62,62,58,58,56,56,56,56,35,35,35,56,53,70,64,51,51,43,36,29,51,48,48,48,48,45,67,67,67,2,75,67,69,69,69,67,75,67,53,53,53,75,72,75,75,75,27],"gold":145,"neow_bonus":"REMOVE_CARD","is_daily":false,"chose_seed":false,"campfire_upgraded":3,"win_rate":0.0,"timestamp":1614235380,"path_taken":["M","?","?","M","?","M","R","M","T","?","?","E","?","$","R","BOSS","M","?","M","M","?","E","R","M","T","$","R","?","R","?","R","BOSS","M","?","?","$","M","R","M","?","T","?","R","M","?","E","R","BOSS"],"items_purchased_type":["Card","Card","Card","Card","Card","Card","Card"],"build_version":"2020-12-22","purchased_purges":3,"victory":true,"max_hp_per_floor":[70,70,70,70,70,70,70,70,70,70,70,70,70,70,70,70,70,70,75,75,75,75,75,75,75,75,75,75,75,75,75,75,75,75,75,75,75,75,75,75,75,75,75,75,75,75,75,75,75,75],"relic_stats":{"Darkstone Periapt":0,"Sozu":7,"counters":[24,124],"Pantograph":25,"Bird Faced Urn":[10],"Blue Candle":[0],"StoneCalendar":[40],"Bag of Preparation":[22],"obtain_stats":[{"Darkstone Periapt":5,"Sozu":17,"Pantograph":9,"Bird Faced Urn":12,"Blue Candle":43,"StoneCalendar":47,"Fusion Hammer":34,"The Courier":48,"Bag of Preparation":26,"StrikeDummy":23,"Ring of the Snake":0},{"Darkstone Periapt":3,"Sozu":8,"Pantograph":5,"Bird Faced Urn":6,"Blue Candle":20,"StoneCalendar":22,"Fusion Hammer":15,"The Courier":23,"Bag of Preparation":13,"StrikeDummy":12,"Ring of the Snake":0},{"Darkstone Periapt":11,"Sozu":39,"Pantograph":21,"Bird Faced Urn":28,"Blue Candle":98,"StoneCalendar":104,"Fusion Hammer":78,"The Courier":109,"Bag of Preparation":60,"StrikeDummy":55,"Ring of the Snake":0}],"Ring of the Snake":[48]},"card_choices":[{"not_picked":["Outmaneuver","Backflip"],"picked":"Dagger Throw","floor":1.0},{"not_picked":["PiercingWail","Outmaneuver"],"picked":"Blade Dance","floor":2.0},{"not_picked":["Dagger Throw","Quick Slash","Acrobatics"],"picked":"SKIP","floor":4.0},{"not_picked":["Underhanded Strike","Dagger Spray"],"picked":"Finisher","floor":6.0},{"not_picked":["Dash","Prepared"],"picked":"Dagger Spray","floor":8.0},{"not_picked":["Setup","All Out Attack"],"picked":"Cloak And Dagger","floor":12.0},{"not_picked":["Bullet Time","Cloak And Dagger"],"picked":"PiercingWail","floor":13.0},{"not_picked":["Bullet Time","Grand Finale"],"picked":"Doppelganger","floor":16},{"not_picked":["Dagger Throw","Underhanded Strike","Eviscerate"],"picked":"SKIP","floor":18},{"not_picked":["Prepared+1","Backstab+1"],"picked":"Blade Dance","floor":20},{"not_picked":["Prepared+1","Reflex+1","Acrobatics"],"picked":"SKIP","floor":21},{"not_picked":["Dash","Poisoned Stab+1"],"picked":"All Out Attack","floor":23},{"not_picked":["Endless Agony+1","Blur"],"picked":"Blade Dance+1","floor":25},{"not_picked":["Deadly Poison+1","Sucker Punch","Dodge and Roll"],"picked":"SKIP","floor":29},{"not_picked":["Malaise","Envenom"],"picked":"Corpse Explosion","floor":33},{"not_picked":["Blade Dance+1","Outmaneuver","Slice+1"],"picked":"SKIP","floor":35},{"not_picked":["Outmaneuver+1","Noxious Fumes+1"],"picked":"Deflect+1","floor":36},{"not_picked":["Flying Knee","Blade Dance"],"picked":"PiercingWail+1","floor":39},{"not_picked":["Doppelganger","Acrobatics","Sucker Punch"],"picked":"SKIP","floor":41},{"not_picked":["Expertise+1","Tactician+1"],"picked":"Backflip+1","floor":42},{"not_picked":["Quick Slash","Skewer"],"picked":"Escape Plan+1","floor":46},{"not_picked":["Slice","Acrobatics","Storm of Steel"],"picked":"SKIP","floor":48}],"player_experience":113215,"relics_obtained":[{"floor":5.0,"key":"Darkstone Periapt"},{"floor":9.0,"key":"Pantograph"},{"floor":12.0,"key":"Bird Faced Urn"},{"floor":23,"key":"StrikeDummy"},{"floor":26,"key":"Bag of Preparation"},{"floor":43,"key":"Blue Candle"},{"floor":47,"key":"StoneCalendar"},{"floor":48,"key":"The Courier"}],"event_choices":[{"cards_removed":["Defend_G"],"damage_healed":0.0,"max_hp_gain":0.0,"max_hp_loss":0.0,"gold_gain":0.0,"event_name":"Golden Wing","player_choice":"Card Removal","floor":3.0,"gold_loss":0.0,"damage_taken":7.0},{"damage_healed":0.0,"max_hp_gain":0.0,"max_hp_loss":0.0,"gold_gain":0.0,"cards_transformed":["Strike_G"],"event_name":"Transmorgrifier","player_choice":"Transformed","floor":11.0,"gold_loss":0.0,"damage_taken":0.0,"cards_obtained":["Dash"]},{"damage_healed":0,"gold_gain":0,"player_choice":"Shed Blood","damage_taken":18,"max_hp_gain":5,"max_hp_loss":0,"event_name":"Forgotten Altar","floor":19,"gold_loss":0},{"damage_healed":0,"gold_gain":75,"player_choice":"Touch","damage_taken":7,"max_hp_gain":0,"max_hp_loss":0,"event_name":"FaceTrader","floor":22,"gold_loss":0},{"damage_healed":0,"gold_gain":0,"player_choice":"Upgraded","damage_taken":0,"max_hp_gain":0,"max_hp_loss":0,"event_name":"Upgrade Shrine","floor":37,"gold_loss":0,"cards_upgraded":["Cloak And Dagger"]},{"damage_healed":0,"gold_gain":0,"player_choice":"Fight","damage_taken":0,"max_hp_gain":0,"max_hp_loss":0,"event_name":"MindBloom","floor":47,"gold_loss":0}],"is_beta":false,"boss_relics":[{"not_picked":["Coffee Dripper","Astrolabe"],"picked":"Sozu"},{"not_picked":["HoveringKite","Empty Cage"],"picked":"Fusion Hammer"}],"items_purged_floors":[10,27,38],"is_endless":false,"potions_floor_spawned":[2,12,16,23,25,29,42,46,47,48],"ascension_level":0}}