{"host":"sav7uxregyirlf69","time":1614258235,"event":{"mods":["AchievementEnabler","BaseMod","Colored Map","DeckTracker","Keyboard Shortcuts","Minty Spire (QoL Compilation)","READ ME - Guardian Mod","StSLib","SuperFastMode"],"gold_per_floor":[110,126,141,159,28,54,66,66,66,96,171,234,234,248,248,325,325,340,354,127,177,197,222,222,222],"floor_reached":24,"language":"KOR","playtime":491,"items_purged":["Strike_B","Strike_B"],"score":456,"play_id":"63b8792f-a80f-46d4-9500-98e96917c084","local_time":"20210225220355","is_ascension_mode":true,"campfire_choices":[{"data":"Defragment","floor":8,"key":"SMITH"},{"floor":13,"key":"REST"},{"data":"Dualcast","floor":15,"key":"SMITH"}],"circlet_count":0,"master_deck":["AscendersBane","Strike_B","Strike_B","Defend_B","Defend_B","Defend_B","Defend_B","Zap","Dualcast+1","Electrodynamics","Defragment+1","Cold Snap","Compile Driver","Reinforced Body","Rainbow","Cold Snap","Electrodynamics","Go for the Eyes","Fission","Capacitor","Coolheaded","Glacier"],"relics":["Cracked Core","Omamori","Mummified Hand","Pear","DataDisk","SlaversCollar","PreservedInsect"],"acts_visited":["Exordium","TheCity"],"potions_floor_usage":[5,10,12,16,23,24],"damage_taken":[{"damage":2,"enemies":"2 Louse","floor":1,"turns":3},{"damage":0,"enemies":"Small Slimes","floor":2,"turns":2},{"damage":0,"enemies":"Cultist","floor":3,"turns":4},{"damage":11,"enemies":"Blue Slaver","floor":4,"turns":4},{"damage":6,"enemies":"3 Sentries","floor":6,"turns":4},{"damage":6,"enemies":"Red Slaver","floor":7,"turns":3},{"damage":3,"enemies":"Gremlin Nob","floor":10,"turns":3},{"damage":16,"enemies":"Lagavulin Event","floor":12,"turns":3},{"damage":0,"enemies":"Gremlin Gang","floor":14,"turns":2},{"damage":35,"enemies":"Slime Boss","floor":16,"turns":9},{"damage":0,"enemies":"Chosen","floor":18,"turns":3},{"damage":11,"enemies":"Shell Parasite","floor":19,"turns":5},{"damage":7,"enemies":"Centurion and Healer","floor":22,"turns":5},{"damage":31,"enemies":"Book of Stabbing","floor":23,"turns":4},{"damage":24,"enemies":"Snake Plant","floor":24,"turns":4}],"seed_played":"7372111340591264444","potions_obtained":[{"floor":1,"key":"SteroidPotion"},{"floor":2,"key":"AttackPotion"},{"floor":4,"key":"Fruit Juice"},{"floor":12,"key":"BlessingOfTheForge"},{"floor":19,"key":"SteroidPotion"},{"floor":23,"key":"Dexterity Potion"}],"is_trial":false,"path_per_floor":["M","M","M","M","$","E","M","R","T","E","?","?","R","M","R","B",null,"M","M","$","?","M","E","M"],"character_chosen":"DEFECT","items_purchased":["FocusPotion","Capacitor","PowerPotion"],"campfire_rested":1,"item_purchase_floors":[5,20,20],"current_hp_per_floor":[62,62,62,51,56,50,44,44,44,51,40,24,49,49,49,14,68,68,57,57,57,50,19,0,0],"gold":222,"neow_bonus":"ONE_RANDOM_RARE_CARD","is_daily":false,"chose_seed":false,"campfire_upgraded":2,"win_rate":0.0,"timestamp":1614258235,"path_taken":["M","M","M","M","$","E","M","R","T","E","?","?","R","M","R","BOSS","M","M","$","?","M","E","M"],"items_purchased_type":["Potion","Card","Potion"],"build_version":"2020-12-22","purchased_purges":2,"victory":false,"max_hp_per_floor":[71,71,71,71,76,76,76,76,76,86,86,86,86,86,86,86,86,86,86,86,86,86,86,86,86],"card_choices":[{"not_picked":["Scrape","Gash"],"picked":"Defragment","floor":1},{"not_picked":["Ball Lightning","Tempest"],"picked":"Cold Snap","floor":2},{"not_picked":["Fusion","Sweeping Beam"],"picked":"Compile Driver","floor":3},{"not_picked":["Hologram","Tempest"],"picked":"Reinforced Body","floor":4},{"not_picked":["Steam","Rebound"],"picked":"Rainbow","floor":6},{"not_picked":["Hologram","Storm"],"picked":"Cold Snap","floor":7},{"not_picked":["Hologram","Skim"],"picked":"Electrodynamics","floor":10},{"not_picked":["Sweeping Beam","Doom and Gloom"],"picked":"Go for the Eyes","floor":14},{"not_picked":["Rainbow","Multi-Cast"],"picked":"Fission","floor":16},{"not_picked":["Melter","Compile Driver+1","Lockon"],"picked":"SKIP","floor":18},{"not_picked":["Rebound","Hello World","Gash+1"],"picked":"SKIP","floor":19},{"not_picked":["Genetic Algorithm","Cold Snap"],"picked":"Coolheaded","floor":22},{"not_picked":["Conserve Battery","Skim+1"],"picked":"Glacier","floor":23}],"player_experience":1698247,"relics_obtained":[{"floor":6,"key":"Omamori"},{"floor":9,"key":"Mummified Hand"},{"floor":10,"key":"Pear"},{"floor":12,"key":"DataDisk"},{"floor":23,"key":"PreservedInsect"}],"event_choices":[{"damage_healed":0,"gold_gain":75,"player_choice":"Gather Gold","damage_taken":11,"max_hp_gain":0,"max_hp_loss":0,"event_name":"World of Goop","floor":11,"gold_loss":0},{"damage_healed":0,"gold_gain":30,"player_choice":"Searched \u00273\u0027 times","damage_taken":0,"max_hp_gain":0,"max_hp_loss":0,"event_name":"Dead Adventurer","floor":12,"gold_loss":0},{"damage_healed":0,"gold_gain":100,"player_choice":"Bet on Murderer","damage_taken":0,"max_hp_gain":0,"max_hp_loss":0,"event_name":"The Joust","floor":21,"gold_loss":50}],"is_beta":false,"boss_relics":[{"not_picked":["SacredBark","Black Star"],"picked":"SlaversCollar"}],"items_purged_floors":[5,20],"is_endless":false,"potions_floor_spawned":[1,2,4,6,12,19,22,23],"killed_by":"Snake Plant","ascension_level":20}}