{"host":"yawnmhdh5u4s0p8o","time":1614247387,"event":{"mods":["AchievementEnabler","Aspiration","BaseMod","BetterRewards","Colored Powertips","Conspire","Downfall","Friendly Minions","GifTheSpireLib","Gremlin Mod","Hubris","Infinite Spire","Ironclad Rager","Minty Spire (QoL Compilation)","Reliquary","Replay The Spire","Shop Mod","Spicy Shops","StSLib","The Construct","The Cursed","The Gatherer","The Necromancer","The Wild Card"],"gold_per_floor":[111,125,125,2,22,22,54,54,79,96,96,123,135,135,135,233,233,251,33,33,48,0,0,14,14,65,85,95,95,105,122,122,234,234,263,263,263,300,300,300,352,395,395,434,46,46,46,68,68,68],"floor_reached":51,"language":"ENG","playtime":10926,"items_purged":[],"score":964,"play_id":"e72ebec0-1abb-4a7a-8524-418324a6ae38","local_time":"20210225210307","is_ascension_mode":false,"campfire_choices":[{"floor":6,"key":"REST"},{"data":"theWildCard:Proficiency","floor":8,"key":"SMITH"},{"data":"theWildCard:PowerOfTheArcana","floor":11,"key":"SMITH"},{"floor":15,"key":"REST"},{"floor":23,"key":"REST"},{"floor":25,"key":"REST"},{"floor":29,"key":"REST"},{"floor":32,"key":"REST"},{"data":"theWildCard:TheArcanaUnleashed","floor":40,"key":"SMITH"},{"floor":46,"key":"REST"},{"floor":49,"key":"REST"}],"circlet_count":0,"master_deck":["theWildCard:BasicStrike","theWildCard:BasicStrike","theWildCard:BasicStrike","theWildCard:BasicStrike","theWildCard:BasicDefend","theWildCard:BasicDefend","theWildCard:BasicDefend","theWildCard:BasicDefend+1","theWildCard:CallToAdventure","theWildCard:Arsene","theWildCard:Salvation","theWildCard:PaleRider","theWildCard:FuelForTheFire+1","theWildCard:Odin+1","theWildCard:MagicMettle","theWildCard:PowerOfTheArcana+1","theWildCard:Sakuya+1","theWildCard:Proficiency+1","theWildCard:SeveringSlash","theWildCard:StingingStrike","theWildCard:TheArcanaUnleashed+1","theWildCard:BladeOfGenerations","theWildCard:TheArcanaUnleashed","theWildCard:StingingStrike","theWildCard:SeveringSlash","theWildCard:MagicMettle+1","theWildCard:UnendingRitual","theWildCard:SeveringSlash+1","theWildCard:ChangingDestiny","theWildCard:ArcaneArts+1","theWildCard:Safeguard","theWildCard:MagicalMight","theWildCard:ArchaicAssault","theWildCard:ArcaneArts+1","theWildCard:StingingStrike+1","theWildCard:StingingStrike","theWildCard:Patience","CommonCold","theWildCard:Metatron+1"],"relics":["theWildCard:VelvetContract","MerchantsRug","reliquary:FingerTrap","Iron Hammer","reliquary:WeakTea","Bag of Preparation","conspire:GiftBox","Bottled Lightning","reliquary:Spinner","infinitespire:EvilPickle","reliquary:Craggleroot","hubris:Icosahedron","InkBottle","reliquary:SilkGlove","Membership Card","Molten Egg 2","Gremlin Food","Ring of Fury","Ring of Searing"],"acts_visited":["Exordium","TheCity","TheBeyond"],"potions_floor_usage":[16,41,41],"damage_taken":[{"damage":5,"enemies":"Small Slimes","floor":1,"turns":2},{"damage":0,"enemies":"2 Louse","floor":2,"turns":2},{"damage":6,"enemies":"Cultist","floor":5,"turns":4},{"damage":0,"enemies":"3 Sentries","floor":7,"turns":5},{"damage":0,"enemies":"Blue Slaver","floor":10,"turns":3},{"damage":2,"enemies":"Replay:BlueRogue","floor":12,"turns":6},{"damage":11,"enemies":"3 Louse","floor":13,"turns":4},{"damage":21,"enemies":"Hexaghost","floor":16,"turns":9},{"damage":17,"enemies":"3 Byrds","floor":18,"turns":8},{"damage":16,"enemies":"Spheric Guardian","floor":21,"turns":8},{"damage":20,"enemies":"Shelled Parasite and Fungi","floor":24,"turns":6},{"damage":30,"enemies":"Cultist and Chosen","floor":27,"turns":11},{"damage":7,"enemies":"conspire:HollyBat","floor":28,"turns":7},{"damage":7,"enemies":"Snecko","floor":30,"turns":9},{"damage":15,"enemies":"Sentry and Sphere","floor":31,"turns":11},{"damage":4,"enemies":"Pondfish","floor":33,"turns":8},{"damage":11,"enemies":"3 Shapes","floor":35,"turns":8},{"damage":0,"enemies":"Orb Walker","floor":38,"turns":6},{"damage":25,"enemies":"Reptomancer","floor":41,"turns":8},{"damage":8,"enemies":"Transient","floor":42,"turns":5},{"damage":0,"enemies":"Sphere and 2 Shapes","floor":44,"turns":5},{"damage":4,"enemies":"Spire Growth","floor":48,"turns":6},{"damage":26,"enemies":"infinitespire:MassOfShapes","floor":50,"turns":7}],"seed_played":"8191610839631194512","potions_obtained":[{"floor":1,"key":"construct:ShiftPotion"},{"floor":2,"key":"ColorlessPotion"},{"floor":12,"key":"SpeedPotion"},{"floor":14,"key":"infinitespire:BlackPotion"},{"floor":14,"key":"Ancient Potion"},{"floor":18,"key":"CultistPotion"},{"floor":27,"key":"SpeedPotion"},{"floor":31,"key":"Languid Potion"},{"floor":33,"key":"Toxic Potion"},{"floor":35,"key":"SkillPotion"},{"floor":44,"key":"construct:ShiftPotion"}],"is_trial":false,"path_per_floor":["M","M","?","$","M","R","E","R","T","M","R","E","M","?","R","B",null,"M","$","?","M","?","R","M","R","T","M","M","R","M","M","R","B",null,"M","?","?","M","?","R","E","M","T","M","$","R","?","M","R","B",null],"character_chosen":"THE_WILD_CARD","items_purchased":["MerchantsRug","theWildCard:Salvation","theWildCard:PaleRider","theWildCard:FuelForTheFire+1","conspire:Flyswatter","reliquary:FingerTrap","theWildCard:PowerOfTheArcana","Iron Hammer","theWildCard:SeveringSlash","theWildCard:MagicMettle","Bottled Lightning","Membership Card","theWildCard:StingingStrike","Molten Egg 2","Gremlin Food","theWildCard:Patience"],"campfire_rested":8,"item_purchase_floors":[0,0,0,0,0,0,4,4,19,19,19,45,45,45,45,45],"current_hp_per_floor":[28,28,28,28,22,40,40,40,40,40,40,44,33,33,51,30,60,46,46,46,30,30,48,28,46,46,16,9,27,20,5,23,23,60,49,49,49,49,49,49,30,22,22,22,22,40,40,36,54,28],"gold":68,"neow_bonus":"","is_daily":false,"chose_seed":false,"campfire_upgraded":3,"win_rate":0.0,"timestamp":1614247387,"path_taken":["M","M","?","$","M","R","E","R","T","M","R","E","M","?","R","BOSS","M","?","?","M","?","R","M","R","T","M","M","R","M","M","R","BOSS","M","?","?","M","?","R","E","?","T","M","$","R","?","M","R","BOSS"],"items_purchased_type":["Relic","Card","Card","Card","Relic","Relic","Card","Relic","Card","Card","Relic","Relic","Card","Relic","Relic","Card"],"build_version":"2020-12-22","purchased_purges":0,"victory":true,"max_hp_per_floor":[60,60,60,60,60,60,60,60,60,60,60,60,60,60,60,60,60,60,60,60,60,60,60,60,60,60,60,60,60,60,60,60,60,60,60,60,60,60,60,60,60,60,60,60,60,60,60,60,60,60],"card_choices":[{"not_picked":["theWildCard:Unburden","theWildCard:EnergyTheft"],"picked":"theWildCard:Odin","floor":1},{"not_picked":["theWildCard:ManOfManyFaces","theWildCard:ArcaneArts"],"picked":"theWildCard:MagicMettle","floor":2},{"not_picked":["theWildCard:Patience","theWildCard:ShieldOfMany"],"picked":"theWildCard:Sakuya","floor":5},{"not_picked":["theWildCard:EnergyTheft","theWildCard:LadyLuck"],"picked":"theWildCard:Proficiency","floor":7},{"not_picked":["theWildCard:IdentityTheft","theWildCard:Satanael"],"picked":"theWildCard:SeveringSlash","floor":10},{"not_picked":["theWildCard:SacrificialStroke","theWildCard:Salvation"],"picked":"theWildCard:StingingStrike","floor":12},{"not_picked":["theWildCard:TheUniverse","theWildCard:Thanatos"],"picked":"theWildCard:TheArcanaUnleashed","floor":12},{"not_picked":["theWildCard:Impatience","theWildCard:Unburden"],"picked":"theWildCard:BladeOfGenerations","floor":13},{"not_picked":["theWildCard:Ruination","theWildCard:Amaterasu"],"picked":"theWildCard:TheArcanaUnleashed","floor":16},{"not_picked":["theWildCard:IdentityTheft","theWildCard:Salvation+1"],"picked":"theWildCard:StingingStrike","floor":18},{"not_picked":["theWildCard:Impatience","theWildCard:Unburden+1","theWildCard:Polydeuces+1"],"picked":"SKIP","floor":21},{"not_picked":["theWildCard:PaleRider+1","theWildCard:Attunement"],"picked":"theWildCard:ManOfManyFaces","floor":24},{"not_picked":["theWildCard:Alice+1","theWildCard:PaleRider"],"picked":"theWildCard:UnendingRitual","floor":27},{"not_picked":["theWildCard:Unburden","theWildCard:ArcaneArts"],"picked":"theWildCard:SeveringSlash+1","floor":28},{"not_picked":["theWildCard:SeveringSlash","theWildCard:ArcaneArts+1"],"picked":"theWildCard:ChangingDestiny","floor":30},{"not_picked":["theWildCard:UnderLockAndKey","theWildCard:TheGreatSeal"],"picked":"theWildCard:ArcaneArts+1","floor":31},{"not_picked":["theWildCard:Proficiency+1","theWildCard:StingingStrike+1"],"picked":"theWildCard:Safeguard","floor":35},{"not_picked":["theWildCard:MasterPlan","theWildCard:EnergyTheft+1"],"picked":"theWildCard:MagicalMight","floor":38},{"not_picked":["theWildCard:MasterPlan","theWildCard:SeveringSlash+1"],"picked":"theWildCard:ArchaicAssault","floor":41},{"not_picked":["theWildCard:EnergyTheft+1","theWildCard:Proficiency"],"picked":"theWildCard:ArcaneArts+1","floor":42},{"not_picked":["theWildCard:MasterPlan+1","theWildCard:SacrificialStroke"],"picked":"theWildCard:StingingStrike+1","floor":44},{"not_picked":["theWildCard:Patience","theWildCard:MasterPlan+1"],"picked":"theWildCard:Metatron+1","floor":48}],"player_experience":124434,"relics_obtained":[{"floor":7,"key":"reliquary:WeakTea"},{"floor":9,"key":"Bag of Preparation"},{"floor":12,"key":"conspire:GiftBox"},{"floor":26,"key":"reliquary:Spinner"},{"floor":41,"key":"InkBottle"},{"floor":43,"key":"reliquary:SilkGlove"},{"floor":47,"key":"Ring of Fury"},{"floor":47,"key":"Ring of Searing"}],"event_choices":[{"damage_healed":0,"gold_gain":0,"player_choice":"Got Potions","damage_taken":0,"max_hp_gain":0,"max_hp_loss":0,"event_name":"Lab","floor":14,"gold_loss":0},{"damage_healed":0,"gold_gain":0,"player_choice":"Paid Fearfully","damage_taken":0,"max_hp_gain":0,"max_hp_loss":0,"event_name":"Masked Bandits","floor":22,"gold_loss":48},{"cards_removed":["theWildCard:ManOfManyFaces"],"damage_healed":0,"gold_gain":0,"player_choice":"Removed Power","damage_taken":0,"max_hp_gain":0,"max_hp_loss":0,"event_name":"Falling","floor":37,"gold_loss":0},{"damage_healed":0,"gold_gain":0,"player_choice":"Forge","damage_taken":0,"max_hp_gain":0,"max_hp_loss":0,"event_name":"Accursed Blacksmith","floor":39,"gold_loss":0,"cards_upgraded":["theWildCard:MagicMettle"]}],"is_beta":false,"boss_relics":[{"not_picked":["Ectoplasm","Runic Dome"],"picked":"hubris:HollowSoul"},{"not_picked":["Runic Pyramid","aspiration:RunicSpoon"],"picked":"reliquary:Craggleroot"}],"items_purged_floors":[],"is_endless":false,"potions_floor_spawned":[1,2,12,13,18,27,31,33,35,44],"ascension_level":0}}