{"host":"uyfpom4rlahfoee4","time":1614226484,"event":{"mods":["BaseMod","Downfall","Minty Spire (QoL Compilation)","StSLib"],"gold_per_floor":[99,5,23,37,47,32,82,82,101,128,143,143,143,154,169,270,270,270,288,308,308,322,49,49,49,49,60,72,72,83,68,68,68,68],"floor_reached":32,"language":"ENG","playtime":2151,"items_purged":[],"score":246,"play_id":"f457deb9-84be-45d0-b482-540493614be6","local_time":"20210224201444","is_ascension_mode":false,"campfire_choices":[{"data":"Guardian:TwinSlam","floor":1,"key":"SMITH"},{"data":"Guardian:DecasProtection","floor":8,"key":"SMITH"},{"floor":12,"key":"REST"},{"floor":18,"key":"DIG"},{"data":"Guardian:CompilePackage","floor":25,"key":"SMITH"}],"circlet_count":0,"master_deck":["Guardian:Strike_Guardian","Guardian:Strike_Guardian","Guardian:Strike_Guardian","Guardian:Strike_Guardian","Guardian:Defend_Guardian","Guardian:Defend_Guardian","Guardian:Defend_Guardian","Guardian:Defend_Guardian","Guardian:CurlUp","Guardian:TwinSlam+1","Guardian:ShieldCharger","Guardian:DecasProtection+1","Guardian:TemporalStrike","Guardian:PrimingBeam","Guardian:Incinerate","Guardian:MultiBeam","Guardian:CompilePackage+1","Guardian:SpikerProtocol","Guardian:FastForward","Guardian:Suspension","Guardian:BronzeArmor","Guardian:PiercingHide","Guardian:FierceBash","Guardian:FuturePlans","Guardian:Incinerate+1","Guardian:BronzeArmor","Guardian:Gem_Cyan","Guardian:Gem_Cyan","Guardian:Emergency+1","Guardian:FuturePlans"],"relics":["Guardian:ModeShifter","Shovel","Philosopher\u0027s Stone","Question Card","Toxic Egg 2","downfall:RedIOU","Molten Egg 2"],"acts_visited":["Exordium","TheCity"],"potions_floor_usage":[6,16,20,20,22,22],"damage_taken":[{"damage":0,"enemies":"downfall:FleeingMerchant","floor":2,"turns":4},{"damage":5,"enemies":"Cultist","floor":3,"turns":5},{"damage":14,"enemies":"Jaw Worm","floor":4,"turns":4},{"damage":8,"enemies":"2 Louse","floor":5,"turns":3},{"damage":0,"enemies":"downfall:FleeingMerchant","floor":6,"turns":4},{"damage":2,"enemies":"Blue Slaver","floor":9,"turns":4},{"damage":9,"enemies":"Lagavulin","floor":10,"turns":7},{"damage":3,"enemies":"3 Louse","floor":11,"turns":3},{"damage":6,"enemies":"2 Fungi Beasts","floor":14,"turns":3},{"damage":2,"enemies":"Gremlin Gang","floor":15,"turns":2},{"damage":18,"enemies":"IC_STATUS_ARCHETYPE","floor":16,"turns":10},{"damage":0,"enemies":"Shell Parasite","floor":19,"turns":4},{"damage":12,"enemies":"3 Byrds","floor":20,"turns":3},{"damage":6,"enemies":"Centurion and Healer","floor":22,"turns":5},{"damage":0,"enemies":"downfall:FleeingMerchant","floor":23,"turns":4},{"damage":0,"enemies":"Snake Plant","floor":27,"turns":5},{"damage":28,"enemies":"3 Cultists","floor":28,"turns":6},{"damage":14,"enemies":"Centurion and Healer","floor":30,"turns":8},{"damage":4,"enemies":"downfall:FleeingMerchant","floor":31,"turns":4},{"damage":0,"enemies":"Cultist and Chosen","floor":32,"turns":1}],"seed_played":"-3510722750859387915","potions_obtained":[{"floor":3,"key":"Weak Potion"},{"floor":9,"key":"Swift Potion"},{"floor":10,"key":"FearPotion"},{"floor":11,"key":"SkillPotion"},{"floor":19,"key":"champ:CounterPotion"},{"floor":20,"key":"PowerPotion"},{"floor":28,"key":"DistilledChaos"}],"is_trial":false,"path_per_floor":["R","$","M","M","M","$","T","R","M","E","M","R","?","M","M","B",null,"R","M","M","?","M","$","T","R","?","M","M","T","M","$","M"],"character_chosen":"GUARDIAN","items_purchased":["Guardian:DecasProtection","Guardian:TemporalStrike","Toxic Egg 2"],"campfire_rested":1,"item_purchase_floors":[2,2,23],"current_hp_per_floor":[88,88,83,69,61,61,61,61,59,50,47,88,88,82,80,62,88,88,88,76,76,70,70,70,70,70,70,42,42,28,24,24,24,24],"gold":68,"neow_bonus":"TEN_PERCENT_HP_BONUS","is_daily":false,"chose_seed":false,"campfire_upgraded":3,"win_rate":0.0,"timestamp":1614226484,"path_taken":["R","?","M","M","M","$","T","R","M","E","M","R","?","M","M","BOSS","R","M","M","?","M","$","T","R","?","M","M","?","M","?","M"],"items_purchased_type":["Card","Card","Relic"],"build_version":"2020-12-22","purchased_purges":0,"victory":false,"max_hp_per_floor":[88,88,88,88,88,88,88,88,88,88,88,88,88,88,88,88,88,88,88,88,88,88,88,88,88,88,88,88,88,88,88,88,88,88],"card_choices":[{"not_picked":["Guardian:ChargeCore","Guardian:CrystalBeam"],"picked":"Guardian:ShieldCharger","floor":2},{"not_picked":["Guardian:RefractedBeam","Guardian:RollAttack"],"picked":"Guardian:PrimingBeam","floor":3},{"not_picked":["Guardian:ShieldCharger","Guardian:PolyBeam"],"picked":"Guardian:Gem_Orange","floor":4},{"not_picked":["Guardian:Harden","Guardian:WalkerClaw"],"picked":"Guardian:Incinerate","floor":5},{"not_picked":["Guardian:TemporalStrike","Guardian:Gem_White"],"picked":"Guardian:Gem_Purple","floor":6},{"not_picked":["Guardian:PrismaticBarrier","Guardian:Harden"],"picked":"Guardian:MultiBeam","floor":9},{"not_picked":["Guardian:PolyBeam","Guardian:Gem_Green"],"picked":"Guardian:CompilePackage","floor":10},{"not_picked":["Guardian:Gem_Green","Guardian:VentSteam"],"picked":"Guardian:SpikerProtocol","floor":11},{"not_picked":["Guardian:Gem_White","Guardian:Orbwalk"],"picked":"Guardian:BronzeArmor","floor":14},{"not_picked":["Guardian:Gem_Purple","Guardian:Repulse"],"picked":"Guardian:PiercingHide","floor":15},{"not_picked":["Guardian:GatlingBeam","Guardian:StasisField"],"picked":"Guardian:FierceBash","floor":16},{"not_picked":["Guardian:ChargeCore","Guardian:Harden","Guardian:DonusPower"],"picked":"Guardian:Gem_Blue","floor":19},{"not_picked":["Guardian:Gem_Green","Guardian:VentSteam","Guardian:ArmoredProtocol"],"picked":"Guardian:FuturePlans","floor":20},{"not_picked":["Guardian:Gem_Blue","Guardian:RollAttack","Guardian:Gem_Green"],"picked":"Guardian:Incinerate+1","floor":22},{"not_picked":["Guardian:Recover","Guardian:Gem_Red","Guardian:ExploitGems"],"picked":"Guardian:BronzeArmor","floor":23},{"not_picked":["Guardian:Gem_Lightblue","Guardian:RollAttack","Guardian:Gem_Red"],"picked":"Guardian:Gem_Cyan","floor":27},{"not_picked":["Guardian:BronzeArmor+1","Guardian:PrimingBeam","Guardian:Gem_Purple"],"picked":"Guardian:Gem_Cyan","floor":28},{"not_picked":["Guardian:Gem_Lightblue","Guardian:BaubleBeam+1","Guardian:PrimingBeam+1"],"picked":"Guardian:Emergency+1","floor":30},{"not_picked":["Guardian:Repulse+1","Guardian:Incinerate+1","Guardian:Planning+1"],"picked":"Guardian:FuturePlans","floor":31}],"player_experience":180923,"relics_obtained":[{"floor":7,"key":"Regal Pillow"},{"floor":10,"key":"Shovel"},{"floor":18,"key":"Question Card"},{"floor":29,"key":"Molten Egg 2"}],"event_choices":[{"damage_healed":0,"gold_gain":0,"player_choice":"Ignored","damage_taken":0,"max_hp_gain":0,"max_hp_loss":0,"event_name":"Vampires","floor":21,"gold_loss":0}],"is_beta":false,"boss_relics":[{"not_picked":["Empty Cage","bronze:MakeshiftBattery"],"picked":"Philosopher\u0027s Stone"}],"items_purged_floors":[],"is_endless":false,"potions_floor_spawned":[3,9,10,11,15,19,20,28],"killed_by":"Cultist and Chosen","ascension_level":0}}