{"host":"p2ps6s9o3p66sm0r","time":1614233367,"event":{"mods":["BaseMod","Downfall","Hermit","Minty Spire (QoL Compilation)","Replay The Spire","StSLib","The Cursed","The Servant 0.9.4"],"gold_per_floor":[99,115,133,133,143,159,213,213,35,35,35,46,78,103,126,241,253,265,296,308,320,349,361,361,361],"floor_reached":23,"language":"ENG","playtime":1718,"items_purged":[],"score":193,"play_id":"a67635ac-3643-41ad-b3ea-4f3535082623","local_time":"20210225010927","is_ascension_mode":false,"campfire_choices":[{"data":"champ:Taunt","floor":1,"key":"SMITH"},{"data":"champ:Execute","floor":8,"key":"SMITH"},{"data":"champ:GutPunch","floor":11,"key":"SMITH"},{"floor":18,"key":"RECALL"}],"circlet_count":0,"master_deck":["champ:Strike","champ:Strike","champ:Strike","champ:Strike","champ:Defend","champ:Defend","champ:Defend","champ:Defend","champ:Execute+1","champ:Taunt+1","champ:RisingSlash","champ:FlashCut","champ:Devastate","champ:FocusedBerserking","champ:Parry","champ:GutPunch+1","expansioncontent:AwakenDeath","champ:DefensiveShout+1","champ:DefensiveShout","champ:FanOfKnives","champ:PerfectedStrike","champ:BringItOn","champ:Shatter","champ:HeavySlash","CurseOfTheBell","champ:TornadoPunch","Pride","champ:GutPunch+1"],"relics":["champ:ChampionCrown","MawBank","Calling Bell","Blood Vial","Divine Protection","Ice Cream","ReplayFunnel"],"acts_visited":["Exordium","TheCity"],"potions_floor_usage":[6,13,16,19,23,23],"damage_taken":[{"damage":20,"enemies":"Cultist","floor":2,"turns":3},{"damage":13,"enemies":"Jaw Worm","floor":3,"turns":3},{"damage":35,"enemies":"Small Slimes","floor":5,"turns":3},{"damage":1,"enemies":"2 Fungi Beasts","floor":6,"turns":2},{"damage":10,"enemies":"downfall:FleeingMerchant","floor":9,"turns":4},{"damage":22,"enemies":"Blue Slaver","floor":12,"turns":4},{"damage":36,"enemies":"Gremlin Nob","floor":13,"turns":5},{"damage":19,"enemies":"3 Louse","floor":14,"turns":3},{"damage":4,"enemies":"Exordium Thugs","floor":15,"turns":2},{"damage":75,"enemies":"DF_ARCHETYPE_STREAMLINE","floor":16,"turns":9},{"damage":28,"enemies":"Chosen","floor":19,"turns":4},{"damage":27,"enemies":"Spheric Guardian","floor":22,"turns":4},{"damage":88,"enemies":"Spheric Guardian","floor":23,"turns":9}],"seed_played":"743011776648215679","potions_obtained":[{"floor":2,"key":"Fire Potion"},{"floor":6,"key":"Elixir"},{"floor":12,"key":"champ:UltimateStancePotion"},{"floor":13,"key":"champ:CounterPotion"},{"floor":16,"key":"AttackPotion"},{"floor":19,"key":"bronze:BurnAndBuffPotion"}],"is_trial":false,"path_per_floor":["R","M","M","?","M","M","T","R","$","?","R","M","E","M","M","B",null,"R","M","?","?","M","?"],"character_chosen":"THE_CHAMP","items_purchased":["champ:GutPunch","expansioncontent:AwakenDeath","champ:DefensiveShout"],"campfire_rested":0,"item_purchase_floors":[9,9,9],"current_hp_per_floor":[99,99,96,96,96,95,95,95,95,95,95,88,67,58,54,19,99,99,81,81,61,41,0,0,0],"gold":361,"neow_bonus":"TEN_PERCENT_HP_BONUS","is_daily":false,"chose_seed":false,"campfire_upgraded":3,"win_rate":0.0,"timestamp":1614233367,"path_taken":["R","M","?","?","?","M","T","R","$","?","R","M","E","M","M","BOSS","R","M","?","?","M","?"],"items_purchased_type":["Card","Card","Card"],"build_version":"2020-12-22","purchased_purges":0,"victory":false,"max_hp_per_floor":[99,99,99,99,99,99,99,99,99,99,99,99,99,99,99,99,99,99,99,99,104,104,104,104,104],"card_choices":[{"not_picked":["champ:SkillfulDodge","champ:Backstep"],"picked":"champ:RisingSlash","floor":2},{"not_picked":["champ:Parry","champ:Backstep"],"picked":"champ:FlashCut","floor":3},{"not_picked":["champ:DefensiveShout","champ:Backstep"],"picked":"champ:Devastate","floor":5},{"not_picked":["champ:FalseCounter","champ:EndlessRage"],"picked":"champ:FocusedBerserking","floor":6},{"not_picked":["champ:PreemptiveStrike","champ:UltimateStance"],"picked":"champ:Parry","floor":9},{"not_picked":["champ:Haymaker","champ:RisingSlash"],"picked":"champ:FanOfKnives","floor":12},{"not_picked":["champ:DeathBlow","champ:ShieldThrow"],"picked":"champ:PerfectedStrike","floor":13},{"not_picked":["champ:FalseCounter","champ:DeathBlow"],"picked":"champ:BringItOn","floor":14},{"not_picked":["champ:DefensiveShout","champ:ShieldSlam"],"picked":"champ:Shatter","floor":15},{"not_picked":["champ:SwordThrow","champ:IgnorePain"],"picked":"champ:HeavySlash","floor":16},{"not_picked":["champ:CrownThrow","champ:CrookedStrike+1"],"picked":"champ:TornadoPunch","floor":19},{"not_picked":["champ:FlashCut","champ:FaceSlap"],"picked":"champ:GutPunch+1","floor":22}],"player_experience":192762,"relics_obtained":[{"floor":13,"key":"MawBank"},{"floor":17,"key":"Blood Vial"},{"floor":17,"key":"Divine Protection"},{"floor":17,"key":"Ice Cream"}],"event_choices":[{"damage_healed":0,"gold_gain":0,"player_choice":"Ignored","damage_taken":0,"max_hp_gain":0,"max_hp_loss":0,"event_name":"NoteForYourself","floor":4,"gold_loss":0},{"damage_healed":0,"gold_gain":0,"player_choice":"Stole Relic","damage_taken":0,"relics_obtained":["ReplayFunnel"],"max_hp_gain":0,"max_hp_loss":0,"event_name":"Addict","floor":20,"gold_loss":0,"cards_obtained":["Pride"]}],"is_beta":false,"boss_relics":[{"not_picked":["Philosopher\u0027s Stone","Replay:Wanted Poster"],"picked":"Calling Bell"}],"items_purged_floors":[],"is_endless":false,"potions_floor_spawned":[2,6,12,13,16,19],"killed_by":"Spheric Guardian","ascension_level":0}}