{"host":"rguvlafm46vqn9ib","time":1614232068,"event":{"mods":["2.2 Compatiblity","AchievementEnabler","Act Like it!","Arknights","Aspiration","BaseMod","Beaked The Cultist","Better Match","Better Note","Better Third Choice","BetterRewards","Colored Map","Downfall","Elementarium","GifTheSpireLib","Hermit","Highlight Path","Hubris","JesterMod","Mad Scientist","Minty Spire (QoL Compilation)","RRrroohrrRGHHhhh!!","Reliquary","Reorder Act Four","Replay The Spire","Retaliation","Ruina","SCP261 Mod","Small Relic Pack","Spikes Relics","StSLib","Stuff the Spire","The Blackbeard","The Blue Laboratory","The Bug Knight","The Construct","The Death Knight","The Disciple","The Forsaken","The Judge","The Marked","The Mystic","The Necromancer","The Problem Sleuth","The Runesmith","TheSwordswoman"],"gold_per_floor":[116,8,19,29,29,64,64,83,83,95,95,95,106,116,116,213,213,225,195,195,195,36,36,61,77,100,100,100],"floor_reached":27,"language":"ENG","playtime":1437,"items_purged":[],"score":364,"play_id":"1da2665a-f113-4985-9526-7adabe2eea8e","local_time":"20210225054748","is_ascension_mode":true,"campfire_choices":[{"data":"All Out Attack","floor":7,"key":"SMITH"},{"floor":11,"key":"REST"},{"data":"Dodge and Roll","floor":15,"key":"SMITH"},{"floor":23,"key":"REST"}],"circlet_count":0,"master_deck":["Strike_G","Strike_G","Strike_G","Strike_G","Strike_G","Defend_G","Defend_G","Defend_G","Defend_G","Defend_G","Survivor","Neutralize","Dagger Spray+1","All Out Attack+1","Flying Knee","Deadly Poison","Crippling Poison","Cloak And Dagger","StuffTheSpire:Injection","StuffTheSpire:Python","Dodge and Roll+1","Flying Knee","Dagger Throw","Malaise","relicPack:ZaWorld","Outmaneuver","Quick Slash+1","ReplayTheSpireMod:Scrap Shanks","StuffTheSpire:Python","Sneak Up+1","Backstab"],"relics":["Ring of the Snake","theForsaken:Gavel","HornCleat","Pocketwatch","Blood Vial","relicPack:StarArrow","hubris:SphereOfDissonance","Du-Vu Doll","HollowMod:PaleOreRelic"],"acts_visited":["Exordium","Exordium"],"potions_floor_usage":[6,10,18,24,24],"damage_taken":[{"damage":0,"enemies":"Cultist","floor":1,"turns":3},{"damage":3,"enemies":"Small Slimes","floor":3,"turns":2},{"damage":5,"enemies":"2 Louse","floor":4,"turns":2},{"damage":12,"enemies":"3 Sentries","floor":6,"turns":7},{"damage":0,"enemies":"Exordium Wildlife","floor":8,"turns":3},{"damage":0,"enemies":"Looter","floor":10,"turns":2},{"damage":3,"enemies":"Blue Slaver","floor":13,"turns":2},{"damage":10,"enemies":"3 Louse","floor":14,"turns":2},{"damage":9,"enemies":"Hexaghost","floor":16,"turns":8},{"damage":22,"enemies":"ruina:3_Bats","floor":18,"turns":5},{"damage":60,"enemies":"ruina:ServantOfWrath","floor":24,"turns":6},{"damage":10,"enemies":"ruina:2_Scarecrows","floor":25,"turns":4},{"damage":23,"enemies":"ruina:Nos_and_Bat","floor":27,"turns":3}],"seed_played":"5186998407270777649","potions_obtained":[{"floor":1,"key":"FearPotion"},{"floor":6,"key":"Guardian:BlockOnCardUsePotion"},{"floor":8,"key":"Doom Potion"},{"floor":10,"key":"blueLaboratory:TrueEctoplasm"},{"floor":19,"key":"MadScienceMod:FuelPotion"},{"floor":24,"key":"blueLaboratory:NullPotion"}],"is_trial":false,"path_per_floor":["M","$","M","M","$","E","R","M","T","M","R","?","M","M","R","B",null,"M","?","?","T","$","R","E","M","T","M"],"character_chosen":"THE_SILENT","items_purchased":["theForsaken:Gavel","HornCleat","Dagger Spray+1","Flying Knee","Deadly Poison","Quick Slash+1","ReplayTheSpireMod:Scrap Shanks","StuffTheSpire:Python"],"campfire_rested":2,"item_purchase_floors":[0,0,0,2,2,22,22,22],"current_hp_per_floor":[70,70,67,62,62,50,50,50,50,52,70,70,67,59,59,52,70,48,48,48,48,48,69,10,2,2,0,0],"gold":100,"neow_bonus":"","is_daily":false,"chose_seed":false,"campfire_upgraded":2,"win_rate":0.0,"timestamp":1614232068,"path_taken":["M","?","M","M","$","E","R","M","T","M","R","?","M","M","R","BOSS","M","?","?","?","$","R","E","M","T","M"],"items_purchased_type":["Relic","Relic","Card","Card","Card","Card","Card","Card"],"build_version":"2020-12-22","purchased_purges":0,"victory":false,"max_hp_per_floor":[70,70,70,70,70,70,70,70,70,70,70,70,70,70,70,70,70,70,70,70,70,70,70,70,70,70,70,70],"card_choices":[{"not_picked":["Acrobatics","ReplayTheSpireMod:Exploit Weakness"],"picked":"All Out Attack","floor":1},{"not_picked":["StuffTheSpire:BumpUp","Cloak And Dagger"],"picked":"Crippling Poison","floor":3},{"not_picked":["StuffTheSpire:Injection","Dagger Throw"],"picked":"Cloak And Dagger","floor":4},{"not_picked":["Acrobatics","Noxious Fumes"],"picked":"StuffTheSpire:Injection","floor":6},{"not_picked":["Crippling Poison","Deflect"],"picked":"StuffTheSpire:Python","floor":8},{"not_picked":["Flying Knee","rorgmod:Tendon Slice"],"picked":"Dodge and Roll","floor":10},{"not_picked":["Outmaneuver","Cloak And Dagger"],"picked":"Flying Knee","floor":13},{"not_picked":["Choke","StuffTheSpire:BumpUp"],"picked":"Dagger Throw","floor":14},{"not_picked":["rorgmod:Tools of the Trade","rorgmod:Wraith Form"],"picked":"Malaise","floor":16},{"not_picked":["StuffTheSpire:Injection","Replay:Poison Smokescreen"],"picked":"Outmaneuver","floor":18},{"not_picked":["Acrobatics","Hidden Blade"],"picked":"Sneak Up+1","floor":24},{"not_picked":["Poisoned Stab+1","Flechettes+1"],"picked":"Backstab","floor":25}],"player_experience":1025012,"relics_obtained":[{"floor":6,"key":"Pocketwatch"},{"floor":9,"key":"Blood Vial"},{"floor":21,"key":"hubris:SphereOfDissonance"},{"floor":24,"key":"Du-Vu Doll"},{"floor":26,"key":"HollowMod:PaleOreRelic"}],"event_choices":[],"is_beta":false,"boss_relics":[{"not_picked":["Snecko Eye","Replay:Grab Bag"],"picked":"relicPack:StarArrow"}],"items_purged_floors":[],"is_endless":false,"potions_floor_spawned":[1,6,8,10,24],"killed_by":"ruina:Nos_and_Bat","ascension_level":2}}