{"host":"z9x5nldzhmx4jdfi","time":1614222382,"event":{"mods":["BaseMod","Better Altar","Better Note","Better Sensory Stone","Better Skull","Better Vampires","BetterRewards","Block Reminder","Card Filter","Colored Powertips","Infinite Spire","Minty Spire (QoL Compilation)","Relic Filter","StSLib","The Animator","Wandering Minibosses"],"gold_per_floor":[115,265,283,6,81,81,81,81],"floor_reached":7,"language":"ENG","playtime":350,"items_purged":[],"score":78,"play_id":"5e075a50-8193-4bc7-8349-6503692d5c36","local_time":"20210224210622","is_ascension_mode":true,"campfire_choices":[{"data":"animator:DwarfShaman","floor":6,"key":"SMITH"}],"circlet_count":0,"master_deck":["AscendersBane","animator:Strike_GoblinSlayer","animator:Defend_GoblinSlayer","animator:Strike","animator:Strike","animator:Strike","animator:Defend","animator:Defend","animator:Defend","animator:LizardPriest","animator:DwarfShaman+1","Doubt"],"relics":["animator:LivingPicture","animator:TheMissingPiece","animator:WizardHat","Sundial"],"acts_visited":["Exordium"],"potions_floor_usage":[7],"damage_taken":[{"damage":9,"enemies":"Small Slimes","floor":1,"turns":4},{"damage":2,"enemies":"Jaw Worm","floor":3,"turns":5},{"damage":29,"enemies":"Gremlin Nob","floor":7,"turns":3}],"seed_played":"7045149519806574913","potions_obtained":[{"floor":1,"key":"SneckoOil"}],"is_trial":false,"path_per_floor":["M","?","M","$","?","R","E"],"character_chosen":"THE_ANIMATOR","items_purchased":["animator:WizardHat","Sundial"],"campfire_rested":0,"item_purchase_floors":[0,4],"current_hp_per_floor":[37,37,35,35,24,24,0,0],"gold":81,"neow_bonus":"","is_daily":false,"chose_seed":false,"campfire_upgraded":1,"win_rate":0.0,"timestamp":1614222382,"path_taken":["M","?","M","$","?","R","E"],"items_purchased_type":["Relic","Relic"],"build_version":"2020-12-22","purchased_purges":0,"victory":false,"max_hp_per_floor":[60,60,60,60,60,60,60,60],"card_choices":[{"not_picked":["animator:ChaikaBohdan","animator:Sebas","animator:AcuraAkari"],"picked":"SKIP","floor":1},{"not_picked":["animator:Hitei","animator:Yoichi","animator:YaoHaDucy"],"picked":"SKIP","floor":3}],"player_experience":1387643,"relics_obtained":[],"event_choices":[{"damage_healed":0,"gold_gain":150,"player_choice":"AGREE","damage_taken":0,"max_hp_gain":0,"max_hp_loss":0,"event_name":"Liars Game","floor":2,"gold_loss":0,"cards_obtained":["Doubt"]},{"damage_healed":0,"gold_gain":75,"player_choice":"Gather Gold","damage_taken":11,"max_hp_gain":0,"max_hp_loss":0,"event_name":"World of Goop","floor":5,"gold_loss":0}],"is_beta":false,"boss_relics":[],"items_purged_floors":[],"is_endless":false,"potions_floor_spawned":[1],"killed_by":"Gremlin Nob","ascension_level":20}}