{"host":"i9wanet4r0ff4t9y","time":1614267094,"event":{"mods":["2.2 Compatiblity","Act Like it!","BaseMod","Bestiary","Better Altar","Better Match","Better Note","Better Sensory Stone","Better Skull","Better Third Choice","Better Vampires","BetterRewards","CapriCore","Colored Map","Conspire","Curses Come First","Downfall","Energized Spire","Hubris","Minty Spire (QoL Compilation)","Quick Restart","READ ME - Guardian Mod","READ ME - Snecko Mod","Relic Stats","Reliquary","Ruina","Say the Spire","Spicy Shops","StSLib","The Gatherer","Transform Curses","Waifu the Spire"],"gold_per_floor":[99,115,135,150,167,92,115,7,7,7,7,19,32,51,65,167,167,167,185,198,32,32,32,32,63,63,163,39,56,56,75,87,192,142,142,162,162,182,182,198,221,171,171,171,184,214,214,289,307,307,307,307],"floor_reached":50,"language":"POL","playtime":1717,"items_purged":[],"score":533,"play_id":"06113c32-bac2-4805-8241-2b2138f73450","local_time":"20210225163134","is_ascension_mode":false,"campfire_choices":[{"data":"bronze:Invalidate","floor":1.0,"key":"SMITH"},{"data":"bronze:Boost","floor":9.0,"key":"SMITH"},{"data":"bronze:CloningBeam","floor":11.0,"key":"SMITH"},{"data":"bronze:ClassDefault","floor":18.0,"key":"SMITH"},{"floor":23.0,"key":"REST"},{"floor":26.0,"key":"REST"},{"floor":30.0,"key":"REST"},{"data":"expansioncontent:DashGenerateEvil","floor":35.0,"key":"SMITH"},{"floor":44,"key":"REST"},{"floor":47,"key":"REST"}],"circlet_count":0,"master_deck":["bronze:Strike","bronze:Strike","bronze:Strike","bronze:Strike","bronze:Defend","bronze:Defend","bronze:Defend","bronze:Defend","bronze:Replicate","bronze:Invalidate+1","bronze:ChosenStrike","bronze:CloningBeam+1","bronze:WhirlingStrike","bronze:WildBeam","Metamorphosis+1","Transmutation+1","Magnetism+1","bronze:Boost+1","Pain","bronze:ClassDefault+1","bronze:Iterate","bronze:FineTuning","bronze:Shield+1","bronze:RecursiveStrike","bronze:BugBarrage","bronze:Repair+1","bronze:ForceShield","expansioncontent:InvincibleStrength","bronze:WildBeam","expansioncontent:QuickStudy+1","bronze:DigitalCarnage+1","bronze:Overheat","bronze:Goto","bronze:WildBeam","bronze:Repair","bronze:RecursiveStrike","PanicButton","downfall:Malfunctioning","expansioncontent:DashGenerateEvil+1","bronze:Safeguard","bronze:Frontload","bronze:Assembly","bronze:HyperBeam","bronze:Strike","bronze:Break","bronze:Frontload+1","expansioncontent:AwakenDeath","expansioncontent:PrepareCrush","expansioncontent:Hexaburn","bronze:DarkDash+1","bronze:CutThrough+1","conspire:SpireCoStock","Panache","Mayhem","bronze:Overheat+1","bronze:Iterate+1","bronze:RecursiveStrike"],"relics":["bronze:BronzeCore","bronze:ProtectiveGoggles","Lizard Tail","WarpedTongs","energizedSpire:OgreHead","conspire:Dentures","War Paint","downfall:GremlinSack","ClockworkSouvenir","reliquary:FingerTrap","energizedSpire:HugeHouse","Pear","PreservedInsect"],"acts_visited":["Exordium","TheCity","TheBeyond"],"potions_floor_usage":[46,49,50,50],"damage_taken":[{"damage":1.0,"enemies":"Cultist","floor":2.0,"turns":3.0},{"damage":7.0,"enemies":"2 Louse","floor":3.0,"turns":2.0},{"damage":2.0,"enemies":"Small Slimes","floor":4.0,"turns":3.0},{"damage":7.0,"enemies":"Blue Slaver","floor":5.0,"turns":3.0},{"damage":10.0,"enemies":"downfall:FleeingMerchant","floor":8.0,"turns":4.0},{"damage":0.0,"enemies":"Gremlin Gang","floor":12.0,"turns":3.0},{"damage":8.0,"enemies":"Red Slaver","floor":13.0,"turns":4.0},{"damage":1.0,"enemies":"2 Fungi Beasts","floor":14.0,"turns":2.0},{"damage":4.0,"enemies":"Exordium Thugs","floor":15.0,"turns":3.0},{"damage":45.0,"enemies":"DF_ARCHETYPE_STREAMLINE","floor":16.0,"turns":5.0},{"damage":0.0,"enemies":"Spheric Guardian","floor":19.0,"turns":1.0},{"damage":27.0,"enemies":"Shell Parasite","floor":20.0,"turns":3.0},{"damage":14.0,"enemies":"downfall:FleeingMerchant","floor":21.0,"turns":4.0},{"damage":16.0,"enemies":"Book of Stabbing","floor":25.0,"turns":5.0},{"damage":10.0,"enemies":"Book of Stabbing","floor":27.0,"turns":3.0},{"damage":12.0,"enemies":"downfall:FleeingMerchant","floor":28.0,"turns":3.0},{"damage":7.0,"enemies":"Snake Plant","floor":29.0,"turns":4.0},{"damage":10.0,"enemies":"conspire:HollyBat","floor":31.0,"turns":8.0},{"damage":13.0,"enemies":"Centurion and Healer","floor":32.0,"turns":5.0},{"damage":31.0,"enemies":"WA_ARCHETYPE_CALM","floor":33.0,"turns":8.0},{"damage":0.0,"enemies":"Orb Walker","floor":36.0,"turns":1.0},{"damage":14.0,"enemies":"3 Shapes","floor":38.0,"turns":3.0},{"damage":49,"enemies":"3 Darklings","floor":40,"turns":9},{"damage":22,"enemies":"Spire Growth","floor":45,"turns":4},{"damage":33,"enemies":"Sphere and 2 Shapes","floor":46,"turns":6},{"damage":11,"enemies":"Jaw Worm Horde","floor":49,"turns":5},{"damage":45,"enemies":"IC_BLOCK_ARCHETYPE","floor":50,"turns":2}],"seed_played":"49242965251300448","potions_obtained":[{"floor":3.0,"key":"BlessingOfTheForge"},{"floor":5.0,"key":"Guardian:BlockOnCardUsePotion"},{"floor":12.0,"key":"SkillPotion"},{"floor":15.0,"key":"bronze:FreeFunctionsPotion"},{"floor":19.0,"key":"hexamod:SoulburnPotion"},{"floor":27.0,"key":"SpeedPotion"},{"floor":32.0,"key":"Fire Potion"},{"floor":33.0,"key":"Regen Potion"},{"floor":36.0,"key":"Swift Potion"},{"floor":46,"key":"Fire Potion"},{"floor":48,"key":"downfall:CursedFountainPotion"},{"floor":49,"key":"BlessingOfTheForge"}],"is_trial":false,"path_per_floor":["R","M","M","M","M","?","T","$","R","?","R","M","M","M","M","B",null,"R","M","M","$","?","R","T","E","R","?","$","M","R","M","M","B",null,"R","M","?","M","?","M","T","?","?","R","M","M","R","?","M","B"],"character_chosen":"THE_AUTOMATON","items_purchased":["Lizard Tail","expansioncontent:InvincibleStrength","bronze:WildBeam","expansioncontent:DashGenerateEvil","ClockworkSouvenir","reliquary:FingerTrap"],"campfire_rested":5,"item_purchase_floors":[8,21,21,28,28,28],"current_hp_per_floor":[70,69,62,60,53,53,53,43,43,43,43,43,35,34,30,35,70,70,70,43,29,29,50,50,44,65,55,43,46,67,60,57,33,65,65,65,55,41,51,12,12,12,12,34,12,11,33,33,22,0,0,0],"gold":307,"neow_bonus":"TRANSFORM_CARD","is_daily":false,"chose_seed":false,"campfire_upgraded":5,"win_rate":0.0,"timestamp":1614267094,"path_taken":["R","M","?","M","M","?","T","?","R","?","R","M","M","M","M","BOSS","R","M","?","$","?","R","T","E","R","?","$","?","R","M","M","BOSS","R","M","?","M","?","M","T","?","?","R","?","M","R","?","M","BOSS"],"items_purchased_type":["Relic","Card","Card","Card","Relic","Relic"],"build_version":"2020-12-22","purchased_purges":0,"victory":false,"max_hp_per_floor":[70,70,70,70,70,70,70,70,70,70,70,70,70,70,70,70,70,70,70,70,70,70,70,70,70,70,70,70,70,70,70,70,70,65,65,65,65,65,75,75,75,75,75,75,75,75,75,75,75,75,75,75],"relic_stats":{"Lizard Tail":35,"counters":[27,106],"PreservedInsect":0,"War Paint":["bronze:Shield","bronze:Repair"],"obtain_stats":[{"conspire:Dentures":24,"bronze:BronzeCore":0,"Pear":39,"PreservedInsect":41,"energizedSpire:OgreHead":17,"War Paint":25,"WarpedTongs":10,"ClockworkSouvenir":28,"Lizard Tail":8,"bronze:ProtectiveGoggles":7,"downfall:GremlinSack":27,"energizedSpire:HugeHouse":34,"reliquary:FingerTrap":28},{"conspire:Dentures":13,"bronze:BronzeCore":0,"Pear":22,"PreservedInsect":23,"energizedSpire:OgreHead":10,"War Paint":14,"WarpedTongs":5,"ClockworkSouvenir":16,"Lizard Tail":5,"bronze:ProtectiveGoggles":4,"downfall:GremlinSack":15,"energizedSpire:HugeHouse":20,"reliquary:FingerTrap":16},{"conspire:Dentures":40,"bronze:BronzeCore":0,"Pear":80,"PreservedInsect":89,"energizedSpire:OgreHead":32,"War Paint":45,"WarpedTongs":15,"ClockworkSouvenir":51,"Lizard Tail":15,"bronze:ProtectiveGoggles":11,"downfall:GremlinSack":48,"energizedSpire:HugeHouse":76,"reliquary:FingerTrap":51}],"WarpedTongs":[89]},"card_choices":[{"not_picked":["bronze:Iterate","bronze:Fortify"],"picked":"bronze:ChosenStrike","floor":2.0},{"not_picked":["bronze:FollowUp","bronze:Shield"],"picked":"bronze:CloningBeam","floor":3.0},{"not_picked":["bronze:Repulsor","bronze:Deprecate"],"picked":"bronze:WhirlingStrike","floor":4.0},{"not_picked":["bronze:OilSpill","bronze:GetLatest"],"picked":"bronze:WildBeam","floor":5.0},{"not_picked":["Panache+1","Transmutation+1"],"picked":"Metamorphosis+1","floor":6.0},{"not_picked":["Sadistic Nature+1","Secret Weapon+1"],"picked":"Transmutation+1","floor":6.0},{"not_picked":["HandOfGreed+1","Mayhem+1"],"picked":"Magnetism+1","floor":6.0},{"not_picked":["bronze:OilSpill","bronze:ForLoop"],"picked":"bronze:Boost","floor":8.0},{"not_picked":["bronze:Terminator","bronze:WhirlingStrike"],"picked":"bronze:ClassDefault","floor":12.0},{"not_picked":["bronze:Branch","bronze:ForLoop"],"picked":"bronze:Iterate","floor":13.0},{"not_picked":["bronze:Deprecate","bronze:Return"],"picked":"bronze:FineTuning","floor":14.0},{"not_picked":["bronze:BitShift","bronze:Allocate"],"picked":"bronze:Shield","floor":15.0},{"not_picked":["bronze:BurnOut","bronze:HardenedForm"],"picked":"bronze:RecursiveStrike","floor":16.0},{"not_picked":["bronze:FollowUp","bronze:Shield"],"picked":"bronze:BugBarrage","floor":19.0},{"not_picked":["bronze:BugBarrage","bronze:ForceShield"],"picked":"bronze:Repair","floor":20.0},{"not_picked":["bronze:Return+1","bronze:BuggyMess"],"picked":"bronze:ForceShield","floor":21.0},{"not_picked":["bronze:GetLatest","bronze:ForceShield"],"picked":"bronze:DigitalCarnage+1","floor":25.0},{"not_picked":["bronze:WildBeam","bronze:Frontload"],"picked":"bronze:Overheat","floor":27.0},{"not_picked":["bronze:Return","bronze:ForLoop"],"picked":"bronze:Invalidate","floor":28.0},{"not_picked":["bronze:Iterate","bronze:Backtrace"],"picked":"bronze:Safeguard","floor":29.0},{"not_picked":["bronze:BitShift","bronze:Deprecate"],"picked":"bronze:Frontload","floor":31.0},{"not_picked":["bronze:Branch","bronze:Shield"],"picked":"bronze:Assembly","floor":32.0},{"not_picked":["bronze:BurnOut","bronze:Break"],"picked":"bronze:HyperBeam","floor":33.0},{"not_picked":["bronze:BugBarrage","bronze:Deprecate"],"picked":"bronze:Frontload+1","floor":36.0},{"not_picked":["expansioncontent:GuardianWhirl","expansioncontent:PolyBeam"],"picked":"expansioncontent:AwakenDeath","floor":37.0},{"not_picked":["expansioncontent:AwakenDeath","expansioncontent:Chronoboost"],"picked":"expansioncontent:PrepareCrush","floor":37.0},{"not_picked":["expansioncontent:PrepareCrush","expansioncontent:LastStand"],"picked":"expansioncontent:Hexaburn","floor":37.0},{"not_picked":["bronze:Break","bronze:Constructor+1"],"picked":"bronze:DarkDash+1","floor":38.0},{"not_picked":["bronze:Shell","bronze:GetLatest"],"picked":"bronze:CutThrough+1","floor":40},{"not_picked":["hubris:Insight","Thinking Ahead"],"picked":"Panache","floor":43},{"not_picked":["Forethought","Trip"],"picked":"Mayhem","floor":43},{"not_picked":["bronze:Philosophize","bronze:DelayedSlice"],"picked":"bronze:Overheat+1","floor":45},{"not_picked":["bronze:DelayedGuard","bronze:BitShift"],"picked":"bronze:Iterate+1","floor":46},{"not_picked":["bronze:Separator+1","bronze:WildBeam"],"picked":"bronze:RecursiveStrike","floor":49}],"player_experience":491781,"relics_obtained":[{"floor":7.0,"key":"bronze:ProtectiveGoggles"},{"floor":24.0,"key":"conspire:Dentures"},{"floor":25.0,"key":"War Paint"},{"floor":27.0,"key":"downfall:GremlinSack"},{"floor":39,"key":"Pear"},{"floor":41,"key":"PreservedInsect"}],"event_choices":[{"damage_healed":0.0,"max_hp_gain":0.0,"max_hp_loss":0.0,"gold_gain":0.0,"event_name":"betterMatch:BetterMatch","player_choice":"3","floor":6.0,"gold_loss":0.0,"damage_taken":0.0,"cards_obtained":["betterMatch:ColorlessRareCard"]},{"cards_removed":["Metamorphosis"],"damage_healed":0.0,"max_hp_gain":0.0,"max_hp_loss":0.0,"gold_gain":0.0,"event_name":"betterNote:BetterNote","player_choice":"Take \u0026 Give","floor":22.0,"gold_loss":0.0,"damage_taken":0.0,"cards_obtained":["expansioncontent:QuickStudy"]},{"damage_healed":0,"gold_gain":0,"player_choice":"Invest 1","damage_taken":0,"max_hp_gain":0,"max_hp_loss":0,"event_name":"conspire:Investor","floor":42,"gold_loss":0},{"damage_healed":0,"gold_gain":3,"player_choice":"1","damage_taken":0,"max_hp_gain":0,"max_hp_loss":0,"event_name":"betterStone:BetterStone","floor":43,"gold_loss":0}],"is_beta":false,"boss_relics":[{"not_picked":["bronze:MakeshiftBattery","reliquary:Ember"],"picked":"energizedSpire:OgreHead"},{"not_picked":["Astrolabe","energizedSpire:RedRose"],"picked":"energizedSpire:HugeHouse"}],"items_purged_floors":[],"is_endless":false,"potions_floor_spawned":[3,5,12,14,15,19,27,32,33,36,40,45,46,49],"killed_by":"IC_BLOCK_ARCHETYPE","ascension_level":0}}