{"host":"d52brwsy6af8zvaq","time":1614217935,"event":{"mods":["AchievementEnabler","BaseMod","Bestiary","Highlight Path","Minty Spire (QoL Compilation)","Quick Restart","Relic Stats","ojb\u0027s Better Paths Mod"],"gold_per_floor":[119,134,144,144,45,45,45,45],"floor_reached":7,"language":"ENG","playtime":159,"items_purged":["Strike_B"],"score":82,"play_id":"5bc8b1b9-c6d2-426d-af37-98cc0a2f0871","local_time":"20210224185215","is_ascension_mode":true,"campfire_choices":[{"data":"Darkness","floor":6.0,"key":"SMITH"}],"circlet_count":0,"master_deck":["AscendersBane","Strike_B","Strike_B","Strike_B","Defend_B","Defend_B","Defend_B","Defend_B","Zap","Dualcast","Hologram","Doom and Gloom","Darkness+1","Coolheaded"],"relics":["Cracked Core","Golden Idol"],"acts_visited":["Exordium"],"potions_floor_usage":[7],"damage_taken":[{"damage":7.0,"enemies":"Small Slimes","floor":1.0,"turns":3.0},{"damage":9.0,"enemies":"Jaw Worm","floor":2.0,"turns":4.0},{"damage":9.0,"enemies":"Cultist","floor":3.0,"turns":4.0},{"damage":69,"enemies":"Gremlin Nob","floor":7,"turns":4}],"seed_played":"3313714285027246030","potions_obtained":[{"floor":2.0,"key":"Regen Potion"}],"is_trial":false,"path_per_floor":["M","M","M","?","$","R","E"],"character_chosen":"DEFECT","items_purchased":["Coolheaded"],"campfire_rested":0,"item_purchase_floors":[5],"current_hp_per_floor":[64,55,46,46,46,46,0,0],"gold":45,"neow_bonus":"TEN_PERCENT_HP_BONUS","is_daily":false,"chose_seed":false,"campfire_upgraded":1,"win_rate":0.0,"timestamp":1614217935,"path_taken":["M","M","M","?","$","R","E"],"items_purchased_type":["Card"],"build_version":"2020-12-22","purchased_purges":1,"victory":false,"max_hp_per_floor":[78,78,78,71,71,71,71,71],"relic_stats":{"counters":[4,15],"Golden Idol":0,"obtain_stats":[{"Golden Idol":4,"Cracked Core":0},{"Golden Idol":3,"Cracked Core":0},{"Golden Idol":11,"Cracked Core":0}]},"card_choices":[{"not_picked":["Conserve Battery","Consume"],"picked":"Hologram","floor":1.0},{"not_picked":["Steam","Streamline"],"picked":"Doom and Gloom","floor":2.0},{"not_picked":["Chaos","Barrage"],"picked":"Darkness","floor":3.0}],"player_experience":2365027,"relics_obtained":[],"event_choices":[{"damage_healed":0.0,"max_hp_gain":0.0,"max_hp_loss":7.0,"gold_gain":0.0,"event_name":"Golden Idol","player_choice":"Lose Max HP","floor":4.0,"gold_loss":0.0,"damage_taken":0.0,"relics_obtained":["Golden Idol"]}],"is_beta":false,"boss_relics":[],"items_purged_floors":[5],"is_endless":false,"potions_floor_spawned":[2],"killed_by":"Gremlin Nob","ascension_level":20}}