{"host":"5vxoi0a3x57fg5l4","time":1614262003,"event":{"mods":["Act Like it!","BaseMod","GifTheSpireLib","Magitek Elite","Minty Spire (QoL Compilation)","Permanent Neow","Quick Restart","Relic Sorter","Relic Stats","Robot Space Explorer","StSLib","The Forsaken","The Wild Card","UnlockEverythingMod"],"gold_per_floor":[219,219,233,122,137,168,168,193,219,394,432,455,455,455,455,455,455],"floor_reached":16,"language":"ENG","playtime":1501,"items_purged":["Strike_L"],"score":110,"play_id":"ecc3ee7f-aff3-4508-ba4a-5bacd9f9f14b","local_time":"20210225110643","is_ascension_mode":false,"campfire_choices":[{"floor":7,"key":"REST"},{"floor":13,"key":"REST"},{"data":"Meteor","floor":15,"key":"SMITH"}],"circlet_count":0,"master_deck":["Strike_L","Strike_L","Strike_L","Defend_L","Defend_L","Defend_L","Defend_L","Defend_L","Fire2","Cure","Quake","Flametongue","Transpose_P","Enhancer","Falchion","Meteor+1","Doubt","Esuna","Man_Eater","theWildCard:Odin"],"relics":["Pendant","Golden Idol","Mythril_Glove","PreservedInsect","Guard_Bracelet"],"acts_visited":["Exordium"],"potions_floor_usage":[6],"damage_taken":[{"damage":6,"enemies":"2 Louse","floor":1,"turns":4},{"damage":1,"enemies":"Jaw Worm","floor":3,"turns":5},{"damage":12,"enemies":"Cultist","floor":5,"turns":5},{"damage":31,"enemies":"Lagavulin","floor":6,"turns":6},{"damage":10,"enemies":"Blue Slaver","floor":8,"turns":6},{"damage":22,"enemies":"Gremlin Nob","floor":11,"turns":5},{"damage":5,"enemies":"3 Louse","floor":12,"turns":5},{"damage":33,"enemies":"Slime Boss","floor":16,"turns":8}],"seed_played":"590887062508901436","potions_obtained":[{"floor":1,"key":"Weak Potion"},{"floor":5,"key":"FearPotion"},{"floor":11,"key":"GamblersBrew"}],"is_trial":false,"path_per_floor":["M","?","M","$","M","E","R","M","T","?","E","M","R","?","R","B"],"character_chosen":"MAGITEKELITE","items_purchased":["Transpose_P"],"campfire_rested":2,"item_purchase_floors":[4],"current_hp_per_floor":[63,48,53,53,47,16,34,30,30,30,14,9,27,27,27,0,0],"gold":455,"neow_bonus":"HUNDRED_GOLD","is_daily":false,"chose_seed":false,"campfire_upgraded":1,"win_rate":0.0,"timestamp":1614262003,"path_taken":["M","?","M","$","M","E","R","M","T","?","E","M","R","?","R","BOSS"],"items_purchased_type":["Card"],"build_version":"2020-12-22","purchased_purges":1,"victory":false,"max_hp_per_floor":[63,63,63,63,63,63,63,63,63,63,63,63,63,63,63,63,63],"relic_stats":{"counters":[8,44],"Golden Idol":30,"PreservedInsect":21,"obtain_stats":[{"Pendant":0,"Golden Idol":2,"PreservedInsect":9,"Mythril_Glove":6,"Guard_Bracelet":11},{"Pendant":0,"Golden Idol":1,"PreservedInsect":5,"Mythril_Glove":4,"Guard_Bracelet":6},{"Pendant":0,"Golden Idol":4,"PreservedInsect":26,"Mythril_Glove":20,"Guard_Bracelet":31}]},"card_choices":[{"not_picked":["Throw","Barrier"],"picked":"Quake","floor":1},{"not_picked":["Thunder_Blade","Heavy_Shield"],"picked":"Flametongue","floor":3},{"not_picked":["Slow","Magus_Robe"],"picked":"Enhancer","floor":5},{"not_picked":["Quake","Magus_Robe"],"picked":"Falchion","floor":6},{"not_picked":["Thornlet","Heavy_Shield"],"picked":"Meteor","floor":8},{"not_picked":["Meltdown","Gaia_Gear"],"picked":"Esuna","floor":11},{"not_picked":["Haste","Faith"],"picked":"Man_Eater","floor":12}],"player_experience":3847,"relics_obtained":[{"floor":6,"key":"Mythril_Glove"},{"floor":9,"key":"PreservedInsect"},{"floor":11,"key":"Guard_Bracelet"}],"event_choices":[{"damage_healed":0,"gold_gain":0,"player_choice":"Take Damage","damage_taken":15,"relics_obtained":["Golden Idol"],"max_hp_gain":0,"max_hp_loss":0,"event_name":"Golden Idol","floor":2,"gold_loss":0},{"damage_healed":0,"gold_gain":175,"player_choice":"AGREE","damage_taken":0,"max_hp_gain":0,"max_hp_loss":0,"event_name":"Liars Game","floor":10,"gold_loss":0,"cards_obtained":["Doubt"]}],"is_beta":false,"boss_relics":[],"items_purged_floors":[4],"is_endless":false,"potions_floor_spawned":[1,5,11],"killed_by":"Slime Boss","ascension_level":0}}