{"host":"guk5h31bsklpp7e4","time":1614241197,"event":{"mods":["AchievementEnabler","BaseMod","Colored Map","Colored Powertips","Highlight Path","Minty Spire (QoL Compilation)","Quick Restart","Rare Cards Sparkle"],"gold_per_floor":[119,132,150,161,161,195,215,215,261,286,286,297,322,333,333,435,435,454,369,3,3,3,45,45,86,134,233,233,233,269,293,293,402,402,428,451,11,21,46,81,81,81,106,141,141,159,184,219,219,219],"floor_reached":51,"language":"ENG","playtime":3046,"items_purged":["Defend_P","Defend_P"],"score":1189,"play_id":"49aff673-04d0-4a9b-9498-b686e47943dc","local_time":"20210225031957","is_ascension_mode":true,"campfire_choices":[{"floor":8,"key":"REST"},{"data":"CrushJoints","floor":11,"key":"SMITH"},{"data":"SashWhip","floor":15,"key":"SMITH"},{"data":"TalkToTheHand","floor":24,"key":"SMITH"},{"floor":32,"key":"REST"},{"data":"SignatureMove","floor":41,"key":"SMITH"},{"data":"DeceiveReality","floor":45,"key":"SMITH"},{"floor":49,"key":"REST"}],"circlet_count":0,"master_deck":["Strike_P","Strike_P","Strike_P","Strike_P","Defend_P","Defend_P","Eruption+1","Vigilance","FollowUp","CrushJoints+1","Halt","FlurryOfBlows","Vengeance","Consecrate","DeceiveReality+1","SashWhip+1","Halt","ClearTheMind","Scrawl","Conclude+1","TalkToTheHand+1","WindmillStrike+1","Indignation","Wireheading","TalkToTheHand","Establishment","EmptyFist+1","ThirdEye+1","Evaluate+1","SignatureMove+1","WheelKick+1","Sanctity+1","Madness+1","Madness+1","Protect+1","Protect+1"],"relics":["PureWater","PreservedInsect","Bag of Marbles","InkBottle","Strawberry","Sozu","StrikeDummy","Meat on the Bone","CeramicFish","Oddly Smooth Stone","Anchor","Toxic Egg 2","Matryoshka","VioletLotus","Mercury Hourglass","Nunchaku","Singing Bowl","Damaru","Eternal Feather","Smiling Mask"],"acts_visited":["Exordium","TheCity","TheBeyond"],"potions_floor_usage":[7,10,10,16,30,33],"damage_taken":[{"damage":0.0,"enemies":"Cultist","floor":1.0,"turns":2.0},{"damage":0.0,"enemies":"Small Slimes","floor":2.0,"turns":2.0},{"damage":2.0,"enemies":"Jaw Worm","floor":3.0,"turns":2.0},{"damage":0.0,"enemies":"2 Fungi Beasts","floor":4.0,"turns":2.0},{"damage":23,"enemies":"Gremlin Nob","floor":6,"turns":3},{"damage":0,"enemies":"3 Louse","floor":7,"turns":2},{"damage":0,"enemies":"Lagavulin","floor":10,"turns":2},{"damage":0,"enemies":"Large Slime","floor":12,"turns":2},{"damage":0,"enemies":"Gremlin Nob","floor":13,"turns":2},{"damage":1,"enemies":"Lots of Slimes","floor":14,"turns":2},{"damage":18,"enemies":"Hexaghost","floor":16,"turns":7},{"damage":2,"enemies":"3 Byrds","floor":18,"turns":4},{"damage":2,"enemies":"Slavers","floor":23,"turns":3},{"damage":23,"enemies":"Gremlin Leader","floor":25,"turns":2},{"damage":6,"enemies":"Book of Stabbing","floor":30,"turns":4},{"damage":0,"enemies":"Spheric Guardian","floor":31,"turns":3},{"damage":70,"enemies":"Automaton","floor":33,"turns":7},{"damage":0,"enemies":"3 Shapes","floor":35,"turns":2},{"damage":0,"enemies":"Orb Walker","floor":36,"turns":3},{"damage":4,"enemies":"Sphere and 2 Shapes","floor":38,"turns":3},{"damage":5,"enemies":"3 Darklings","floor":39,"turns":2},{"damage":14,"enemies":"Nemesis","floor":40,"turns":3},{"damage":0,"enemies":"Reptomancer","floor":44,"turns":3},{"damage":27,"enemies":"Writhing Mass","floor":47,"turns":4},{"damage":3,"enemies":"Nemesis","floor":48,"turns":5},{"damage":30,"enemies":"Donu and Deca","floor":50,"turns":8}],"seed_played":"-8465424037442476555","potions_obtained":[{"floor":3.0,"key":"SteroidPotion"},{"floor":4.0,"key":"FearPotion"},{"floor":6,"key":"Fire Potion"},{"floor":10,"key":"FairyPotion"},{"floor":13,"key":"LiquidMemories"},{"floor":14,"key":"EssenceOfSteel"},{"floor":16,"key":"Dexterity Potion"}],"is_trial":false,"path_per_floor":["M","M","M","M","?","E","M","R","T","E","R","M","E","M","R","B",null,"M","?","$","?","$","E","R","E","T","?","?","T","E","M","R","B",null,"M","M","$","M","M","E","R","?","T","E","R","?","M","E","R","B",null],"character_chosen":"WATCHER","items_purchased":["Meat on the Bone","TalkToTheHand","Evaluate+1","SignatureMove","Mercury Hourglass"],"campfire_rested":3,"item_purchase_floors":[20,20,37,37,37],"current_hp_per_floor":[72,72,70,70,70,47,47,70,70,70,70,70,77,76,76,58,79,77,77,77,60,60,58,58,47,47,47,47,47,53,53,80,22,74,74,74,74,70,65,51,51,51,51,53,71,59,44,53,93,63],"gold":219,"neow_bonus":"TEN_PERCENT_HP_BONUS","is_daily":false,"chose_seed":false,"campfire_upgraded":5,"win_rate":0.0,"timestamp":1614241197,"path_taken":["M","M","M","?","?","E","M","R","T","E","R","M","E","?","R","BOSS","M","?","$","?","$","E","R","E","T","?","?","?","E","M","R","BOSS","M","M","$","M","?","E","R","?","T","E","R","?","M","E","R","BOSS"],"items_purchased_type":["Relic","Card","Card","Card","Relic"],"build_version":"2020-12-22","purchased_purges":2,"victory":true,"max_hp_per_floor":[79,79,79,79,79,79,79,79,79,79,79,79,86,86,86,86,86,86,86,86,91,91,91,91,91,91,91,91,91,91,91,91,91,91,91,91,91,91,91,91,91,91,91,93,93,93,93,93,93,93],"card_choices":[{"not_picked":["MentalFortress","JustLucky"],"picked":"FollowUp","floor":1.0},{"not_picked":["FollowUp","FlurryOfBlows"],"picked":"CrushJoints","floor":2.0},{"not_picked":["Consecrate","Prostrate"],"picked":"Halt","floor":3.0},{"not_picked":["EmptyMind","Brilliance"],"picked":"FlurryOfBlows","floor":4.0},{"not_picked":["WheelKick","ReachHeaven"],"picked":"Vengeance","floor":6},{"not_picked":["Halt","Fasting2"],"picked":"Consecrate","floor":7},{"not_picked":["FlyingSleeves","Crescendo"],"picked":"DeceiveReality","floor":10},{"not_picked":["Evaluate","Consecrate"],"picked":"SashWhip","floor":12},{"not_picked":["Protect","Judgement"],"picked":"Halt","floor":13},{"not_picked":["Protect","CrushJoints"],"picked":"ClearTheMind","floor":14},{"not_picked":["Wish","MasterReality"],"picked":"Scrawl","floor":16},{"not_picked":["CutThroughFate","CrushJoints"],"picked":"Conclude+1","floor":18},{"not_picked":["PathToVictory","Vault"],"picked":"WindmillStrike+1","floor":23},{"not_picked":["Wish","SashWhip+1"],"picked":"Indignation","floor":25},{"not_picked":["Prostrate+1","Consecrate"],"picked":"Wireheading","floor":30},{"not_picked":["FlurryOfBlows+1","SashWhip"],"picked":"TalkToTheHand","floor":31},{"not_picked":["Omniscience+1","Brilliance"],"picked":"Establishment","floor":33},{"not_picked":["Prostrate+1","ThirdEye+1"],"picked":"EmptyFist+1","floor":35},{"not_picked":["Consecrate","ReachHeaven"],"picked":"ThirdEye+1","floor":36},{"not_picked":["Study+1","SandsOfTime","Wallop"],"picked":"SKIP","floor":38},{"not_picked":["Worship+1","JustLucky"],"picked":"WheelKick+1","floor":39},{"not_picked":["Swivel+1","Omniscience+1"],"picked":"Sanctity+1","floor":40},{"not_picked":["ForeignInfluence+1","Evaluate+1","Weave"],"picked":"Singing Bowl","floor":44},{"not_picked":["Prostrate+1","ThirdEye+1"],"picked":"Protect+1","floor":47},{"not_picked":["Conclude+1","FearNoEvil"],"picked":"Protect+1","floor":48}],"player_experience":396231,"relics_obtained":[{"floor":6,"key":"PreservedInsect"},{"floor":9,"key":"Bag of Marbles"},{"floor":10,"key":"InkBottle"},{"floor":13,"key":"Strawberry"},{"floor":23,"key":"CeramicFish"},{"floor":25,"key":"Oddly Smooth Stone"},{"floor":26,"key":"Anchor"},{"floor":29,"key":"Toxic Egg 2"},{"floor":30,"key":"Matryoshka"},{"floor":40,"key":"Nunchaku"},{"floor":43,"key":"Singing Bowl"},{"floor":43,"key":"Damaru"},{"floor":44,"key":"Eternal Feather"},{"floor":48,"key":"Smiling Mask"}],"event_choices":[{"damage_healed":0.0,"max_hp_gain":0.0,"max_hp_loss":0.0,"gold_gain":0.0,"event_name":"Accursed Blacksmith","player_choice":"Forge","floor":5.0,"gold_loss":0.0,"damage_taken":0.0,"cards_upgraded":["Eruption"]},{"damage_healed":0,"gold_gain":0,"player_choice":"Obtained Relic","damage_taken":0,"relics_obtained":["StrikeDummy"],"max_hp_gain":0,"max_hp_loss":0,"event_name":"Addict","floor":19,"gold_loss":85},{"damage_healed":0,"gold_gain":0,"player_choice":"Shed Blood","damage_taken":22,"max_hp_gain":5,"max_hp_loss":0,"event_name":"Forgotten Altar","floor":21,"gold_loss":0},{"damage_healed":0,"gold_gain":99,"player_choice":"Stole From Cult","damage_taken":0,"max_hp_gain":0,"max_hp_loss":0,"event_name":"Nest","floor":27,"gold_loss":0},{"damage_healed":0,"gold_gain":0,"player_choice":"Ignored","damage_taken":0,"max_hp_gain":0,"max_hp_loss":0,"event_name":"Cursed Tome","floor":28,"gold_loss":0},{"damage_healed":0,"gold_gain":0,"player_choice":"Ignored","damage_taken":0,"max_hp_gain":0,"max_hp_loss":0,"event_name":"Mysterious Sphere","floor":42,"gold_loss":0},{"damage_healed":0,"gold_gain":0,"player_choice":"Embrace Madness","damage_taken":12,"max_hp_gain":0,"max_hp_loss":0,"event_name":"Winding Halls","floor":46,"gold_loss":0,"cards_obtained":["Madness","Madness"]}],"is_beta":false,"boss_relics":[{"not_picked":["Coffee Dripper","Snecko Eye"],"picked":"Sozu"},{"not_picked":["Velvet Choker","Black Star"],"picked":"VioletLotus"}],"items_purged_floors":[20,37],"is_endless":false,"potions_floor_spawned":[3,4,6,10,13,14,16,18,23,40,44,48],"ascension_level":6}}