{"host":"iv24d026eac8pm4e","time":1614285486,"event":{"mods":["BaseMod","Minty Spire (QoL Compilation)"],"gold_per_floor":[112,130,130,148,164,197,209,250,262,274,298,322,334,359,371,455,467,495,507,444,50,60,91,91,120,120,131,131,157,169,269,269,344,344,358,404,404,424,440,440,475,475,498,529,542,19,54,73,73,73,73],"floor_reached":50,"language":"ENG","playtime":2471,"items_purged":["Strike_B","Parasite"],"score":1462,"play_id":"03f3f5fe-f332-40d8-86e2-a33b9ed5b40b","local_time":"20210225123806","is_ascension_mode":true,"campfire_choices":[{"data":"Streamline","floor":7,"key":"SMITH"},{"data":"Aggregate","floor":10,"key":"SMITH"},{"floor":15,"key":"REST"},{"data":"Zap","floor":24,"key":"SMITH"},{"floor":28,"key":"REST"},{"floor":32,"key":"REST"},{"data":"Buffer","floor":40,"key":"SMITH"},{"floor":42,"key":"REST"},{"floor":49,"key":"RECALL"}],"circlet_count":0,"master_deck":["AscendersBane","Strike_B","Strike_B","Defend_B","Defend_B","Defend_B","Defend_B","Zap+1","Dualcast","Hyperbeam+1","Streamline+1","Turbo","Melter","Conserve Battery","Aggregate+1","Go for the Eyes+1","Conserve Battery","Go for the Eyes+1","Hello World","Meteor Strike+1","Beam Cell+1","Sweeping Beam+1","All For One+1","Buffer+1","Clumsy","Scrape+1","Streamline+1","FTL+1","Seek","Rebound+1","Leap+1","Skim","Buffer","Go for the Eyes+1","Good Instincts","Hologram+1"],"relics":["Cracked Core","MawBank","Molten Egg 2","White Beast Statue","Cursed Key","InkBottle","Pen Nib","Oddly Smooth Stone","Centennial Puzzle","Incense Burner","Question Card","Happy Flower","Calipers","Bottled Tornado","SlaversCollar","Lizard Tail","DataDisk","Boot","Lantern","Toolbox","Anchor"],"acts_visited":["Exordium","TheCity","TheBeyond"],"potions_floor_usage":[8,11,12,16,22,23,25,30,31,31,35,36,36,36,36,39,44,47,50,50],"damage_taken":[{"damage":0,"enemies":"Small Slimes","floor":1,"turns":2},{"damage":0,"enemies":"Cultist","floor":2,"turns":2},{"damage":12,"enemies":"Jaw Worm","floor":4,"turns":3},{"damage":8,"enemies":"Blue Slaver","floor":5,"turns":3},{"damage":3,"enemies":"Gremlin Nob","floor":6,"turns":3},{"damage":24,"enemies":"Lagavulin","floor":8,"turns":7},{"damage":12,"enemies":"Exordium Thugs","floor":11,"turns":3},{"damage":4,"enemies":"Looter","floor":12,"turns":2},{"damage":0,"enemies":"3 Louse","floor":14,"turns":3},{"damage":0,"enemies":"Slime Boss","floor":16,"turns":5},{"damage":5,"enemies":"Chosen","floor":18,"turns":3},{"damage":0,"enemies":"3 Byrds","floor":22,"turns":4},{"damage":0,"enemies":"Gremlin Leader","floor":23,"turns":5},{"damage":24,"enemies":"Book of Stabbing","floor":25,"turns":4},{"damage":25,"enemies":"Shelled Parasite and Fungi","floor":27,"turns":3},{"damage":0,"enemies":"Gremlin Leader","floor":29,"turns":6},{"damage":18,"enemies":"Snake Plant","floor":30,"turns":2},{"damage":0,"enemies":"Colosseum Slavers","floor":31,"turns":2},{"damage":1,"enemies":"Colosseum Nobs","floor":31,"turns":3},{"damage":0,"enemies":"Automaton","floor":33,"turns":6},{"damage":27,"enemies":"3 Darklings","floor":35,"turns":5},{"damage":16,"enemies":"2 Orb Walkers","floor":36,"turns":3},{"damage":0,"enemies":"Orb Walker","floor":38,"turns":3},{"damage":33,"enemies":"Jaw Worm Horde","floor":39,"turns":3},{"damage":1,"enemies":"Giant Head","floor":41,"turns":7},{"damage":0,"enemies":"Nemesis","floor":44,"turns":5},{"damage":0,"enemies":"Writhing Mass","floor":45,"turns":4},{"damage":2,"enemies":"Reptomancer","floor":47,"turns":3},{"damage":0,"enemies":"Transient","floor":48,"turns":6},{"damage":126,"enemies":"Time Eater","floor":50,"turns":12}],"seed_played":"2350233776311693455","potions_obtained":[{"floor":4,"key":"Dexterity Potion"},{"floor":8,"key":"GamblersBrew"},{"floor":11,"key":"EssenceOfSteel"},{"floor":12,"key":"Weak Potion"},{"floor":14,"key":"LiquidMemories"},{"floor":16,"key":"SkillPotion"},{"floor":18,"key":"Fire Potion"},{"floor":22,"key":"SteroidPotion"},{"floor":23,"key":"PotionOfCapacity"},{"floor":25,"key":"CultistPotion"},{"floor":29,"key":"Energy Potion"},{"floor":30,"key":"AttackPotion"},{"floor":31,"key":"Strength Potion"},{"floor":33,"key":"Dexterity Potion"},{"floor":35,"key":"EntropicBrew"},{"floor":36,"key":"FairyPotion"},{"floor":38,"key":"Strength Potion"},{"floor":39,"key":"FearPotion"},{"floor":41,"key":"SkillPotion"},{"floor":44,"key":"Weak Potion"},{"floor":45,"key":"PowerPotion"},{"floor":47,"key":"Regen Potion"},{"floor":48,"key":"Swift Potion"}],"is_trial":false,"path_per_floor":["M","M","?","M","M","E","R","E","T","R","M","M","$","M","R","B",null,"M","?","?","$","M","E","R","E","T","M","R","E","M","?","R","B",null,"M","?","?","M","M","R","E","R","T","E","M","$","E","M","R","B"],"character_chosen":"DEFECT","items_purchased":["Pen Nib","Oddly Smooth Stone","Lantern","Toolbox","Good Instincts"],"campfire_rested":4,"item_purchase_floors":[21,21,46,46,46],"current_hp_per_floor":[64,64,64,52,44,41,41,17,17,17,5,1,1,1,22,22,59,54,54,54,54,54,54,54,30,30,5,26,26,8,7,28,28,60,33,26,26,26,21,21,20,41,41,41,41,41,39,39,39,0,0],"gold":73,"neow_bonus":"ONE_RANDOM_RARE_CARD","is_daily":false,"chose_seed":false,"campfire_upgraded":4,"win_rate":0.0,"timestamp":1614285486,"path_taken":["M","M","?","M","M","E","R","E","T","R","M","?","?","M","R","BOSS","M","?","?","?","?","E","R","E","T","M","R","E","M","?","R","BOSS","M","?","?","?","?","R","E","R","T","E","M","?","E","?","R","BOSS"],"items_purchased_type":["Relic","Relic","Relic","Relic","Card"],"build_version":"2020-12-22","purchased_purges":2,"victory":false,"max_hp_per_floor":[71,71,71,71,71,71,71,71,71,71,71,71,71,71,71,71,71,71,71,71,71,71,71,71,71,71,71,71,71,71,71,71,71,71,71,71,71,71,71,71,71,71,71,71,71,68,68,68,68,68,68],"card_choices":[{"not_picked":["Leap","Defragment"],"picked":"Streamline","floor":1},{"not_picked":["Coolheaded","Chill"],"picked":"Turbo","floor":2},{"not_picked":["Turbo","Buffer"],"picked":"Melter","floor":4},{"not_picked":["Rebound","Coolheaded"],"picked":"Conserve Battery","floor":5},{"not_picked":["Rip and Tear","Hello World"],"picked":"Aggregate","floor":6},{"not_picked":["Static Discharge","Sunder+1"],"picked":"Go for the Eyes+1","floor":8},{"not_picked":["Rebound+1","Cold Snap+1"],"picked":"Conserve Battery","floor":11},{"not_picked":["Conserve Battery","Consume"],"picked":"Go for the Eyes+1","floor":12},{"not_picked":["Static Discharge","Cold Snap+1"],"picked":"Hello World","floor":14},{"not_picked":["Reboot","Core Surge+1"],"picked":"Meteor Strike+1","floor":16},{"not_picked":["Genetic Algorithm+1","Barrage+1"],"picked":"Beam Cell+1","floor":18},{"not_picked":["Skim","Coolheaded"],"picked":"Sweeping Beam+1","floor":22},{"not_picked":["Storm+1","Streamline+1"],"picked":"All For One+1","floor":23},{"not_picked":["Blizzard+1","Cold Snap+1"],"picked":"Buffer","floor":25},{"not_picked":["Turbo","Doom and Gloom+1","Conserve Battery"],"picked":"Scrape+1","floor":27},{"not_picked":["Reboot","Static Discharge","Storm"],"picked":"Streamline+1","floor":29},{"not_picked":["Steam","Redo","Gash+1"],"picked":"FTL+1","floor":30},{"not_picked":["Thunder Strike+1","Creative AI","Electrodynamics"],"picked":"Seek","floor":33},{"not_picked":["Turbo+1","Skim","Chill"],"picked":"Rebound+1","floor":35},{"not_picked":["Lockon+1","Go for the Eyes+1","Cold Snap+1"],"picked":"Leap+1","floor":36},{"not_picked":["Coolheaded","Stack","Go for the Eyes+1"],"picked":"Skim","floor":38},{"not_picked":["Conserve Battery","Coolheaded","Loop+1","Doom and Gloom+1"],"picked":"SKIP","floor":39},{"not_picked":["Chaos","Turbo","Darkness"],"picked":"Buffer","floor":41},{"not_picked":["Doom and Gloom+1","Streamline+1","Leap","Sweeping Beam+1"],"picked":"SKIP","floor":44},{"not_picked":["Blizzard+1","Steam Power","Rebound+1"],"picked":"Go for the Eyes+1","floor":45},{"not_picked":["Barrage+1","Chill","Fusion","Melter+1"],"picked":"SKIP","floor":47},{"not_picked":["Streamline+1","Tempest","Glacier+1"],"picked":"Hologram+1","floor":48}],"player_experience":2631332,"relics_obtained":[{"floor":6,"key":"MawBank"},{"floor":8,"key":"Molten Egg 2"},{"floor":9,"key":"White Beast Statue"},{"floor":23,"key":"Centennial Puzzle"},{"floor":25,"key":"Incense Burner"},{"floor":26,"key":"Question Card"},{"floor":29,"key":"Happy Flower"},{"floor":31,"key":"Calipers"},{"floor":31,"key":"Bottled Tornado"},{"floor":36,"key":"Lizard Tail"},{"floor":41,"key":"DataDisk"},{"floor":44,"key":"Boot"},{"floor":47,"key":"Anchor"}],"event_choices":[{"damage_healed":0,"gold_gain":0,"player_choice":"Forge","damage_taken":0,"max_hp_gain":0,"max_hp_loss":0,"event_name":"Accursed Blacksmith","floor":3,"gold_loss":0,"cards_upgraded":["Hyperbeam"]},{"damage_healed":0,"gold_gain":0,"player_choice":"Opened","damage_taken":0,"relics_obtained":["InkBottle"],"max_hp_gain":0,"max_hp_loss":0,"event_name":"The Mausoleum","floor":19,"gold_loss":0,"cards_obtained":["Writhe"]},{"cards_removed":["Writhe"],"damage_healed":0,"gold_gain":0,"player_choice":"Gave Gold","damage_taken":0,"max_hp_gain":0,"max_hp_loss":0,"event_name":"Beggar","floor":20,"gold_loss":75},{"damage_healed":0,"gold_gain":0,"player_choice":"Fight","damage_taken":0,"max_hp_gain":0,"max_hp_loss":0,"event_name":"Colosseum","floor":31,"gold_loss":0},{"damage_healed":0,"gold_gain":0,"player_choice":"Fought Nobs","damage_taken":0,"max_hp_gain":0,"max_hp_loss":0,"event_name":"Colosseum","floor":31,"gold_loss":0},{"damage_healed":0,"gold_gain":0,"player_choice":"Fight","damage_taken":0,"max_hp_gain":0,"max_hp_loss":0,"event_name":"Mysterious Sphere","floor":36,"gold_loss":0},{"cards_removed":["Strike_B"],"damage_healed":0,"gold_gain":0,"player_choice":"Removed Attack","damage_taken":0,"max_hp_gain":0,"max_hp_loss":0,"event_name":"Falling","floor":37,"gold_loss":0}],"is_beta":false,"boss_relics":[{"not_picked":["Inserter","Busted Crown"],"picked":"Cursed Key"},{"not_picked":["Empty Cage","SacredBark"],"picked":"SlaversCollar"}],"items_purged_floors":[21,46],"is_endless":false,"potions_floor_spawned":[4,8,11,12,14,16,18,22,23,25,27,29,30,31,31,33,35,36,38,39,41,44,45,47,48],"killed_by":"Time Eater","ascension_level":17}}