{"host":"wri98rxht4656ll8","time":1614253077,"event":{"mods":["AchievementEnabler","BaseMod","Colored Map","Colored Powertips","Minty Spire (QoL Compilation)","Permanent Neow","StSLib"],"gold_per_floor":[119,137,137,153,173,173,134,148,196,214,214,214,234,84,84,188,188,204,181,280,292,292,292,134,154,154,154,170,170,182,197,197,294,294,314,314,314,324,334,334,354,370,420,420,170,170,189,189,189,189],"floor_reached":51,"language":"ENG","playtime":1768,"items_purged":["Defend_R","Strike_R"],"score":668,"play_id":"e0e81030-4ebc-4c3d-a60f-6e9fb0bec4f2","local_time":"20210225123757","is_ascension_mode":false,"campfire_choices":[{"data":"Flex","floor":6.0,"key":"SMITH"},{"data":"Flex","floor":12.0,"key":"SMITH"},{"data":"Inflame","floor":15.0,"key":"SMITH"},{"floor":23.0,"key":"REST"},{"data":"Demon Form","floor":27.0,"key":"SMITH"},{"data":"Limit Break","floor":32.0,"key":"SMITH"},{"floor":40.0,"key":"REST"},{"floor":49,"key":"REST"}],"circlet_count":0,"master_deck":["Strike_R","Strike_R","Strike_R","Defend_R","Defend_R","Bash","Shrug It Off","Flex+1","Dual Wield","Flex+1","Spot Weakness","Pommel Strike","Inflame+1","Limit Break+1","Heavy Blade","Armaments+1","Demon Form+1","Whirlwind+1","Heavy Blade+1","Feed","Thunderclap+1","Madness","Madness","Cleave","Offering"],"relics":["Burning Blood","Blood Vial","MealTicket","Sozu","Lantern","Mark of Pain","PreservedInsect","Red Skull"],"acts_visited":["Exordium","TheCity","TheBeyond"],"potions_floor_usage":[],"damage_taken":[{"damage":6.0,"enemies":"Cultist","floor":1.0,"turns":3.0},{"damage":6.0,"enemies":"Jaw Worm","floor":2.0,"turns":4.0},{"damage":2.0,"enemies":"2 Louse","floor":4.0,"turns":3.0},{"damage":0.0,"enemies":"Large Slime","floor":5.0,"turns":5.0},{"damage":25.0,"enemies":"Exordium Thugs","floor":8.0,"turns":8.0},{"damage":1.0,"enemies":"Exordium Wildlife","floor":10.0,"turns":3.0},{"damage":10.0,"enemies":"2 Fungi Beasts","floor":13.0,"turns":3.0},{"damage":45.0,"enemies":"Hexaghost","floor":16.0,"turns":7.0},{"damage":27.0,"enemies":"3 Byrds","floor":18.0,"turns":6.0},{"damage":29.0,"enemies":"Shell Parasite","floor":21.0,"turns":4.0},{"damage":16.0,"enemies":"Centurion and Healer","floor":25.0,"turns":6.0},{"damage":16.0,"enemies":"Sentry and Sphere","floor":28.0,"turns":5.0},{"damage":3.0,"enemies":"Chosen and Byrds","floor":30.0,"turns":5.0},{"damage":20.0,"enemies":"Snecko","floor":31.0,"turns":5.0},{"damage":49.0,"enemies":"Champ","floor":33.0,"turns":7.0},{"damage":22.0,"enemies":"3 Darklings","floor":35.0,"turns":3.0},{"damage":10.0,"enemies":"Orb Walker","floor":38.0,"turns":2.0},{"damage":19.0,"enemies":"Spire Growth","floor":39.0,"turns":4.0},{"damage":44.0,"enemies":"3 Darklings","floor":41.0,"turns":4.0},{"damage":12,"enemies":"4 Shapes","floor":42,"turns":3},{"damage":8,"enemies":"Jaw Worm Horde","floor":47,"turns":4},{"damage":95,"enemies":"Donu and Deca","floor":50,"turns":6}],"seed_played":"-1706768075060812140","potions_obtained":[{"floor":1.0,"key":"EntropicBrew"},{"floor":4.0,"key":"SkillPotion"},{"floor":10.0,"key":"ColorlessPotion"},{"floor":16.0,"key":"DuplicationPotion"}],"is_trial":false,"path_per_floor":["M","M","$","M","M","R","$","M","T","M","?","R","M","$","R","B",null,"M","$","?","M","?","R","$","M","T","R","M","?","M","M","R","B",null,"M","?","?","M","M","R","M","M","T","?","$","?","M","?","R","B",null],"character_chosen":"IRONCLAD","items_purchased":["Dual Wield","Inflame","Heavy Blade","Demon Form","Red Skull"],"campfire_rested":3,"item_purchase_floors":[7,14,19,24,45],"current_hp_per_floor":[80,80,80,80,80,80,80,61,61,68,68,68,66,80,80,41,80,59,74,74,53,38,63,78,70,70,70,62,62,67,55,55,14,85,69,58,58,59,48,74,38,38,38,38,53,53,53,53,80,33],"gold":189,"neow_bonus":"RANDOM_COMMON_RELIC","is_daily":false,"chose_seed":false,"campfire_upgraded":5,"win_rate":0.0,"timestamp":1614253077,"path_taken":["M","M","$","M","M","R","?","M","T","M","?","R","?","$","R","BOSS","M","$","?","M","?","R","$","M","T","R","M","?","?","M","R","BOSS","M","?","?","M","M","R","M","?","T","?","?","?","M","?","R","BOSS"],"items_purchased_type":["Card","Card","Card","Card","Relic"],"build_version":"2020-12-22","purchased_purges":2,"victory":true,"max_hp_per_floor":[80,80,80,80,80,80,80,80,80,80,80,80,80,80,80,80,80,80,80,80,80,85,85,85,85,85,85,85,85,85,85,85,85,85,85,85,85,88,88,88,88,92,92,92,92,92,92,92,92,92],"card_choices":[{"not_picked":["Seeing Red","Disarm"],"picked":"Shrug It Off","floor":1.0},{"not_picked":["True Grit","Sword Boomerang","Armaments"],"picked":"SKIP","floor":2.0},{"not_picked":["Cleave","Hemokinesis","Headbutt"],"picked":"SKIP","floor":4.0},{"not_picked":["Wild Strike","Sever Soul"],"picked":"Flex","floor":5.0},{"not_picked":["Impervious","Cleave"],"picked":"Flex","floor":8.0},{"not_picked":["True Grit","Sword Boomerang","Heavy Blade"],"picked":"SKIP","floor":10.0},{"not_picked":["Sword Boomerang","Shrug It Off"],"picked":"Pommel Strike","floor":13.0},{"not_picked":["Double Tap","Corruption"],"picked":"Limit Break","floor":16.0},{"not_picked":["Sever Soul","Body Slam","Feel No Pain"],"picked":"SKIP","floor":18.0},{"not_picked":["Uppercut","Disarm"],"picked":"Armaments+1","floor":21.0},{"not_picked":["Twin Strike","Body Slam","Feel No Pain"],"picked":"SKIP","floor":25.0},{"not_picked":["Thunderclap","Disarm"],"picked":"Whirlwind","floor":28.0},{"not_picked":["Twin Strike+1","Battle Trance","Armaments"],"picked":"SKIP","floor":30.0},{"not_picked":["Havoc+1","Clash"],"picked":"Heavy Blade+1","floor":31.0},{"not_picked":["Exhume","Demon Form"],"picked":"Feed","floor":33.0},{"not_picked":["Carnage","Heavy Blade+1"],"picked":"Thunderclap+1","floor":35.0},{"not_picked":["Reckless Charge+1","Combust"],"picked":"Cleave","floor":38.0},{"not_picked":["Body Slam","Searing Blow","Pommel Strike"],"picked":"SKIP","floor":39.0},{"not_picked":["Wild Strike+1","Clothesline"],"picked":"Offering","floor":41.0},{"not_picked":["Perfected Strike","Battle Trance+1","Rage"],"picked":"SKIP","floor":42},{"not_picked":["Bloodletting+1","Carnage","Feel No Pain+1"],"picked":"SKIP","floor":47}],"player_experience":247178,"relics_obtained":[{"floor":9.0,"key":"MealTicket"},{"floor":26.0,"key":"Lantern"},{"floor":43,"key":"PreservedInsect"}],"event_choices":[{"damage_healed":0.0,"max_hp_gain":0.0,"max_hp_loss":0.0,"gold_gain":0.0,"cards_transformed":["Strike_R"],"event_name":"Transmorgrifier","player_choice":"Transformed","floor":11.0,"gold_loss":0.0,"damage_taken":0.0,"cards_obtained":["Spot Weakness"]},{"damage_healed":0.0,"max_hp_gain":0.0,"max_hp_loss":0.0,"gold_gain":99.0,"event_name":"Nest","player_choice":"Stole From Cult","floor":20.0,"gold_loss":0.0,"damage_taken":0.0},{"damage_healed":0.0,"max_hp_gain":5.0,"max_hp_loss":0.0,"gold_gain":0.0,"event_name":"Forgotten Altar","player_choice":"Shed Blood","floor":22.0,"gold_loss":0.0,"damage_taken":20.0},{"damage_healed":0.0,"max_hp_gain":0.0,"max_hp_loss":0.0,"gold_gain":0.0,"event_name":"Lab","player_choice":"Got Potions","floor":29.0,"gold_loss":0.0,"damage_taken":0.0},{"damage_healed":0.0,"max_hp_gain":0.0,"max_hp_loss":0.0,"gold_gain":0.0,"event_name":"Winding Halls","player_choice":"Embrace Madness","floor":36.0,"gold_loss":0.0,"damage_taken":11.0,"cards_obtained":["Madness","Madness"]},{"damage_healed":0.0,"max_hp_gain":0.0,"max_hp_loss":0.0,"gold_gain":0.0,"event_name":"Accursed Blacksmith","player_choice":"Forge","floor":37.0,"gold_loss":0.0,"damage_taken":0.0,"cards_upgraded":["Whirlwind"]},{"cards_removed":["Defend_R"],"damage_healed":0,"gold_gain":0,"player_choice":"Removed Skill","damage_taken":0,"max_hp_gain":0,"max_hp_loss":0,"event_name":"Falling","floor":44,"gold_loss":0},{"damage_healed":0,"gold_gain":0,"player_choice":"Memory 1","damage_taken":0,"max_hp_gain":0,"max_hp_loss":0,"event_name":"SensoryStone","floor":46,"gold_loss":0},{"damage_healed":0,"gold_gain":0,"player_choice":"Ignored","damage_taken":0,"max_hp_gain":0,"max_hp_loss":0,"event_name":"Mysterious Sphere","floor":48,"gold_loss":0}],"is_beta":false,"boss_relics":[{"not_picked":["Coffee Dripper","Busted Crown"],"picked":"Sozu"},{"not_picked":["Snecko Eye","SacredBark"],"picked":"Mark of Pain"}],"items_purged_floors":[14,45],"is_endless":false,"potions_floor_spawned":[1,4,10,16,21,25,28,30,38,47],"ascension_level":0}}