{"host":"dbkc9h3etq50r1dq","time":1614294070,"event":{"mods":["100% Spire Juice","AchievementEnabler","BaseMod","Block Reminder","Colored Powertips","Curses Come First","Dark Map","Minty Spire (QoL Compilation)","Permanent Neow","Potion Indicator Mod","Random Character Button","Rare Cards Sparkle","StSLib","Weighted Paths"],"gold_per_floor":[112,131,131,131,131,131,0,27,77,77,89,102,102,128,140,254,266,57,69,131,33,58,70,115,7,46,70,82,19,19,54,54,54,54],"floor_reached":33,"language":"ZHS","playtime":1809,"items_purged":["Shame"],"score":320,"play_id":"a5d69347-57d5-4d26-8f06-f97831935dab","local_time":"20210226070110","is_ascension_mode":true,"campfire_choices":[{"floor":6.0,"key":"REST"},{"floor":10.0,"key":"REST"},{"floor":13.0,"key":"REST"},{"data":"Moonworks:JonathanRush","floor":15.0,"key":"SMITH"},{"floor":23,"key":"REST"},{"floor":25,"key":"REST"},{"floor":30,"key":"REST"},{"floor":32,"key":"REST"}],"circlet_count":0,"master_deck":["Moonworks:Strike+1","Moonworks:Strike","Moonworks:Strike","Moonworks:Defend","Moonworks:Defend","Moonworks:Defend","Moonworks:Defend","Moonworks:Ambush+1","Moonworks:LongDistanceShot","Moonworks:JonathanRush+1","Moonworks:JonathanRush+1","Moonworks:SakisCookie","Moonworks:SakisCookie","Moonworks:PlushieMaster","Moonworks:NicePresent+1","Necronomicurse","Moonworks:NicePresent","Moonworks:DeployBits","Moonworks:EvilSpyWorkPreparation+1","Moonworks:LuckyCharm"],"relics":["Moonworks:BrokenBomb","Moonworks:Homemark","Moonworks:LittleGull","Akabeko","Matryoshka","Oddly Smooth Stone","Boot","MawBank","Runic Pyramid","Necronomicon","Bottled Lightning","Anchor","Bag of Preparation","Incense Burner","Ancient Tea Set"],"acts_visited":["Exordium","TheCity"],"potions_floor_usage":[22,22,33],"damage_taken":[{"damage":2.0,"enemies":"Jaw Worm","floor":1.0,"turns":3.0},{"damage":0.0,"enemies":"Small Slimes","floor":2.0,"turns":3.0},{"damage":24.0,"enemies":"Lagavulin","floor":8.0,"turns":7.0},{"damage":0.0,"enemies":"Cultist","floor":11.0,"turns":1.0},{"damage":0.0,"enemies":"Blue Slaver","floor":12.0,"turns":2.0},{"damage":1.0,"enemies":"Gremlin Nob","floor":14.0,"turns":3.0},{"damage":35.0,"enemies":"Hexaghost","floor":16.0,"turns":8.0},{"damage":7.0,"enemies":"Chosen","floor":18.0,"turns":4.0},{"damage":13,"enemies":"2 Thieves","floor":21,"turns":4},{"damage":1,"enemies":"3 Cultists","floor":22,"turns":3},{"damage":42,"enemies":"Gremlin Leader","floor":24,"turns":6},{"damage":0,"enemies":"Centurion and Healer","floor":27,"turns":3},{"damage":32,"enemies":"Slavers","floor":31,"turns":4},{"damage":39,"enemies":"Champ","floor":33,"turns":12}],"seed_played":"7280063660051273186","potions_obtained":[{"floor":1.0,"key":"Block Potion"},{"floor":2.0,"key":"Energy Potion"},{"floor":14.0,"key":"Fire Potion"},{"floor":18.0,"key":"SteroidPotion"},{"floor":21,"key":"DistilledChaos"},{"floor":24,"key":"Swift Potion"}],"is_trial":false,"path_per_floor":["M","M","?","?","?","R","?","E","T","R","M","M","R","E","R","B",null,"M","?","?","M","M","R","E","R","T","M","?","$","R","E","R","B"],"character_chosen":"THE_STARBREAKER","items_purchased":[],"campfire_rested":7,"item_purchase_floors":[],"current_hp_per_floor":[58,58,51,39,32,50,50,26,26,44,44,44,60,59,59,24,60,55,39,39,28,29,47,5,23,23,25,25,25,43,11,29,0,0],"gold":54,"neow_bonus":"UPGRADE_CARD","is_daily":false,"chose_seed":false,"campfire_upgraded":1,"win_rate":0.0,"timestamp":1614294070,"path_taken":["M","M","?","?","?","R","?","E","T","R","M","M","R","E","R","BOSS","M","?","?","M","M","R","E","R","T","?","?","?","R","E","R","BOSS"],"items_purchased_type":[],"build_version":"2020-12-22","purchased_purges":1,"victory":false,"max_hp_per_floor":[60,60,60,60,60,60,60,60,60,60,60,60,60,60,60,60,60,60,60,60,60,60,60,60,60,60,60,60,60,60,60,60,60,60],"card_choices":[{"not_picked":["Moonworks:AngelHand","Moonworks:Poppoformation","Moonworks:ImmovableObject"],"picked":"SKIP","floor":1.0},{"not_picked":["Moonworks:IntelligenceOfficer","Moonworks:CompletionReward"],"picked":"Moonworks:JonathanRush","floor":2.0},{"not_picked":["Moonworks:Assault","Moonworks:ImOnFire"],"picked":"Moonworks:JonathanRush","floor":8.0},{"not_picked":["Moonworks:EvilSpyWorkPreparation","Moonworks:LuckyCharm"],"picked":"Moonworks:SakisCookie","floor":11.0},{"not_picked":["Moonworks:BigBangBell","Moonworks:Poppoformation"],"picked":"Moonworks:SakisCookie","floor":12.0},{"not_picked":["Moonworks:ReproductionOfRecords","Moonworks:EvilSpyWorkPreparation","Moonworks:RedAndBlue"],"picked":"SKIP","floor":14.0},{"not_picked":["Moonworks:MeltingMemories","Moonworks:MetallicMonocoque"],"picked":"Moonworks:PlushieMaster","floor":16.0},{"not_picked":["Moonworks:Poppoformation+1","Moonworks:DeployBits"],"picked":"Moonworks:NicePresent+1","floor":18.0},{"not_picked":["Moonworks:ScrambledEve","Moonworks:MiracleRedBeanIceCream"],"picked":"Moonworks:NicePresent","floor":21},{"not_picked":["Moonworks:LulusLuckyEgg+1","Moonworks:EvilSpyWorkPreparation"],"picked":"Moonworks:DeployBits","floor":22},{"not_picked":["Moonworks:Flamethrower","Moonworks:Bloodlust","Moonworks:CloudOfSeagulls+1"],"picked":"SKIP","floor":24},{"not_picked":["Moonworks:JonathanRush","Moonworks:BigMagnum"],"picked":"Moonworks:EvilSpyWorkPreparation+1","floor":27},{"not_picked":["Moonworks:BindingChains","Moonworks:BeyondHell"],"picked":"Moonworks:LuckyCharm","floor":31}],"player_experience":177086,"relics_obtained":[{"floor":8.0,"key":"Matryoshka"},{"floor":9.0,"key":"Oddly Smooth Stone"},{"floor":9.0,"key":"Boot"},{"floor":14.0,"key":"MawBank"},{"floor":19.0,"key":"Necronomicon"},{"floor":24,"key":"Bottled Lightning"},{"floor":26,"key":"Anchor"},{"floor":26,"key":"Bag of Preparation"},{"floor":31,"key":"Ancient Tea Set"}],"event_choices":[{"damage_healed":0.0,"max_hp_gain":0.0,"max_hp_loss":0.0,"gold_gain":0.0,"event_name":"Scrap Ooze","player_choice":"Success","floor":3.0,"gold_loss":0.0,"damage_taken":7.0,"relics_obtained":["Moonworks:LittleGull"]},{"damage_healed":0.0,"max_hp_gain":0.0,"max_hp_loss":0.0,"gold_gain":0.0,"event_name":"Shining Light","player_choice":"Entered Light","floor":4.0,"gold_loss":0.0,"damage_taken":12.0,"cards_upgraded":["Moonworks:Strike","Moonworks:JonathanRush"]},{"cards_removed":["Moonworks:Strike"],"damage_healed":0.0,"max_hp_gain":0.0,"max_hp_loss":0.0,"gold_gain":0.0,"event_name":"Golden Wing","player_choice":"Card Removal","floor":5.0,"gold_loss":0.0,"damage_taken":7.0},{"damage_healed":0.0,"max_hp_gain":0.0,"max_hp_loss":0.0,"gold_gain":0.0,"event_name":"WeMeetAgain","player_choice":"Paid Gold","floor":7.0,"gold_loss":75.0,"damage_taken":0.0,"relics_obtained":["Akabeko"]},{"damage_healed":0.0,"max_hp_gain":0.0,"max_hp_loss":0.0,"gold_gain":0.0,"event_name":"Cursed Tome","player_choice":"Obtained Book","floor":19.0,"gold_loss":0.0,"damage_taken":16.0},{"damage_healed":0,"gold_gain":100,"player_choice":"Bet on Murderer","damage_taken":0,"max_hp_gain":0,"max_hp_loss":0,"event_name":"The Joust","floor":20,"gold_loss":50},{"damage_healed":0,"gold_gain":0,"player_choice":"Stole Relic","damage_taken":0,"relics_obtained":["Incense Burner"],"max_hp_gain":0,"max_hp_loss":0,"event_name":"Addict","floor":28,"gold_loss":0,"cards_obtained":["Shame"]}],"is_beta":false,"boss_relics":[{"not_picked":["Velvet Choker","Busted Crown"],"picked":"Runic Pyramid"}],"items_purged_floors":[29],"is_endless":false,"potions_floor_spawned":[1,2,14,18,21,24],"killed_by":"Champ","ascension_level":2}}