{"host":"sim2kxx81cjsn49b","time":1614234254,"event":{"mods":["ATMod(°¢èªMod)","BaseMod","Minty Spire (QoL Compilation)","Reliquary","StSLib","TestMod","Waifu the Spire","¡¾ÒÅÎï¿¨ÅÆ¡¿REMEMod"],"gold_per_floor":[118,131,206,220,220,247,247,273,322,353,372,372,124,141,141,218,218,228,238,238,238,251,278,62,62,62,62,88,143,143,166,166,166,166],"floor_reached":33,"language":"ZHS","playtime":1231,"items_purged":["Defend_P","Defend_P"],"score":842,"play_id":"5d2c1c00-932b-4499-8088-b9917f31186c","local_time":"20210225142414","is_ascension_mode":true,"campfire_choices":[{"data":"Eruption","floor":7.0,"key":"SMITH"},{"data":"AT_EmpoweredMortalDraw","floor":12,"key":"SMITH"},{"data":"AT_OneInchPunch","floor":15,"key":"SMITH"},{"data":"Crescendo","floor":25,"key":"SMITH"},{"floor":27,"key":"RECALL"},{"data":"Adaptation","floor":32,"key":"SMITH"}],"circlet_count":0,"master_deck":["AscendersBane","Strike_P","Strike_P","Strike_P","Strike_P","Eruption+1","Vigilance","AT_EmpoweredMortalDraw+1","Crescendo+1","AT_OneInchPunch+1","Pain","AT_ChampionStep+1","AT_RealFormLess+1","Adaptation+1"],"relics":["PureWater","testmod-TestBox","AT_ATBox","REME_ComplimentaryCards","testmod-ChristmasGift","NeowsBlessing","WarpedTongs","AT_ForceNature","Bag of Preparation","Darkstone Periapt","reliquary:FingerTrap","Empty Cage","Smiling Mask","reliquary:CitrusReamer","Du-Vu Doll","WingedGreaves","testmod-Justice","Pen Nib"],"acts_visited":["Exordium","TheCity"],"potions_floor_usage":[16,16,16,16,16,16],"damage_taken":[{"damage":0.0,"enemies":"Small Slimes","floor":1.0,"turns":1.0},{"damage":0.0,"enemies":"2 Louse","floor":2.0,"turns":1.0},{"damage":0.0,"enemies":"Cultist","floor":4.0,"turns":1.0},{"damage":14.0,"enemies":"3 Sentries","floor":6.0,"turns":4.0},{"damage":16.0,"enemies":"Gremlin Nob","floor":8.0,"turns":3.0},{"damage":20.0,"enemies":"3 Sentries","floor":10.0,"turns":3.0},{"damage":0,"enemies":"3 Louse","floor":11,"turns":2},{"damage":0,"enemies":"Blue Slaver","floor":14,"turns":1},{"damage":0,"enemies":"Hexaghost","floor":16,"turns":4},{"damage":0,"enemies":"3 Byrds","floor":18,"turns":1},{"damage":0,"enemies":"Chosen","floor":19,"turns":2},{"damage":0,"enemies":"Snecko","floor":22,"turns":2},{"damage":0,"enemies":"REME_1_Revenger","floor":23,"turns":2},{"damage":28,"enemies":"Book of Stabbing","floor":28,"turns":2},{"damage":34,"enemies":"REME_1_Revenger","floor":29,"turns":5},{"damage":48,"enemies":"Automaton","floor":33,"turns":2}],"seed_played":"6528892832816038315","potions_obtained":[{"floor":2.0,"key":"DistilledChaos"},{"floor":4.0,"key":"Regen Potion"},{"floor":8.0,"key":"Ancient Potion"},{"floor":18,"key":"Weak Potion"},{"floor":23,"key":"Regen Potion"}],"is_trial":false,"path_per_floor":["M","M","?","M","?","E","R","E","T","E","M","R","$","M","R","B",null,"M","M","?","?","M","E","$","R","T","R","E","E","?","T","R","B"],"character_chosen":"WATCHER","items_purchased":["reliquary:FingerTrap","reliquary:CitrusReamer"],"campfire_rested":0,"item_purchase_floors":[13,24],"current_hp_per_floor":[61,61,50,52,52,41,41,28,28,13,14,14,14,15,15,31,59,59,60,60,60,63,65,65,65,65,65,40,40,40,40,40,0,0],"gold":166,"neow_bonus":"THREE_ENEMY_KILL","is_daily":false,"chose_seed":false,"campfire_upgraded":5,"win_rate":0.0,"timestamp":1614234254,"path_taken":["M","M","?","M","?","E","R","E","T","E","?","R","$","M","R","BOSS","M","M","?","?","?","E","$","R","T","R","E","E","?","?","R","BOSS"],"items_purchased_type":["Relic","Relic"],"build_version":"2020-12-22","purchased_purges":2,"victory":false,"max_hp_per_floor":[68,68,68,68,68,68,68,68,68,68,68,68,68,68,68,68,68,68,68,68,68,68,68,68,68,68,68,68,68,68,68,68,68,68],"card_choices":[{"not_picked":["Evaluate","FollowUp"],"picked":"Crescendo","floor":1.0},{"not_picked":["Consecrate","WheelKick","ClearTheMind"],"picked":"SKIP","floor":2.0},{"not_picked":["BowlingBash","Indignation"],"picked":"AT_OneInchPunch","floor":4.0},{"not_picked":["FollowUp","Consecrate","DeceiveReality"],"picked":"SKIP","floor":6.0},{"not_picked":["FlurryOfBlows","Consecrate","REME_EmptyShield"],"picked":"SKIP","floor":8.0},{"not_picked":["BowlingBash","Meditate","AT_OneInchPunch"],"picked":"SKIP","floor":10.0},{"not_picked":["Vengeance","Prostrate"],"picked":"AT_ChampionStep","floor":11},{"not_picked":["REME_Repentance","Sanctity","Protect"],"picked":"SKIP","floor":14},{"not_picked":["Protect","Consecrate","FlyingSleeves"],"picked":"SKIP","floor":18},{"not_picked":["Fasting2","TalkToTheHand","Consecrate+1"],"picked":"SKIP","floor":19},{"not_picked":["DeceiveReality","FlyingSleeves","Consecrate"],"picked":"SKIP","floor":22},{"not_picked":["ThirdEye","BowlingBash"],"picked":"AT_RealFormLess+1","floor":23},{"not_picked":["Protect","Consecrate","Nirvana"],"picked":"SKIP","floor":28},{"not_picked":["TalkToTheHand","Establishment"],"picked":"Adaptation","floor":29}],"player_experience":640305,"relics_obtained":[{"floor":6.0,"key":"AT_ForceNature"},{"floor":8.0,"key":"Bag of Preparation"},{"floor":10.0,"key":"Darkstone Periapt"},{"floor":23,"key":"Smiling Mask"},{"floor":26,"key":"Du-Vu Doll"},{"floor":28,"key":"WingedGreaves"},{"floor":29,"key":"testmod-Justice"},{"floor":31,"key":"Pen Nib"}],"event_choices":[{"damage_healed":0.0,"max_hp_gain":0.0,"max_hp_loss":0.0,"gold_gain":75.0,"event_name":"World of Goop","player_choice":"Gather Gold","floor":3.0,"gold_loss":0.0,"damage_taken":11.0},{"damage_healed":0.0,"max_hp_gain":0.0,"max_hp_loss":0.0,"gold_gain":0.0,"event_name":"Accursed Blacksmith","player_choice":"Rummage","floor":5.0,"gold_loss":0.0,"damage_taken":0.0,"relics_obtained":["WarpedTongs"],"cards_obtained":["Pain"]},{"damage_healed":0,"gold_gain":0,"player_choice":"Ignored","damage_taken":0,"max_hp_gain":0,"max_hp_loss":0,"event_name":"Vampires","floor":20,"gold_loss":0},{"damage_healed":0,"gold_gain":0,"player_choice":"Upgraded","damage_taken":0,"max_hp_gain":0,"max_hp_loss":0,"event_name":"Upgrade Shrine","floor":21,"gold_loss":0,"cards_upgraded":["AT_ChampionStep"]},{"damage_healed":0,"gold_gain":0,"player_choice":"Ignored","damage_taken":0,"max_hp_gain":0,"max_hp_loss":0,"event_name":"Ghosts","floor":30,"gold_loss":0}],"is_beta":false,"boss_relics":[{"not_picked":["reliquary:Craggleroot","Philosopher\u0027s Stone"],"picked":"Empty Cage"}],"items_purged_floors":[13,24],"is_endless":false,"potions_floor_spawned":[2,4,8,14,18,23,28],"killed_by":"Automaton","ascension_level":20}}