{"host":"9l1knhxfturzliqa","time":1614252351,"event":{"mods":["AchievementEnabler","BaseMod","Colored Map","Colored Powertips","DeckTracker","Highlight Path","Keyboard Shortcuts","Minty Spire (QoL Compilation)","Random Character Button"],"gold_per_floor":[117,133,133,208,221,239,260,185,185,185,206,237,251,251,251,346,346,359,375,400,420,13,13,13,13],"floor_reached":24,"language":"KOR","playtime":1620,"items_purged":["Defend_B"],"score":384,"play_id":"619bee91-1519-47d9-b13a-44eaa5b2e87b","local_time":"20210225202551","is_ascension_mode":true,"campfire_choices":[{"data":"Double Energy","floor":10.0,"key":"SMITH"},{"floor":15.0,"key":"REST"},{"floor":23,"key":"REST"}],"circlet_count":0,"master_deck":["AscendersBane","Strike_B","Strike_B","Strike_B","Defend_B","Defend_B","Defend_B","Zap","Dualcast","Echo Form","Sunder","Double Energy+1","Rebound","FTL","BootSequence","Self Repair","Hologram","Core Surge","All For One","Beam Cell+1","Turbo","Stack","Consume+1"],"relics":["Cracked Core","Golden Idol","Ornamental Fan","Anchor","Black Star","Toxic Egg 2"],"acts_visited":["Exordium","TheCity"],"potions_floor_usage":[21,24],"damage_taken":[{"damage":4.0,"enemies":"Jaw Worm","floor":1.0,"turns":6.0},{"damage":7.0,"enemies":"Small Slimes","floor":2.0,"turns":3.0},{"damage":0.0,"enemies":"2 Louse","floor":5.0,"turns":1.0},{"damage":11.0,"enemies":"Lots of Slimes","floor":6.0,"turns":4.0},{"damage":17.0,"enemies":"Exordium Thugs","floor":7.0,"turns":4.0},{"damage":0.0,"enemies":"Gremlin Gang","floor":11.0,"turns":1.0},{"damage":1.0,"enemies":"3 Sentries","floor":12.0,"turns":6.0},{"damage":0.0,"enemies":"3 Louse","floor":13.0,"turns":5.0},{"damage":11.0,"enemies":"Slime Boss","floor":16.0,"turns":11.0},{"damage":1.0,"enemies":"Spheric Guardian","floor":18.0,"turns":5.0},{"damage":15.0,"enemies":"Chosen","floor":19.0,"turns":4.0},{"damage":14.0,"enemies":"Centurion and Healer","floor":20.0,"turns":7.0},{"damage":35,"enemies":"Sentry and Sphere","floor":21,"turns":6},{"damage":37,"enemies":"Slavers","floor":24,"turns":3}],"seed_played":"-8583700485958828752","potions_obtained":[{"floor":7.0,"key":"AttackPotion"},{"floor":12.0,"key":"Block Potion"},{"floor":13.0,"key":"DistilledChaos"},{"floor":16.0,"key":"Block Potion"},{"floor":19.0,"key":"Strength Potion"},{"floor":21,"key":"PotionOfCapacity"}],"is_trial":false,"path_per_floor":["M","M","?","?","M","M","M","?","T","R","M","E","M","?","R","B",null,"M","M","M","M","$","R","E"],"character_chosen":"DEFECT","items_purchased":["Toxic Egg 2","Weak Potion"],"campfire_rested":2,"item_purchase_floors":[22,22],"current_hp_per_floor":[60,53,53,42,42,31,14,14,14,14,14,13,13,13,30,26,50,49,41,41,13,13,30,0,0],"gold":13,"neow_bonus":"THREE_RARE_CARDS","is_daily":false,"chose_seed":false,"campfire_upgraded":1,"win_rate":0.0,"timestamp":1614252351,"path_taken":["M","M","?","?","M","M","M","?","T","R","M","E","M","?","R","BOSS","M","M","M","M","$","R","E"],"items_purchased_type":["Relic","Potion"],"build_version":"2020-12-22","purchased_purges":1,"victory":false,"max_hp_per_floor":[64,64,58,58,58,58,58,58,58,58,58,58,58,58,58,58,58,58,58,58,58,58,58,58,58],"card_choices":[{"not_picked":["Amplify","Rainbow"],"picked":"Echo Form","floor":0.0},{"not_picked":["Rebound","Redo"],"picked":"Auto Shields","floor":1.0},{"not_picked":["Steam","Hologram"],"picked":"Sunder","floor":2.0},{"not_picked":["Coolheaded","Barrage"],"picked":"Double Energy","floor":5.0},{"not_picked":["White Noise","Sweeping Beam"],"picked":"Rebound","floor":6.0},{"not_picked":["Redo","Turbo"],"picked":"FTL","floor":7.0},{"not_picked":["Turbo","Compile Driver"],"picked":"BootSequence","floor":11.0},{"not_picked":["Echo Form","Conserve Battery"],"picked":"Self Repair","floor":12.0},{"not_picked":["Turbo","Rebound"],"picked":"Hologram","floor":13.0},{"not_picked":["Thunder Strike","Electrodynamics"],"picked":"All For One","floor":16.0},{"not_picked":["Leap+1","Steam"],"picked":"Beam Cell+1","floor":18.0},{"not_picked":["Sweeping Beam","Static Discharge"],"picked":"Turbo","floor":19.0},{"not_picked":["Steam","Hologram"],"picked":"Stack","floor":20.0},{"not_picked":["Ball Lightning+1","Compile Driver"],"picked":"Consume+1","floor":21}],"player_experience":745459,"relics_obtained":[{"floor":9.0,"key":"Ornamental Fan"},{"floor":12.0,"key":"Anchor"}],"event_choices":[{"damage_healed":0.0,"max_hp_gain":0.0,"max_hp_loss":6.0,"gold_gain":0.0,"event_name":"Golden Idol","player_choice":"Lose Max HP","floor":3.0,"gold_loss":0.0,"damage_taken":0.0,"relics_obtained":["Golden Idol"]},{"damage_healed":0.0,"max_hp_gain":0.0,"max_hp_loss":0.0,"gold_gain":75.0,"event_name":"World of Goop","player_choice":"Gather Gold","floor":4.0,"gold_loss":0.0,"damage_taken":11.0},{"cards_removed":["Strike_B"],"damage_healed":0.0,"max_hp_gain":0.0,"max_hp_loss":0.0,"gold_gain":0.0,"event_name":"The Cleric","player_choice":"Card Removal","floor":8.0,"gold_loss":75.0,"damage_taken":0.0},{"damage_healed":0.0,"max_hp_gain":0.0,"max_hp_loss":0.0,"gold_gain":0.0,"cards_transformed":["Auto Shields"],"event_name":"Transmorgrifier","player_choice":"Transformed","floor":14.0,"gold_loss":0.0,"damage_taken":0.0,"cards_obtained":["Core Surge"]}],"is_beta":false,"boss_relics":[{"not_picked":["Inserter","Snecko Eye"],"picked":"Black Star"}],"items_purged_floors":[22],"is_endless":false,"potions_floor_spawned":[7,12,13,16,19,21],"killed_by":"Slavers","ascension_level":18}}