{"host":"8rwnpls8n88jrgbg","time":1614231791,"event":{"mods":["AchievementEnabler","BaseMod","Colored Map","Colored Powertips","DeckTracker","Keyboard Shortcuts","Minty Spire (QoL Compilation)","Relic Stats","StSLib","SuperFastMode"],"gold_per_floor":[20,38,54,54,54,54,80,80,126,154,164,191,151,166,166,244,244,260,272,283,297,82,107,117,142,142,174,174,187,219,236,236,313,313,327,347,367,367,367],"floor_reached":38,"language":"KOR","playtime":2355,"items_purged":["Strike_R"],"score":996,"play_id":"71fa8b1b-10ab-4b09-b2ae-7895ac7672e2","local_time":"20210225144311","is_ascension_mode":true,"campfire_choices":[{"data":"Bash","floor":6.0,"key":"SMITH"},{"data":"Whirlwind","floor":8.0,"key":"SMITH"},{"data":"Inflame","floor":15.0,"key":"SMITH"},{"floor":32.0,"key":"REST"}],"circlet_count":0,"master_deck":["AscendersBane","Strike_R+1","Strike_R+1","Defend_R","Defend_R","Defend_R","Defend_R","Bash+1","Reckless Charge","Hemokinesis","Whirlwind+1","Flame Barrier","Bludgeon","Impervious","Inflame+1","Feed","CurseOfTheBell","Disarm","Apotheosis","Thunderclap+1","Exhume"],"relics":["Burning Blood","Du-Vu Doll","Smiling Mask","Nunchaku","Champion Belt","Regal Pillow","Calling Bell","Toy Ornithopter","HornCleat","Shovel","Dream Catcher","Gambling Chip","Singing Bowl","Bottled Lightning","Orichalcum","Empty Cage"],"acts_visited":["Exordium","TheCity","TheBeyond"],"potions_floor_usage":[38],"damage_taken":[{"damage":1.0,"enemies":"Cultist","floor":1.0,"turns":3.0},{"damage":13.0,"enemies":"Jaw Worm","floor":2.0,"turns":4.0},{"damage":8.0,"enemies":"Small Slimes","floor":3.0,"turns":3.0},{"damage":18.0,"enemies":"Gremlin Nob","floor":7.0,"turns":3.0},{"damage":10.0,"enemies":"3 Sentries","floor":10.0,"turns":4.0},{"damage":11.0,"enemies":"Exordium Thugs","floor":11.0,"turns":3.0},{"damage":12.0,"enemies":"Lagavulin","floor":12.0,"turns":5.0},{"damage":2.0,"enemies":"Large Slime","floor":14.0,"turns":3.0},{"damage":2.0,"enemies":"Slime Boss","floor":16.0,"turns":5.0},{"damage":0.0,"enemies":"3 Byrds","floor":18.0,"turns":3.0},{"damage":22.0,"enemies":"2 Thieves","floor":19.0,"turns":4.0},{"damage":20.0,"enemies":"Snake Plant","floor":20.0,"turns":4.0},{"damage":12.0,"enemies":"3 Cultists","floor":21.0,"turns":4.0},{"damage":2.0,"enemies":"Gremlin Leader","floor":23.0,"turns":6.0},{"damage":13.0,"enemies":"Chosen and Byrds","floor":24.0,"turns":7.0},{"damage":20.0,"enemies":"Slavers","floor":25.0,"turns":4.0},{"damage":15.0,"enemies":"Gremlin Leader","floor":27.0,"turns":6.0},{"damage":26.0,"enemies":"Shelled Parasite and Fungi","floor":29.0,"turns":6.0},{"damage":28.0,"enemies":"Book of Stabbing","floor":30.0,"turns":6.0},{"damage":8.0,"enemies":"Snake Plant","floor":31.0,"turns":4.0},{"damage":49.0,"enemies":"Automaton","floor":33.0,"turns":10.0},{"damage":24.0,"enemies":"Orb Walker","floor":35.0,"turns":4.0},{"damage":43.0,"enemies":"3 Darklings","floor":36.0,"turns":7.0},{"damage":31.0,"enemies":"Sphere and 2 Shapes","floor":37.0,"turns":11.0},{"damage":38,"enemies":"Transient","floor":38,"turns":3}],"seed_played":"-5913150191065401884","potions_obtained":[{"floor":1.0,"key":"Dexterity Potion"},{"floor":2.0,"key":"CultistPotion"},{"floor":10.0,"key":"BloodPotion"},{"floor":11.0,"key":"SpeedPotion"},{"floor":13.0,"key":"Fire Potion"},{"floor":13.0,"key":"PowerPotion"},{"floor":21.0,"key":"Dexterity Potion"},{"floor":24.0,"key":"LiquidMemories"},{"floor":25.0,"key":"Fire Potion"},{"floor":27.0,"key":"BloodPotion"},{"floor":31.0,"key":"AttackPotion"},{"floor":36.0,"key":"Strength Potion"}],"is_trial":false,"path_per_floor":["M","M","M","?","?","R","E","R","T","E","M","E","?","M","R","B",null,"M","M","M","M","$","E","M","E","T","E","?","M","E","M","R","B",null,"M","M","M","M"],"character_chosen":"IRONCLAD","items_purchased":["Apotheosis"],"campfire_rested":1,"item_purchase_floors":[22],"current_hp_per_floor":[73,66,64,64,41,41,29,29,29,25,35,29,29,33,33,37,66,75,59,45,42,42,51,48,39,39,37,37,19,21,21,65,27,78,66,40,17,0,0],"gold":367,"neow_bonus":"ONE_RARE_RELIC","is_daily":false,"chose_seed":false,"campfire_upgraded":3,"win_rate":0.0,"timestamp":1614231791,"path_taken":["M","?","M","?","?","R","E","R","T","E","?","E","?","?","R","BOSS","M","M","?","?","$","E","M","E","T","E","?","M","E","M","R","BOSS","M","M","M","M"],"items_purchased_type":["Card"],"build_version":"2020-12-22","purchased_purges":1,"victory":false,"max_hp_per_floor":[75,75,75,75,75,75,75,75,75,75,75,75,75,75,75,75,75,78,78,78,81,81,81,85,85,85,87,87,89,91,93,95,95,95,101,107,109,109,109],"relic_stats":{"Regal Pillow":15,"Singing Bowl":16,"counters":[25,122],"Orichalcum":[108],"Smiling Mask":25,"Burning Blood":144,"Nunchaku":[15],"Dream Catcher":1,"Shovel":0,"Gambling Chip":[27],"Champion Belt":[28],"obtain_stats":[{"Regal Pillow":12,"Singing Bowl":26,"Orichalcum":30,"Smiling Mask":7,"Empty Cage":34,"Burning Blood":0,"Du-Vu Doll":0,"Calling Bell":17,"Nunchaku":9,"Dream Catcher":23,"HornCleat":17,"Shovel":17,"Gambling Chip":25,"Champion Belt":10,"Bottled Lightning":27,"Toy Ornithopter":17},{"Regal Pillow":7,"Singing Bowl":16,"Orichalcum":19,"Smiling Mask":4,"Empty Cage":21,"Burning Blood":0,"Du-Vu Doll":0,"Calling Bell":9,"Nunchaku":4,"Dream Catcher":14,"HornCleat":9,"Shovel":9,"Gambling Chip":16,"Champion Belt":5,"Bottled Lightning":17,"Toy Ornithopter":9},{"Regal Pillow":25,"Singing Bowl":65,"Orichalcum":83,"Smiling Mask":13,"Empty Cage":97,"Burning Blood":0,"Du-Vu Doll":0,"Calling Bell":33,"Nunchaku":13,"Dream Catcher":54,"HornCleat":33,"Shovel":33,"Gambling Chip":65,"Champion Belt":17,"Bottled Lightning":71,"Toy Ornithopter":33}],"Toy Ornithopter":35},"card_choices":[{"not_picked":["Clothesline","Headbutt"],"picked":"Reckless Charge","floor":1.0},{"not_picked":["Clash","Metallicize"],"picked":"Hemokinesis","floor":2.0},{"not_picked":["Shockwave","Pommel Strike"],"picked":"Whirlwind","floor":3.0},{"not_picked":["Warcry","Cleave"],"picked":"Flame Barrier","floor":7.0},{"not_picked":["Thunderclap","Flame Barrier"],"picked":"Bludgeon","floor":10.0},{"not_picked":["Armaments","Thunderclap","Entrench"],"picked":"SKIP","floor":11.0},{"not_picked":["Heavy Blade","Anger"],"picked":"Impervious","floor":12.0},{"not_picked":["Heavy Blade","Warcry"],"picked":"Inflame","floor":14.0},{"not_picked":["Berserk","Impervious"],"picked":"Feed","floor":16.0},{"not_picked":["Iron Wave","Infernal Blade","Clash"],"picked":"SKIP","floor":18.0},{"not_picked":["Carnage","Disarm","Twin Strike"],"picked":"SKIP","floor":19.0},{"not_picked":["Carnage","Twin Strike"],"picked":"Disarm","floor":19.0},{"not_picked":["Clothesline","Flame Barrier","Warcry"],"picked":"SKIP","floor":20.0},{"not_picked":["Seeing Red","Warcry","Entrench"],"picked":"SKIP","floor":21.0},{"not_picked":["Anger","Double Tap","Cleave"],"picked":"SKIP","floor":23.0},{"not_picked":["Heavy Blade+1","Armaments","Headbutt"],"picked":"SKIP","floor":24.0},{"not_picked":["Double Tap","Wild Strike"],"picked":"Thunderclap+1","floor":25.0},{"not_picked":["Body Slam","Metallicize","Clash"],"picked":"Singing Bowl","floor":27.0},{"not_picked":["Iron Wave","Warcry","Sword Boomerang"],"picked":"Singing Bowl","floor":29.0},{"not_picked":["Clothesline","Pommel Strike","Twin Strike"],"picked":"Singing Bowl","floor":30.0},{"not_picked":["Feel No Pain","Havoc","Anger"],"picked":"Singing Bowl","floor":31.0},{"not_picked":["Flame Barrier","Exhume","Rampage"],"picked":"Singing Bowl","floor":32.0},{"not_picked":["Barricade","Fiend Fire"],"picked":"Exhume","floor":33.0},{"not_picked":["Hemokinesis+1","Thunderclap","Cleave"],"picked":"Singing Bowl","floor":35.0},{"not_picked":["Clothesline+1","True Grit","Headbutt"],"picked":"Singing Bowl","floor":36.0},{"not_picked":["Heavy Blade","Burning Pact+1","Thunderclap+1"],"picked":"Singing Bowl","floor":37.0}],"player_experience":1535032,"relics_obtained":[{"floor":7.0,"key":"Smiling Mask"},{"floor":9.0,"key":"Nunchaku"},{"floor":10.0,"key":"Champion Belt"},{"floor":12.0,"key":"Regal Pillow"},{"floor":17.0,"key":"Toy Ornithopter"},{"floor":17.0,"key":"HornCleat"},{"floor":17.0,"key":"Shovel"},{"floor":23.0,"key":"Dream Catcher"},{"floor":25.0,"key":"Gambling Chip"},{"floor":26.0,"key":"Singing Bowl"},{"floor":27.0,"key":"Bottled Lightning"},{"floor":30.0,"key":"Orichalcum"}],"event_choices":[{"damage_healed":0.0,"max_hp_gain":0.0,"max_hp_loss":0.0,"gold_gain":0.0,"event_name":"Liars Game","player_choice":"Ignored","floor":4.0,"gold_loss":0.0,"damage_taken":0.0},{"damage_healed":0.0,"max_hp_gain":0.0,"max_hp_loss":0.0,"gold_gain":0.0,"event_name":"Shining Light","player_choice":"Entered Light","floor":5.0,"gold_loss":0.0,"damage_taken":23.0,"cards_upgraded":["Strike_R","Strike_R"]},{"damage_healed":0.0,"max_hp_gain":0.0,"max_hp_loss":0.0,"gold_gain":0.0,"event_name":"The Woman in Blue","player_choice":"Bought 3 Potions","floor":13.0,"gold_loss":0.0,"damage_taken":0.0},{"damage_healed":0.0,"max_hp_gain":0.0,"max_hp_loss":0.0,"gold_gain":0.0,"event_name":"Vampires","player_choice":"Ignored","floor":28.0,"gold_loss":0.0,"damage_taken":0.0}],"is_beta":false,"boss_relics":[{"not_picked":["Cursed Key","Coffee Dripper"],"picked":"Calling Bell"},{"not_picked":["Black Star","Mark of Pain"],"picked":"Empty Cage"}],"items_purged_floors":[22],"is_endless":false,"potions_floor_spawned":[1,2,10,11,14,21,24,25,27,31,36],"killed_by":"Transient","ascension_level":15}}