{"host":"adi","time":1614285392,"event":{"mods":["AchievementEnabler","BaseMod","Bestiary","Colored Powertips","Minty Spire (QoL Compilation)","StSLib"],"gold_per_floor":[117,129,54,54,79,79,104,121,121,121,121,149,204,204,154,170,170,170,247,247,260,260,285,285,113,113,113,125,125,141,158,158,158,169,18,18,92,92,104,118,118,130,146,146,174,174,174,199,421,436,416,41,51,51,51,51],"floor_reached":57,"language":"ENG","playtime":3141,"items_purged":["Strike_B+1","Parasite"],"score":1441,"play_id":"a8edfbe5-82fd-4f50-9f3a-827373d0e657","local_time":"20210225213632","is_ascension_mode":true,"campfire_choices":[{"data":"Ball Lightning","floor":6.0,"key":"SMITH"},{"data":"Dualcast","floor":11.0,"key":"SMITH"},{"data":"Creative AI","floor":14.0,"key":"SMITH"},{"data":"Ball Lightning","floor":17.0,"key":"SMITH"},{"data":"Conserve Battery","floor":18.0,"key":"SMITH"},{"floor":27.0,"key":"REST"},{"floor":32.0,"key":"REST"},{"floor":36.0,"key":"REST"},{"data":"Consume","floor":44.0,"key":"SMITH"},{"data":"Capacitor","floor":54.0,"key":"SMITH"},{"data":"Hologram","floor":55.0,"key":"SMITH"}],"circlet_count":0,"master_deck":["AscendersBane","Defend_B","Defend_B","Defend_B","Defend_B","Zap","Dualcast+1","Conserve Battery+1","Ball Lightning+1","Ball Lightning+1","Coolheaded","Creative AI+1","Turbo","Hyperbeam","Hologram","White Noise","Self Repair","Auto Shields","Consume+1","Core Surge","Sweeping Beam","Self Repair","Hologram","Go for the Eyes+1","Capacitor+1","Biased Cognition","Compile Driver","Hologram+1","Cold Snap","Seek","Coolheaded"],"relics":["Cracked Core","NeowsBlessing","Dream Catcher","Whetstone","StrikeDummy","Nunchaku","Odd Mushroom","Centennial Puzzle","Velvet Choker","MutagenicStrength","Red Mask","Runic Capacitor","Bottled Flame","Coffee Dripper","Smiling Mask","Bottled Tornado","Oddly Smooth Stone","Incense Burner"],"acts_visited":["Exordium","TheCity","TheBeyond"],"potions_floor_usage":[56],"damage_taken":[{"damage":0.0,"enemies":"Jaw Worm","floor":1.0,"turns":1.0},{"damage":0.0,"enemies":"Cultist","floor":2.0,"turns":1.0},{"damage":0.0,"enemies":"Gremlin Nob","floor":7.0,"turns":1.0},{"damage":9.0,"enemies":"2 Louse","floor":8.0,"turns":2.0},{"damage":3.0,"enemies":"The Mushroom Lair","floor":12.0,"turns":3.0},{"damage":2.0,"enemies":"Blue Slaver","floor":16.0,"turns":3.0},{"damage":26.0,"enemies":"The Guardian","floor":19.0,"turns":10.0},{"damage":0.0,"enemies":"Chosen","floor":21.0,"turns":5.0},{"damage":36.0,"enemies":"Masked Bandits","floor":23.0,"turns":4.0},{"damage":0.0,"enemies":"2 Thieves","floor":26.0,"turns":1.0},{"damage":6.0,"enemies":"Centurion and Healer","floor":28.0,"turns":6.0},{"damage":13.0,"enemies":"Cultist and Chosen","floor":30.0,"turns":4.0},{"damage":29.0,"enemies":"Snake Plant","floor":31.0,"turns":4.0},{"damage":14.0,"enemies":"Sentry and Sphere","floor":34.0,"turns":6.0},{"damage":37.0,"enemies":"Automaton","floor":37.0,"turns":16.0},{"damage":32.0,"enemies":"3 Darklings","floor":39.0,"turns":4.0},{"damage":11.0,"enemies":"Orb Walker","floor":40.0,"turns":3.0},{"damage":12.0,"enemies":"Transient","floor":42.0,"turns":6.0},{"damage":20.0,"enemies":"Writhing Mass","floor":43.0,"turns":6.0},{"damage":3.0,"enemies":"Nemesis","floor":45.0,"turns":11.0},{"damage":5.0,"enemies":"Maw","floor":50.0,"turns":8.0},{"damage":58.0,"enemies":"Spire Growth","floor":53.0,"turns":5.0},{"damage":0,"enemies":"Time Eater","floor":56,"turns":15}],"seed_played":"-8386288108459689876","potions_obtained":[{"floor":2.0,"key":"SpeedPotion"},{"floor":8.0,"key":"Explosive Potion"},{"floor":21.0,"key":"SmokeBomb"},{"floor":28.0,"key":"FearPotion"},{"floor":37.0,"key":"SteroidPotion"},{"floor":53.0,"key":"PowerPotion"}],"is_trial":false,"path_per_floor":["M","M","?","?","T","R","E","M","T","T","R","?","T","R","$","M","R","R","B",null,"M","?","?","?","$","M","R","M","T","M","M","R","?","M","$","R","B",null,"M","M","?","M","M","R","E","?","T","T","?","M","?","$","M","R","R","B",null],"character_chosen":"DEFECT","items_purchased":["Turbo","Runic Capacitor","Capacitor","Incense Burner"],"campfire_rested":3,"item_purchase_floors":[15,25,35,52],"current_hp_per_floor":[64,64,64,64,64,64,64,55,55,55,55,52,52,52,52,50,50,50,24,59,59,59,23,23,23,23,44,45,45,39,17,38,38,31,31,52,29,61,43,46,46,48,42,42,60,60,60,60,60,67,67,64,20,20,20,20],"gold":51,"neow_bonus":"THREE_ENEMY_KILL","is_daily":false,"chose_seed":false,"campfire_upgraded":8,"win_rate":0.0,"timestamp":1614285392,"path_taken":["M","M","?","?","?","R","E","?","T","T","R","?","?","R","?","M","R","R","BOSS","M","?","?","?","$","M","R","M","T","M","M","R","?","?","$","R","BOSS","M","?","?","M","?","R","E","?","T","T","?","M","?","$","M","R","R","BOSS"],"items_purchased_type":["Card","Relic","Card","Relic"],"build_version":"2020-12-18","purchased_purges":2,"victory":true,"max_hp_per_floor":[71,71,71,71,71,71,71,71,71,71,71,71,71,71,71,71,71,71,71,71,71,71,71,71,71,71,71,71,71,71,71,71,71,71,71,71,71,71,71,71,71,71,71,71,71,67,67,67,67,67,67,64,64,64,64,64],"card_choices":[{"not_picked":["Aggregate","Redo"],"picked":"Conserve Battery","floor":1.0},{"not_picked":["Go for the Eyes","Barrage"],"picked":"Ball Lightning","floor":2.0},{"not_picked":["Leap","Hello World"],"picked":"Ball Lightning","floor":7.0},{"not_picked":["Cold Snap","Melter"],"picked":"Coolheaded","floor":8.0},{"not_picked":["Chaos","Cold Snap"],"picked":"Creative AI","floor":12.0},{"not_picked":["Redo","Rebound","Lockon"],"picked":"SKIP","floor":16.0},{"not_picked":["Rainbow","Meteor Strike"],"picked":"Hyperbeam","floor":19.0},{"not_picked":["Conserve Battery","Turbo"],"picked":"Hologram","floor":21.0},{"not_picked":["Go for the Eyes","Ball Lightning"],"picked":"White Noise","floor":23.0},{"not_picked":["Reinforced Body","Genetic Algorithm"],"picked":"Auto Shields","floor":27.0},{"not_picked":["Barrage","Stack"],"picked":"Consume","floor":28.0},{"not_picked":["Loop","Streamline"],"picked":"Core Surge","floor":30.0},{"not_picked":["Sunder","Blizzard"],"picked":"Sweeping Beam","floor":31.0},{"not_picked":["Reinforced Body","BootSequence"],"picked":"Self Repair","floor":32.0},{"not_picked":["Reinforced Body","Compile Driver"],"picked":"Go for the Eyes+1","floor":34.0},{"not_picked":["Creative AI","Reboot"],"picked":"Biased Cognition","floor":37.0},{"not_picked":["Barrage","Sweeping Beam"],"picked":"Compile Driver","floor":39.0},{"not_picked":["Barrage+1","Gash","Steam+1"],"picked":"SKIP","floor":40.0},{"not_picked":["Beam Cell+1","Leap"],"picked":"Hologram","floor":42.0},{"not_picked":["Double Energy+1","Streamline+1"],"picked":"Cold Snap","floor":43.0},{"not_picked":["Compile Driver+1","Steam","Hello World"],"picked":"SKIP","floor":45.0},{"not_picked":["Reprogram","Compile Driver"],"picked":"Seek","floor":50.0},{"not_picked":["Turbo","Beam Cell"],"picked":"Coolheaded","floor":53.0}],"player_experience":458279,"relics_obtained":[{"floor":5.0,"key":"Dream Catcher"},{"floor":7.0,"key":"Whetstone"},{"floor":9.0,"key":"StrikeDummy"},{"floor":10.0,"key":"Nunchaku"},{"floor":12.0,"key":"Odd Mushroom"},{"floor":13.0,"key":"Centennial Puzzle"},{"floor":23.0,"key":"Red Mask"},{"floor":29.0,"key":"Bottled Flame"},{"floor":45.0,"key":"Smiling Mask"},{"floor":47.0,"key":"Bottled Tornado"},{"floor":48.0,"key":"Oddly Smooth Stone"}],"event_choices":[{"cards_removed":["Strike_B"],"damage_healed":0.0,"max_hp_gain":0.0,"max_hp_loss":0.0,"gold_gain":0.0,"event_name":"The Cleric","player_choice":"Card Removal","floor":3.0,"gold_loss":75.0,"damage_taken":0.0},{"damage_healed":0.0,"max_hp_gain":0.0,"max_hp_loss":0.0,"gold_gain":0.0,"event_name":"Liars Game","player_choice":"Ignored","floor":4.0,"gold_loss":0.0,"damage_taken":0.0},{"damage_healed":0.0,"max_hp_gain":0.0,"max_hp_loss":0.0,"gold_gain":0.0,"event_name":"Mushrooms","player_choice":"Fought Mushrooms","floor":12.0,"gold_loss":0.0,"damage_taken":0.0},{"damage_healed":0.0,"max_hp_gain":0.0,"max_hp_loss":0.0,"gold_gain":0.0,"event_name":"Drug Dealer","player_choice":"Inject Mutagens","floor":22.0,"gold_loss":0.0,"damage_taken":0.0,"relics_obtained":["MutagenicStrength"]},{"damage_healed":0.0,"max_hp_gain":0.0,"max_hp_loss":0.0,"gold_gain":0.0,"event_name":"Masked Bandits","player_choice":"Fought Bandits","floor":23.0,"gold_loss":0.0,"damage_taken":0.0},{"damage_healed":0.0,"max_hp_gain":0.0,"max_hp_loss":0.0,"gold_gain":0.0,"event_name":"The Library","player_choice":"Read","floor":24.0,"gold_loss":0.0,"damage_taken":0.0,"cards_obtained":["Self Repair"]},{"damage_healed":0.0,"max_hp_gain":0.0,"max_hp_loss":0.0,"gold_gain":0.0,"cards_transformed":["Strike_B"],"event_name":"Transmorgrifier","player_choice":"Transformed","floor":33.0,"gold_loss":0.0,"damage_taken":0.0,"cards_obtained":["Hologram"]},{"cards_removed":["Strike_B"],"damage_healed":0.0,"max_hp_gain":0.0,"max_hp_loss":0.0,"gold_gain":0.0,"event_name":"Wheel of Change","player_choice":"Card Removal","floor":41.0,"gold_loss":0.0,"damage_taken":0.0},{"damage_healed":0.0,"max_hp_gain":0.0,"max_hp_loss":4.0,"gold_gain":0.0,"event_name":"Winding Halls","player_choice":"Max HP","floor":46.0,"gold_loss":0.0,"damage_taken":0.0},{"damage_healed":0.0,"max_hp_gain":0.0,"max_hp_loss":0.0,"gold_gain":222.0,"event_name":"Tomb of Lord Red Mask","player_choice":"Wore Mask","floor":49.0,"gold_loss":0.0,"damage_taken":0.0},{"damage_healed":0.0,"max_hp_gain":0.0,"max_hp_loss":0.0,"gold_gain":0.0,"event_name":"The Woman in Blue","player_choice":"Bought 1 Potion","floor":51.0,"gold_loss":0.0,"damage_taken":0.0}],"is_beta":true,"boss_relics":[{"not_picked":["Calling Bell","Runic Pyramid"],"picked":"Velvet Choker"},{"not_picked":["SacredBark","Snecko Eye"],"picked":"Coffee Dripper"}],"items_purged_floors":[35,52],"is_endless":false,"potions_floor_spawned":[2,8,21,28,31,37,39,43,53],"ascension_level":18}}