{"host":"zxd2l8an9de7z7b9","time":1614265463,"event":{"mods":["100% Spire Juice","2.2 Compatiblity","AchievementEnabler","BaseMod","CapriCore","Colored Map","Colored Powertips","Marisa£¨Ùöéë¡¡Øª×âÞÞ£©","Minty Spire (QoL Compilation)","Rare Cards Sparkle","StSLib","SuperFastMode","Td1madao Mod","everything is the same but u backflip on backflip"],"gold_per_floor":[118,118,129,129,129,153,153,78,101,1,34,47,47,66,66,195,195,216,240,155,174,273,273,309,309,333,333,364,41,62,62,62,185,185,205,273,288,41,41,41,64,64,91,91,122,137,172,190,190,190],"floor_reached":51,"language":"KOR","playtime":2101,"items_purged":["Strike_B","Strike_B","Defend_B"],"score":793,"play_id":"9f050ec9-1ce5-4387-a058-af8d11dc5318","local_time":"20210226000423","is_ascension_mode":false,"campfire_choices":[{"data":"Self Repair","floor":7.0,"key":"SMITH"},{"data":"Go for the Eyes","floor":13.0,"key":"SMITH"},{"data":"Dualcast","floor":15.0,"key":"SMITH"},{"data":"Turbo","floor":23.0,"key":"SMITH"},{"data":"Conserve Battery","floor":25.0,"key":"SMITH"},{"data":"Meteor Strike","floor":27.0,"key":"SMITH"},{"data":"Meteor Strike","floor":32.0,"key":"SMITH"},{"data":"Machine Learning","floor":40.0,"key":"SMITH"},{"data":"Sweeping Beam","floor":44,"key":"SMITH"},{"data":"Fission","floor":49,"key":"SMITH"}],"circlet_count":0,"master_deck":["Strike_B","Defend_B","Defend_B","Zap","Dualcast+1","Self Repair+1","Sweeping Beam+1","Turbo+1","Go for the Eyes+1","Leap","FTL+1","Meteor Strike+1","Skim+1","Gash","Conserve Battery+1","Leap","Meteor Strike+1","Rebound","Machine Learning+1","Fission+1","Skim+1"],"relics":["Cracked Core","NeowsBlessing","Golden Idol","Anchor","The Courier","Empty Cage","StoneCalendar","Prayer Wheel","Potion Belt","Mercury Hourglass","Lee\u0027s Waffle","Gremlin Horn","Snecko Eye","Cables","Membership Card","Gambling Chip","Lantern","Boot","Smiling Mask","Ice Cream"],"acts_visited":["Exordium","TheCity","TheBeyond"],"potions_floor_usage":[],"damage_taken":[{"damage":0.0,"enemies":"Jaw Worm","floor":1.0,"turns":1.0},{"damage":0.0,"enemies":"Cultist","floor":3.0,"turns":1.0},{"damage":0.0,"enemies":"2 Louse","floor":6.0,"turns":1.0},{"damage":19.0,"enemies":"Lagavulin","floor":11.0,"turns":8.0},{"damage":4.0,"enemies":"Blue Slaver","floor":12.0,"turns":4.0},{"damage":4.0,"enemies":"Exordium Wildlife","floor":14.0,"turns":4.0},{"damage":45.0,"enemies":"The Guardian","floor":16.0,"turns":16.0},{"damage":21.0,"enemies":"Spheric Guardian","floor":18.0,"turns":4.0},{"damage":6.0,"enemies":"3 Byrds","floor":19.0,"turns":5.0},{"damage":6.0,"enemies":"Centurion and Healer","floor":21.0,"turns":7.0},{"damage":34.0,"enemies":"Book of Stabbing","floor":24.0,"turns":6.0},{"damage":21.0,"enemies":"Slavers","floor":28.0,"turns":7.0},{"damage":7.0,"enemies":"Cultist and Chosen","floor":30.0,"turns":5.0},{"damage":56.0,"enemies":"Automaton","floor":33.0,"turns":7.0},{"damage":30.0,"enemies":"3 Darklings","floor":35.0,"turns":4.0},{"damage":0.0,"enemies":"Orb Walker","floor":37.0,"turns":3.0},{"damage":0.0,"enemies":"Jaw Worm Horde","floor":41.0,"turns":3.0},{"damage":0,"enemies":"Giant Head","floor":45,"turns":6},{"damage":0,"enemies":"Transient","floor":46,"turns":5},{"damage":6,"enemies":"Nemesis","floor":47,"turns":4},{"damage":0,"enemies":"Maw","floor":48,"turns":5},{"damage":13,"enemies":"Donu and Deca","floor":50,"turns":5}],"seed_played":"4393976810133314962","potions_obtained":[{"floor":1.0,"key":"Swift Potion"},{"floor":2.0,"key":"Block Potion"},{"floor":2.0,"key":"SpeedPotion"},{"floor":14.0,"key":"DuplicationPotion"},{"floor":18.0,"key":"PowerPotion"},{"floor":21.0,"key":"AttackPotion"},{"floor":24.0,"key":"Dexterity Potion"},{"floor":35.0,"key":"LiquidBronze"},{"floor":47,"key":"Regen Potion"}],"is_trial":false,"path_per_floor":["M","?","M","?","?","M","R","$","T","$","E","M","R","M","R","B",null,"M","M","?","M","?","R","E","R","T","R","E","$","M","T","R","B",null,"M","T","M","$","?","R","M","?","T","R","E","M","E","M","R","B",null],"character_chosen":"DEFECT","items_purchased":["Lee\u0027s Waffle","DistilledChaos","Rebound","Membership Card","Gambling Chip"],"campfire_rested":0,"item_purchase_floors":[29,29,29,38,38],"current_hp_per_floor":[75,75,75,75,57,57,57,57,57,57,48,54,54,60,60,25,75,64,68,68,72,72,72,58,58,58,58,47,82,82,82,82,36,82,62,62,72,72,72,72,82,82,82,82,82,82,82,82,82,79],"gold":190,"neow_bonus":"THREE_ENEMY_KILL","is_daily":false,"chose_seed":false,"campfire_upgraded":10,"win_rate":0.0,"timestamp":1614265463,"path_taken":["M","?","?","?","?","M","R","?","T","$","E","M","R","M","R","BOSS","M","?","?","M","?","R","E","R","T","R","E","?","M","?","R","BOSS","M","?","M","$","?","R","?","?","T","R","E","M","E","?","R","BOSS"],"items_purchased_type":["Relic","Potion","Card","Relic","Relic"],"build_version":"2020-12-22","purchased_purges":3,"victory":true,"max_hp_per_floor":[75,75,75,75,75,75,75,75,75,75,75,75,75,75,75,75,75,75,75,75,75,75,75,75,75,75,75,75,82,82,82,82,82,82,82,82,82,82,82,82,82,82,82,82,82,82,82,82,82,82],"card_choices":[{"not_picked":["Heatsinks","Loop"],"picked":"Self Repair","floor":1.0},{"not_picked":["Rip and Tear","Self Repair"],"picked":"Sweeping Beam","floor":3.0},{"not_picked":["Coolheaded","Scrape"],"picked":"Turbo","floor":6.0},{"not_picked":["Sweeping Beam","Ball Lightning"],"picked":"Go for the Eyes","floor":11.0},{"not_picked":["Rebound","Turbo"],"picked":"Leap","floor":12.0},{"not_picked":["Steam","Ball Lightning"],"picked":"FTL","floor":14.0},{"not_picked":["Core Surge","Biased Cognition"],"picked":"Meteor Strike","floor":16.0},{"not_picked":["Stack","Cold Snap+1"],"picked":"Skim+1","floor":18.0},{"not_picked":["Rebound","Ball Lightning"],"picked":"Gash","floor":19.0},{"not_picked":["Genetic Algorithm","Go for the Eyes"],"picked":"Conserve Battery","floor":21.0},{"not_picked":["Defragment","Chill"],"picked":"Leap","floor":24.0},{"not_picked":["Chaos","Reinforced Body+1"],"picked":"Meteor Strike","floor":28.0},{"not_picked":["Ball Lightning","Conserve Battery+1","Streamline"],"picked":"SKIP","floor":30.0},{"not_picked":["Sweeping Beam+1","Turbo","Amplify"],"picked":"SKIP","floor":30.0},{"not_picked":["Biased Cognition","Rainbow"],"picked":"Machine Learning","floor":33.0},{"not_picked":["Ball Lightning","Scrape","Consume+1"],"picked":"SKIP","floor":35.0},{"not_picked":["Heatsinks","Defragment","Hello World"],"picked":"SKIP","floor":35.0},{"not_picked":["Chill","Stack+1","Beam Cell"],"picked":"SKIP","floor":37.0},{"not_picked":["Conserve Battery","Turbo","Scrape+1"],"picked":"SKIP","floor":37.0},{"not_picked":["Chill+1","Barrage","Gash+1"],"picked":"SKIP","floor":41.0},{"not_picked":["Sweeping Beam+1","Chill+1","Leap"],"picked":"SKIP","floor":41.0},{"not_picked":["Chill+1","Barrage","Gash+1"],"picked":"SKIP","floor":41.0},{"not_picked":["Sweeping Beam+1","Chill+1","Leap"],"picked":"SKIP","floor":41.0},{"not_picked":["Storm+1","Defragment+1","Beam Cell+1"],"picked":"SKIP","floor":45},{"not_picked":["Genetic Algorithm+1","Go for the Eyes","Redo+1"],"picked":"SKIP","floor":46},{"not_picked":["Beam Cell","Streamline","Coolheaded"],"picked":"SKIP","floor":46},{"not_picked":["Streamline+1","Coolheaded"],"picked":"Fission","floor":47},{"not_picked":["Turbo+1","Recycle+1"],"picked":"Skim+1","floor":48},{"not_picked":["Redo+1","Static Discharge+1","Ball Lightning+1"],"picked":"SKIP","floor":48}],"player_experience":476480,"relics_obtained":[{"floor":9.0,"key":"Anchor"},{"floor":11.0,"key":"The Courier"},{"floor":24.0,"key":"Prayer Wheel"},{"floor":26.0,"key":"Potion Belt"},{"floor":28.0,"key":"Mercury Hourglass"},{"floor":31.0,"key":"Gremlin Horn"},{"floor":36.0,"key":"Cables"},{"floor":43,"key":"Boot"},{"floor":45,"key":"Smiling Mask"},{"floor":47,"key":"Ice Cream"}],"event_choices":[{"damage_healed":0.0,"max_hp_gain":0.0,"max_hp_loss":0.0,"gold_gain":0.0,"event_name":"Lab","player_choice":"Got Potions","floor":2.0,"gold_loss":0.0,"damage_taken":0.0},{"damage_healed":0.0,"max_hp_gain":0.0,"max_hp_loss":0.0,"gold_gain":0.0,"event_name":"Liars Game","player_choice":"Ignored","floor":4.0,"gold_loss":0.0,"damage_taken":0.0},{"damage_healed":0.0,"max_hp_gain":0.0,"max_hp_loss":0.0,"gold_gain":0.0,"event_name":"Golden Idol","player_choice":"Take Damage","floor":5.0,"gold_loss":0.0,"damage_taken":18.0,"relics_obtained":["Golden Idol"]},{"damage_healed":0.0,"max_hp_gain":0.0,"max_hp_loss":0.0,"gold_gain":0.0,"event_name":"Addict","player_choice":"Obtained Relic","floor":20.0,"gold_loss":85.0,"damage_taken":0.0,"relics_obtained":["StoneCalendar"]},{"damage_healed":0.0,"max_hp_gain":0.0,"max_hp_loss":0.0,"gold_gain":99.0,"event_name":"Nest","player_choice":"Stole From Cult","floor":22.0,"gold_loss":0.0,"damage_taken":0.0},{"damage_healed":0.0,"max_hp_gain":0.0,"max_hp_loss":0.0,"gold_gain":0.0,"event_name":"WeMeetAgain","player_choice":"Gave Potion","floor":39.0,"gold_loss":0.0,"damage_taken":0.0,"relics_obtained":["Lantern"]},{"damage_healed":0,"gold_gain":0,"player_choice":"Forge","damage_taken":0,"max_hp_gain":0,"max_hp_loss":0,"event_name":"Accursed Blacksmith","floor":42,"gold_loss":0,"cards_upgraded":["FTL"]}],"is_beta":false,"boss_relics":[{"not_picked":["Runic Dome","Black Star"],"picked":"Empty Cage"},{"not_picked":["SlaversCollar","Tiny House"],"picked":"Snecko Eye"}],"items_purged_floors":[8,10,29],"is_endless":false,"potions_floor_spawned":[1,14,18,21,24,35,47],"ascension_level":0}}