{"host":"y2nx07t75db4hs5p","time":1614224279,"event":{"mods":["Act Like it!","BaseMod","Gensokyo","Lobotomy","LobotomyExtend","Minty Spire (QoL Compilation)","StSLib"],"gold_per_floor":[15,15,15,35,47,47,62,62,89,101,136,311,311,325,325,425,425,425,272,272,272,272,272,272,272,272,272,272,272,272,272,272,272,272,272,272,172,172,172,172,172,172,172,172,172,172,172,172,172,172,172,172,172,47,47,47],"floor_reached":57,"language":"ZHS","playtime":2825,"items_purged":["Funeral","PunishingBird","BigBird"],"score":1402,"play_id":"949a79f1-d244-4fdc-a7b7-345af4570acf","local_time":"20210225113759","is_ascension_mode":false,"campfire_choices":[{"floor":49,"key":"RECALL"}],"circlet_count":0,"master_deck":["LongBird","DespairKnight","ApocalypseBird","SpecialBullet","SpecialBullet","SpecialBullet","SpecialBullet","SpecialBullet","SpecialBullet","SpecialBullet","SpecialBullet","DisciplinaryCode","SecurityCode","CentralCode","Mimicry+1","BloodyDesire+1","Adoration+1","BloodyDesire","WelfareCode","Logging+1","Logging","ShedSkin+1","InformationCode","NothingThere","Variant","BodiesMountain"],"relics":["CogitoBucket","LetterFromLob","SolemnVow_r","Regal Pillow","SkinProphecy","Ectoplasm","Lamp_r","White Beast Statue","MawBank","WantedRequest","PreservedInsect","Tiny House","Twilight","SwordSharpenedByTears_r","Ginger","Letter Opener","Pantograph","Juzu Bracelet","Justitia_r","InkBottle"],"acts_visited":["Exordium","TheCity","TheBeyond","TheEnding"],"potions_floor_usage":[56,56],"damage_taken":[{"damage":18.0,"enemies":"Jaw Worm","floor":1.0,"turns":3.0},{"damage":28.0,"enemies":"Cultist","floor":4.0,"turns":4.0},{"damage":6.0,"enemies":"2 Louse","floor":5.0,"turns":2.0},{"damage":0.0,"enemies":"Blue Slaver","floor":7.0,"turns":2.0},{"damage":5.0,"enemies":"Exordium Wildlife","floor":10.0,"turns":3.0},{"damage":13.0,"enemies":"Gremlin Nob","floor":11.0,"turns":3.0},{"damage":17.0,"enemies":"2 Fungi Beasts","floor":14.0,"turns":8.0},{"damage":11.0,"enemies":"Hexaghost","floor":16.0,"turns":8.0},{"damage":26.0,"enemies":"3 Byrds","floor":18.0,"turns":5.0},{"damage":13.0,"enemies":"Shell Parasite","floor":20.0,"turns":6.0},{"damage":2.0,"enemies":"Centurion and Healer","floor":22.0,"turns":4.0},{"damage":7.0,"enemies":"Cultist and Chosen","floor":24.0,"turns":11.0},{"damage":0.0,"enemies":"Gremlin Leader","floor":28.0,"turns":6.0},{"damage":0.0,"enemies":"Snake Plant","floor":29.0,"turns":4.0},{"damage":8.0,"enemies":"Slavers","floor":30.0,"turns":8.0},{"damage":0.0,"enemies":"Collector","floor":33.0,"turns":6.0},{"damage":0.0,"enemies":"3 Shapes","floor":35.0,"turns":9.0},{"damage":67.0,"enemies":"3 Shapes","floor":36.0,"turns":11.0},{"damage":22.0,"enemies":"2 Orb Walkers","floor":38.0,"turns":5.0},{"damage":0.0,"enemies":"Nemesis","floor":41.0,"turns":5.0},{"damage":32.0,"enemies":"3 Darklings","floor":44.0,"turns":4.0},{"damage":18.0,"enemies":"Sphere and 2 Shapes","floor":45.0,"turns":3.0},{"damage":3.0,"enemies":"Maw","floor":46.0,"turns":4.0},{"damage":14.0,"enemies":"Reptomancer","floor":47.0,"turns":3.0},{"damage":15.0,"enemies":"Writhing Mass","floor":48.0,"turns":5.0},{"damage":0,"enemies":"FixerMidnight","floor":50,"turns":7},{"damage":19,"enemies":"Shield and Spear","floor":55,"turns":4},{"damage":67,"enemies":"The Heart","floor":56,"turns":6}],"seed_played":"6179121515567563151","potions_obtained":[{"floor":1.0,"key":"LiquidMemories"},{"floor":3.0,"key":"Strength Potion"},{"floor":3.0,"key":"Strength Potion"},{"floor":18.0,"key":"FearPotion"},{"floor":22.0,"key":"PowerPotion"},{"floor":28.0,"key":"EssenceOfSteel"},{"floor":35.0,"key":"Fire Potion"},{"floor":36.0,"key":"SteroidPotion"},{"floor":38.0,"key":"LiquidMemories"},{"floor":41.0,"key":"Fruit Juice"},{"floor":44.0,"key":"FearPotion"}],"is_trial":false,"path_per_floor":["M","$","?","M","M","R","M","R","T","M","E","?","?","M","R","B",null,"M","$","M","$","M","R","M","R","T","R","E","M","E","?","R","B",null,"M","M","$","?","?","R","E","R","T","M","M","M","E","M","R","B",null,null,"R","$","E","B",null],"character_chosen":"Angela","items_purchased":["BloodyDesire"],"campfire_rested":0,"item_purchase_floors":[19],"current_hp_per_floor":[60,60,60,41,47,47,62,62,62,70,70,70,56,53,53,55,72,59,59,64,64,78,78,63,63,63,63,77,86,88,88,88,90,95,97,68,68,56,56,56,66,66,66,53,49,116,118,120,120,122,122,122,122,122,124,97],"gold":47,"neow_bonus":"THREE_RARE_CARDS","is_daily":false,"chose_seed":false,"campfire_upgraded":0,"win_rate":0.0,"timestamp":1614224279,"path_taken":["M","$","?","?","M","R","M","R","T","M","E","?","?","?","R","BOSS","M","$","M","$","M","R","M","R","T","R","E","M","E","?","R","BOSS","M","M","$","?","?","R","E","R","T","M","?","M","E","M","R","BOSS","R","$","E","BOSS"],"items_purchased_type":["Card"],"build_version":"2020-12-22","purchased_purges":3,"victory":true,"max_hp_per_floor":[70,70,70,70,70,70,70,70,70,70,70,70,70,70,70,72,72,74,74,76,76,78,78,82,82,82,82,84,86,88,88,88,90,95,97,101,101,103,103,103,105,105,105,112,114,116,118,120,120,122,122,122,122,122,124,126],"card_choices":[{"not_picked":["Adoration","Twilight"],"picked":"Mimicry","floor":0.0},{"not_picked":["Yin","UniverseFragment"],"picked":"Funeral","floor":1.0},{"not_picked":["Amita","CherryBlossom"],"picked":"SKIP","floor":1.0},{"not_picked":["Christmas","CUTE"],"picked":"SKIP","floor":4.0},{"not_picked":["BearPaw"],"picked":"BloodyDesire","floor":5.0},{"not_picked":["SpiderBud","Murderer"],"picked":"DespairKnight","floor":7.0},{"not_picked":["Heaven","Noise"],"picked":"SKIP","floor":7.0},{"not_picked":["OSAHOGD","Wellcheers"],"picked":"BigBird","floor":10.0},{"not_picked":["Amita","Harvest"],"picked":"SKIP","floor":10.0},{"not_picked":["FairyFestival","Wellcheers"],"picked":"PunishingBird","floor":11.0},{"not_picked":["FourthMatchFlame","SoundOfStar"],"picked":"SKIP","floor":11.0},{"not_picked":["GrinderMk4","RapturousDream"],"picked":"SKIP","floor":14.0},{"not_picked":["ParadiseLost"],"picked":"Adoration","floor":16.0},{"not_picked":["SolemnVow","RedEyes"],"picked":"SKIP","floor":18.0},{"not_picked":["Horn","Wingbeat"],"picked":"SKIP","floor":20.0},{"not_picked":["SwordSharpenedByTears","BearPaw"],"picked":"SKIP","floor":22.0},{"not_picked":["Lantern+1","SwordSharpenedByTears"],"picked":"SKIP","floor":24.0},{"not_picked":["QueenBee","SpiderBud"],"picked":"Mercenary","floor":28.0},{"not_picked":["Loneliness+1","CUTE"],"picked":"SKIP","floor":28.0},{"not_picked":["Adoration","Horn+1"],"picked":"SKIP","floor":29.0},{"not_picked":["Wingbeat","Soda"],"picked":"SKIP","floor":30.0},{"not_picked":["BlueStar","NakedNest"],"picked":"LongBird","floor":33.0},{"not_picked":["Pleasure+1","Loneliness"],"picked":"SKIP","floor":36.0},{"not_picked":["Pleasure+1","Loneliness"],"picked":"SKIP","floor":36.0},{"not_picked":["SilentOrchestra","Rudolta"],"picked":"WallGazer","floor":38.0},{"not_picked":["FourthMatchFlame+1"],"picked":"Logging+1","floor":38.0},{"not_picked":["SolemnVow"],"picked":"ShedSkin+1","floor":41.0},{"not_picked":["RapturousDream","GrinderMk4+1"],"picked":"SKIP","floor":44.0},{"not_picked":["DreamingCurrent","SilentOrchestra"],"picked":"NothingThere","floor":45.0},{"not_picked":["FrostShard+1","Horn+1"],"picked":"SKIP","floor":45.0},{"not_picked":["Loneliness","WristCuter"],"picked":"SKIP","floor":46.0},{"not_picked":["Beak+1","CherryBlossom+1"],"picked":"SKIP","floor":47.0},{"not_picked":["GalaxyChild","Bloodbath"],"picked":"Variant","floor":48.0},{"not_picked":["Wingbeat+1","Lantern+1"],"picked":"SKIP","floor":48.0},{"not_picked":["QueenOfHatred","QueenBee"],"picked":"BodiesMountain","floor":55},{"not_picked":["Hornet+1","FourthMatchFlame+1"],"picked":"SKIP","floor":55}],"player_experience":332694,"relics_obtained":[{"floor":1.0,"key":"LetterFromLob"},{"floor":11.0,"key":"Regal Pillow"},{"floor":26.0,"key":"White Beast Statue"},{"floor":28.0,"key":"MawBank"},{"floor":30.0,"key":"PreservedInsect"},{"floor":35.0,"key":"Twilight"},{"floor":38.0,"key":"Ginger"},{"floor":41.0,"key":"Letter Opener"},{"floor":43.0,"key":"Pantograph"},{"floor":47.0,"key":"Juzu Bracelet"},{"floor":55,"key":"InkBottle"}],"event_choices":[{"damage_healed":0.0,"max_hp_gain":0.0,"max_hp_loss":0.0,"gold_gain":0.0,"event_name":"Lab","player_choice":"Got Potions","floor":3.0,"gold_loss":0.0,"damage_taken":0.0},{"damage_healed":0.0,"max_hp_gain":0.0,"max_hp_loss":0.0,"gold_gain":175.0,"event_name":"Liars Game","player_choice":"AGREE","floor":12.0,"gold_loss":0.0,"damage_taken":0.0,"cards_obtained":["Doubt"]},{"damage_healed":0.0,"max_hp_gain":0.0,"max_hp_loss":0.0,"gold_gain":0.0,"event_name":"Shining Light","player_choice":"Entered Light","floor":13.0,"gold_loss":0.0,"damage_taken":14.0,"cards_upgraded":["BloodyDesire","Mimicry"]},{"cards_removed":["Doubt"],"damage_healed":0.0,"max_hp_gain":0.0,"max_hp_loss":0.0,"gold_gain":0.0,"event_name":"Back to Basics","player_choice":"Elegance","floor":31.0,"gold_loss":0.0,"damage_taken":0.0},{"damage_healed":0.0,"max_hp_gain":0.0,"max_hp_loss":0.0,"gold_gain":0.0,"event_name":"Mysterious Sphere","player_choice":"Fight","floor":38.0,"gold_loss":0.0,"damage_taken":0.0},{"damage_healed":0.0,"max_hp_gain":0.0,"max_hp_loss":0.0,"gold_gain":0.0,"cards_transformed":["WallGazer"],"event_name":"Transmorgrifier","player_choice":"Transformed","floor":39.0,"gold_loss":0.0,"damage_taken":0.0,"cards_obtained":["Logging"]}],"is_beta":false,"boss_relics":[{"not_picked":["Busted Crown","SacredBark"],"picked":"Ectoplasm"},{"not_picked":["Calling Bell","Snecko Eye"],"picked":"Tiny House"}],"items_purged_floors":[19,37,54],"is_endless":false,"potions_floor_spawned":[1,10,11,14,16,18,22,28,29,30,33,35,36,38,41,44,45,46,47,48,55],"ascension_level":0}}