{"host":"z9x5nldzhmx4jdfi","time":1614295440,"event":{"mods":["BaseMod","Better Altar","Better Note","Better Sensory Stone","Better Skull","Better Vampires","BetterRewards","Block Reminder","Card Filter","Colored Powertips","Infinite Spire","Minty Spire (QoL Compilation)","Relic Filter","StSLib","The Animator","Wandering Minibosses"],"gold_per_floor":[116,61,61,83,105,105,139,139,139,177,213,270,282,327,339,445,457,493,505,501,408,408,412,412],"floor_reached":23,"language":"ENG","playtime":2014,"items_purged":["animator:Strike"],"score":448,"play_id":"d9e1bdaa-4c1f-4c44-9f9d-e949fb37daaf","local_time":"20210225172400","is_ascension_mode":true,"campfire_choices":[{"data":"animator:Priestess","floor":6.0,"key":"SMITH"},{"data":"animator:Priestess","floor":8.0,"key":"SMITH"},{"data":"animator:HighElfArcher","floor":13.0,"key":"SMITH"},{"data":"animator:HighElfArcher","floor":15.0,"key":"SMITH"}],"circlet_count":0,"master_deck":["AscendersBane","animator:Strike_GoblinSlayer","animator:Defend_GoblinSlayer","animator:Strike","animator:Defend","animator:Defend+1","animator:Defend","animator:LizardPriest","animator:DwarfShaman+1","animator:HighElfArcher+1","animator:Priestess+1","animator:GuildGirl","animator:HighElfArcher+1","animator:Priestess+1","animator:DwarfShaman","animator:GuildGirl","animator:YuiTsuruno","animator:PinaCoLada","animator:Witch","animator:LizardPriest+1","animator:TsurugaMeisai","animator:DolaRiku","animator:SuzuneAmano"],"relics":["animator:LivingPicture","animator:TheMissingPiece","Shuriken","MawBank","Bird Faced Urn","Odd Mushroom","SacredBark"],"acts_visited":["TheCity"],"potions_floor_usage":[23],"damage_taken":[{"damage":2.0,"enemies":"Small Slimes","floor":1.0,"turns":5.0},{"damage":0.0,"enemies":"2 Louse","floor":4.0,"turns":3.0},{"damage":0.0,"enemies":"Jaw Worm","floor":5.0,"turns":5.0},{"damage":1.0,"enemies":"Lagavulin","floor":7.0,"turns":10.0},{"damage":2.0,"enemies":"Gremlin Gang","floor":10.0,"turns":5.0},{"damage":0.0,"enemies":"Blue Slaver","floor":11.0,"turns":5.0},{"damage":0.0,"enemies":"Gremlin Nob","floor":12.0,"turns":4.0},{"damage":13.0,"enemies":"The Mushroom Lair","floor":14.0,"turns":4.0},{"damage":20.0,"enemies":"Slime Boss","floor":16.0,"turns":10.0},{"damage":15.0,"enemies":"Spheric Guardian","floor":18.0,"turns":5.0},{"damage":25.0,"enemies":"2 Thieves","floor":20.0,"turns":4.0},{"damage":26,"enemies":"animator:HornedBat","floor":23,"turns":7}],"seed_played":"-8423119078896746748","potions_obtained":[{"floor":5.0,"key":"Regen Potion"},{"floor":7.0,"key":"ColorlessPotion"},{"floor":14.0,"key":"Weak Potion"},{"floor":16.0,"key":"BlessingOfTheForge"}],"is_trial":false,"path_per_floor":["M","$","?","M","M","R","E","R","T","M","M","E","R","?","R","B",null,"M","?","M","$","?","E"],"character_chosen":"THE_ANIMATOR","items_purchased":["animator:HighElfArcher","animator:Priestess","animator:DolaRiku"],"campfire_rested":0,"item_purchase_floors":[0,2,21],"current_hp_per_floor":[52,52,34,34,34,34,33,33,33,31,31,31,31,34,34,20,50,40,40,21,21,21,0,0],"gold":412,"neow_bonus":"","is_daily":false,"chose_seed":false,"campfire_upgraded":4,"win_rate":0.0,"timestamp":1614295440,"path_taken":["M","$","?","M","M","R","E","R","T","M","M","E","R","?","R","BOSS","M","?","M","$","?","E"],"items_purchased_type":["Card","Card","Card"],"build_version":"2020-12-22","purchased_purges":1,"victory":false,"max_hp_per_floor":[60,60,60,60,60,60,60,60,60,60,60,60,60,60,60,60,60,61,61,61,61,61,61,61],"card_choices":[{"not_picked":["animator:MamiTomoe","animator:Bozes","animator:Yoichi"],"picked":"SKIP","floor":1.0},{"not_picked":["animator:SuzuneAmano","animator:TukaLunaMarceau"],"picked":"animator:GuildGirl","floor":4.0},{"not_picked":["animator:CrowleyEusford","animator:Konayuki"],"picked":"animator:HighElfArcher","floor":5.0},{"not_picked":["animator:LizardPriest","animator:GuildGirl"],"picked":"animator:Priestess","floor":7.0},{"not_picked":["animator:Yuuichirou","animator:Shichika"],"picked":"animator:DwarfShaman","floor":10.0},{"not_picked":["animator:OrikoMikuni","animator:KyokoSakura"],"picked":"animator:GuildGirl","floor":11.0},{"not_picked":["animator:HiiragiShinya","animator:Fredrika"],"picked":"animator:YuiTsuruno","floor":12.0},{"not_picked":["animator:TukaLunaMarceau","animator:OrikoMikuni"],"picked":"animator:PinaCoLada","floor":14.0},{"not_picked":["animator:Priestess","animator:CowGirl"],"picked":"animator:Witch","floor":18.0},{"not_picked":["animator:SayakaMiki","animator:RoryMercury"],"picked":"animator:TsurugaMeisai","floor":20.0}],"player_experience":1387993,"relics_obtained":[{"floor":7.0,"key":"Shuriken"},{"floor":9.0,"key":"MawBank"},{"floor":12.0,"key":"Bird Faced Urn"},{"floor":14.0,"key":"Odd Mushroom"}],"event_choices":[{"damage_healed":0.0,"max_hp_gain":0.0,"max_hp_loss":0.0,"gold_gain":0.0,"event_name":"Shining Light","player_choice":"Entered Light","floor":3.0,"gold_loss":0.0,"damage_taken":18.0,"cards_upgraded":["animator:DwarfShaman","animator:Defend"]},{"damage_healed":0.0,"max_hp_gain":0.0,"max_hp_loss":0.0,"gold_gain":0.0,"event_name":"Mushrooms","player_choice":"Fought Mushrooms","floor":14.0,"gold_loss":0.0,"damage_taken":0.0},{"cards_removed":["animator:HighElfArcher"],"damage_healed":0.0,"max_hp_gain":0.0,"max_hp_loss":0.0,"gold_gain":0.0,"event_name":"betterNote:BetterNote","player_choice":"Take \u0026 Give","floor":19.0,"gold_loss":0.0,"damage_taken":0.0,"cards_obtained":["animator:LizardPriest"]},{"damage_healed":0.0,"max_hp_gain":0.0,"max_hp_loss":0.0,"gold_gain":0.0,"cards_transformed":["animator:Strike"],"event_name":"Transmorgrifier","player_choice":"Transformed","floor":22.0,"gold_loss":0.0,"damage_taken":0.0,"cards_obtained":["animator:SuzuneAmano"]}],"is_beta":false,"boss_relics":[{"not_picked":["Velvet Choker","animator:HolyGrailRelic"],"picked":"SacredBark"}],"items_purged_floors":[21],"is_endless":false,"potions_floor_spawned":[5,7,14,16],"killed_by":"animator:HornedBat","ascension_level":20}}