{"host":"3uh6d38h6u62bhfi","time":1614255166,"event":{"mods":["AchievementEnabler","BaseMod","DeckTracker","Minty Spire (QoL Compilation)","Permanent Neow","SuperFastMode","everything is the same but u backflip on backflip"],"gold_per_floor":[14,34,52,62,11,11,33,62,62,75,75,75,75],"floor_reached":12,"language":"KOR","playtime":439,"items_purged":[],"score":132,"play_id":"f8dcde73-b91b-46a3-80e7-9c8ad4be639c","local_time":"20210225211246","is_ascension_mode":true,"campfire_choices":[{"data":"Glass Knife","floor":6,"key":"SMITH"},{"data":"Backstab","floor":11,"key":"SMITH"}],"circlet_count":0,"master_deck":["AscendersBane","Strike_G","Strike_G","Strike_G","Strike_G","Strike_G","Defend_G","Defend_G","Defend_G","Defend_G","Defend_G","Survivor","Neutralize","Glass Knife+1","Dagger Spray","Dash","Backstab+1","Dodge and Roll","A Thousand Cuts","Quick Slash","Expertise"],"relics":["Ring of the Snake","Odd Mushroom","Frozen Egg 2","Matryoshka"],"acts_visited":["Exordium"],"potions_floor_usage":[8,12],"damage_taken":[{"damage":7,"enemies":"Small Slimes","floor":1,"turns":3},{"damage":4,"enemies":"Jaw Worm","floor":2,"turns":3},{"damage":0,"enemies":"Cultist","floor":3,"turns":3},{"damage":6,"enemies":"Lots of Slimes","floor":4,"turns":3},{"damage":9,"enemies":"The Mushroom Lair","floor":7,"turns":3},{"damage":5,"enemies":"3 Sentries","floor":8,"turns":5},{"damage":0,"enemies":"2 Fungi Beasts","floor":10,"turns":2},{"damage":32,"enemies":"Lagavulin","floor":12,"turns":5}],"seed_played":"3819064591089316464","potions_obtained":[{"floor":3,"key":"Dexterity Potion"},{"floor":8,"key":"ColorlessPotion"}],"is_trial":false,"path_per_floor":["M","M","M","M","$","R","?","E","T","M","R","E"],"character_chosen":"THE_SILENT","items_purchased":["PowerPotion"],"campfire_rested":0,"item_purchase_floors":[5],"current_hp_per_floor":[56,52,52,46,46,46,37,32,32,32,32,0,0],"gold":75,"neow_bonus":"THREE_RARE_CARDS","is_daily":false,"chose_seed":false,"campfire_upgraded":2,"win_rate":0.0,"timestamp":1614255166,"path_taken":["M","M","M","M","$","R","?","E","T","M","R","E"],"items_purchased_type":["Potion"],"build_version":"2020-12-22","purchased_purges":0,"victory":false,"max_hp_per_floor":[70,70,70,70,70,70,70,70,70,70,70,70,70],"card_choices":[{"not_picked":["Unload","Die Die Die"],"picked":"Glass Knife","floor":0},{"not_picked":["Crippling Poison","Quick Slash"],"picked":"Dagger Spray","floor":1},{"not_picked":["Deflect","Sucker Punch"],"picked":"Dash","floor":2},{"not_picked":["Blade Dance","Slice"],"picked":"Backstab","floor":3},{"not_picked":["Cloak And Dagger","Infinite Blades"],"picked":"Dodge and Roll","floor":4},{"not_picked":["Flechettes","Choke"],"picked":"A Thousand Cuts","floor":7},{"not_picked":["Poisoned Stab","Sucker Punch"],"picked":"Quick Slash","floor":8},{"not_picked":["Quick Slash","Dodge and Roll"],"picked":"Expertise","floor":10}],"player_experience":181969,"relics_obtained":[{"floor":7,"key":"Odd Mushroom"},{"floor":8,"key":"Frozen Egg 2"},{"floor":9,"key":"Matryoshka"}],"event_choices":[{"damage_healed":0,"gold_gain":0,"player_choice":"Fought Mushrooms","damage_taken":0,"max_hp_gain":0,"max_hp_loss":0,"event_name":"Mushrooms","floor":7,"gold_loss":0}],"is_beta":false,"boss_relics":[],"items_purged_floors":[],"is_endless":false,"potions_floor_spawned":[3,8,10],"killed_by":"Lagavulin","ascension_level":13}}