{"host":"0cm5wy4nhuju7tij","time":1614224335,"event":{"mods":["2.2 Compatiblity","AchievementEnabler","BaseMod","Better Third Choice","BetterRewards","Colored Powertips","Curses Come First","Custom Start","Displayed Cursed Tome","Downfall","Energized Spire","Evolution","Filter the Spire","Fireblade Mod","Highlight Path","Jess\u0027s Bottle","Minty Spire (QoL Compilation)","Permanent Neow","Poor People Problems","Relic Filter Mod","Relic Stats","Shop Mod","Spicy Shops","StSLib","The Cursed","The Servant 0.9.4","The Valiant","TheSwordswoman","TheVacant","Weighted Paths"],"gold_per_floor":[67,86,100,118,137,137,166,166,236,236,236,61,61,78,78,177,177,197,179,179,2,2,36,36,47,47,47,63,78,78,108,108,208,208,226,243,243,253,264,264,264,264],"floor_reached":41,"language":"ENG","playtime":2927,"items_purged":["Strike_Valiant","Strike_Valiant","Strike_Valiant"],"score":435,"play_id":"90fabbcf-905b-479d-ae7b-31f5d604f991","local_time":"20210224223855","is_ascension_mode":false,"campfire_choices":[{"data":"Decimate","floor":6,"key":"SMITH"},{"floor":8,"key":"REST"},{"data":"GracefulSiphon","floor":10,"key":"SMITH"},{"data":"AlmightySmite","floor":13,"key":"SMITH"},{"data":"FullAwakening","floor":15,"key":"SMITH"},{"data":"Bombastic","floor":24,"key":"SMITH"},{"data":"Salvation","floor":27,"key":"SMITH"},{"floor":30,"key":"REST"},{"data":"DivineFavor","floor":32,"key":"SMITH"},{"data":"Bombastic","floor":40,"key":"SMITH"}],"circlet_count":0,"master_deck":["Defend_Valiant","Defend_Valiant","Defend_Valiant","Defend_Valiant","BlindingLight","MinorHealing","MinorHealing","Salvation+1","DivineFavor+1","GracefulSiphon+1","SeekAnswers","AlmightySmite+1","Decimate+1","Decimate","FullAwakening+1","Bombastic+1","WideSmite","ZealousPersecution+1","CombatDance+1","Quickstep+1","HolyStorm","Bombastic+1","BraceThePain"],"relics":["Cross Pendant","EVO:Axolotl","Regal Pillow","Bottled Lightning","Busted Crown","TungstenRod","Bottled Flame","Anchor","Snecko Eye"],"acts_visited":["Exordium","TheCity","TheBeyond"],"potions_floor_usage":[],"damage_taken":[{"damage":36,"enemies":"Jaw Worm","floor":1,"turns":10},{"damage":3,"enemies":"Small Slimes","floor":2,"turns":5},{"damage":8,"enemies":"Cultist","floor":3,"turns":5},{"damage":18,"enemies":"3 Louse","floor":4,"turns":3},{"damage":48,"enemies":"Gremlin Gang","floor":5,"turns":4},{"damage":56,"enemies":"3 Sentries","floor":7,"turns":11},{"damage":19,"enemies":"Blue Slaver","floor":14,"turns":4},{"damage":64,"enemies":"Slime Boss","floor":16,"turns":10},{"damage":20,"enemies":"Spheric Guardian","floor":18,"turns":5},{"damage":17,"enemies":"2 Thieves","floor":19,"turns":4},{"damage":71,"enemies":"Slavers","floor":23,"turns":6},{"damage":26,"enemies":"Chosen and Byrds","floor":25,"turns":8},{"damage":8,"enemies":"Snecko","floor":28,"turns":3},{"damage":34,"enemies":"Sentry and Sphere","floor":29,"turns":6},{"damage":19,"enemies":"Book of Stabbing","floor":31,"turns":5},{"damage":69,"enemies":"Automaton","floor":33,"turns":9},{"damage":6,"enemies":"Orb Walker","floor":35,"turns":3},{"damage":10,"enemies":"3 Shapes","floor":36,"turns":3},{"damage":64,"enemies":"Spire Growth","floor":38,"turns":5},{"damage":16,"enemies":"4 Shapes","floor":39,"turns":3},{"damage":130,"enemies":"Giant Head","floor":41,"turns":9}],"seed_played":"2640933463036526002","potions_obtained":[{"floor":3,"key":"Guardian:BlockOnCardUsePotion"},{"floor":4,"key":"ColorlessPotion"},{"floor":18,"key":"EssenceOfSteel"}],"is_trial":false,"path_per_floor":["M","M","M","M","M","R","E","R","T","R","?","$","R","M","R","B",null,"M","M","?","$","?","E","R","M","T","R","M","M","R","E","R","B",null,"M","M","?","M","M","R","E"],"character_chosen":"TheValiant","items_purchased":["WideSmite"],"campfire_rested":2,"item_purchase_floors":[21],"current_hp_per_floor":[80,92,93,90,51,51,30,75,75,75,75,75,75,71,71,25,100,80,77,77,77,77,43,43,62,62,62,57,38,83,84,84,35,100,94,100,100,77,61,61,0,0],"gold":264,"neow_bonus":"ONE_RANDOM_RARE_CARD","is_daily":false,"chose_seed":false,"campfire_upgraded":8,"win_rate":0.0,"timestamp":1614224335,"path_taken":["M","M","M","M","M","R","E","R","T","R","?","$","R","M","R","BOSS","M","M","?","$","?","E","R","M","T","R","M","?","R","E","R","BOSS","M","M","?","?","M","R","E"],"items_purchased_type":["Card"],"build_version":"2020-12-22","purchased_purges":3,"victory":false,"max_hp_per_floor":[100,100,100,100,100,100,100,100,100,100,100,100,100,100,100,100,100,100,100,100,100,100,100,100,100,100,100,100,100,100,100,100,100,100,100,100,100,100,100,100,100,100],"relic_stats":{"Regal Pillow":30,"Busted Crown":24,"counters":[21,121],"Snecko Eye":[39,30,44,54],"obtain_stats":[{"Regal Pillow":7,"Bottled Flame":26,"Anchor":31,"Busted Crown":17,"Cross Pendant":0,"Snecko Eye":34,"EVO:Axolotl":0,"Bottled Lightning":9,"TungstenRod":23},{"Regal Pillow":6,"Bottled Flame":12,"Anchor":15,"Busted Crown":8,"Cross Pendant":0,"Snecko Eye":16,"EVO:Axolotl":0,"Bottled Lightning":6,"TungstenRod":11},{"Regal Pillow":38,"Bottled Flame":75,"Anchor":89,"Busted Crown":52,"Cross Pendant":0,"Snecko Eye":98,"EVO:Axolotl":0,"Bottled Lightning":38,"TungstenRod":67}],"TungstenRod":55},"card_choices":[{"not_picked":["AbandonReason","HolyLight"],"picked":"DivineFavor","floor":1},{"not_picked":["Retaliate","AbandonReason"],"picked":"GracefulSiphon","floor":2},{"not_picked":["RecklessSmite","EmpoweringForce"],"picked":"SeekAnswers","floor":3},{"not_picked":["ToweringCharge","ItsSmitingTime"],"picked":"AlmightySmite","floor":4},{"not_picked":["MightBracer","DivineFavor"],"picked":"Decimate","floor":5},{"not_picked":["GracefulSiphon","Meaballize"],"picked":"Decimate","floor":7},{"not_picked":["Tantrum","HolyFury"],"picked":"FullAwakening","floor":14},{"not_picked":["AlmightySmite","FinalGambit"],"picked":"Bombastic","floor":16},{"not_picked":["Meaballize"],"picked":"SKIP","floor":18},{"not_picked":["DualSpirit"],"picked":"SKIP","floor":19},{"not_picked":[],"picked":"ZealousPersecution+1","floor":23},{"not_picked":[],"picked":"CombatDance+1","floor":25},{"not_picked":["PushOnward"],"picked":"SKIP","floor":28},{"not_picked":[],"picked":"Quickstep+1","floor":29},{"not_picked":["Sharpen"],"picked":"SKIP","floor":31},{"not_picked":[],"picked":"HolyStorm","floor":33},{"not_picked":["Sharpen"],"picked":"SKIP","floor":35},{"not_picked":["GracefulSiphon"],"picked":"SKIP","floor":36},{"not_picked":[],"picked":"BraceThePain","floor":38},{"not_picked":["CombatDance+1"],"picked":"SKIP","floor":39}],"player_experience":453482,"relics_obtained":[{"floor":7,"key":"Regal Pillow"},{"floor":9,"key":"Bottled Lightning"},{"floor":23,"key":"TungstenRod"},{"floor":26,"key":"Bottled Flame"},{"floor":31,"key":"Anchor"}],"event_choices":[{"damage_healed":0,"gold_gain":0,"player_choice":"Ignored","damage_taken":236,"max_hp_gain":0,"max_hp_loss":0,"event_name":"betterThird:BetterSerpent","floor":11,"gold_loss":0},{"cards_removed":["Strike_Valiant"],"damage_healed":0,"gold_gain":0,"player_choice":"Elegance","damage_taken":0,"max_hp_gain":0,"max_hp_loss":0,"event_name":"betterThird:BetterWriting","floor":20,"gold_loss":0},{"damage_healed":0,"gold_gain":0,"player_choice":"Ignored","damage_taken":0,"max_hp_gain":0,"max_hp_loss":0,"event_name":"NoteForYourself","floor":22,"gold_loss":0},{"damage_healed":0,"gold_gain":0,"cards_transformed":["Strike_Valiant"],"player_choice":"Transformed","damage_taken":0,"max_hp_gain":0,"max_hp_loss":0,"event_name":"Transmorgrifier","floor":37,"gold_loss":0,"cards_obtained":["Bombastic"]}],"is_beta":false,"boss_relics":[{"not_picked":["Philosopher\u0027s Stone","Velvet Choker"],"picked":"Busted Crown"},{"not_picked":["Blade Of Legend","energizedSpire:EnergizedDie"],"picked":"Snecko Eye"}],"items_purged_floors":[12,12,21],"is_endless":false,"potions_floor_spawned":[1,3,4,18,25,29,31,35,38],"killed_by":"Giant Head","ascension_level":0}}