{"host":"py7qdianp3jrm8dm","time":1614267053,"event":{"mods":["AchievementEnabler","BaseMod","Bestiary","Highlight Path","Minty Spire (QoL Compilation)","Relic Stats","StSLib"],"gold_per_floor":[118,193,118,43,43,72,85,99,99,99,130,130,157,176,176,249,249,259,278,203,234,257,257,275,275,275,275,305,305,325,342,342,414,414,424,435,446,446,35,35,35,48,48,48,48,64,64,44,44,44],"floor_reached":51,"language":"ENG","playtime":2433,"items_purged":["Strike_R"],"score":1314,"play_id":"d23f02ca-d415-4b8a-901f-bb456c686c86","local_time":"20210225153053","is_ascension_mode":true,"campfire_choices":[{"data":"Power Through","floor":12,"key":"SMITH"},{"data":"Pommel Strike","floor":15,"key":"SMITH"},{"floor":23,"key":"REST"},{"floor":25,"key":"REST"},{"data":"Body Slam","floor":29,"key":"SMITH"},{"data":"Bash","floor":32,"key":"PURGE"},{"floor":40,"key":"REST"},{"data":"Immolate","floor":47,"key":"SMITH"},{"floor":49,"key":"REST"}],"circlet_count":0,"master_deck":["AscendersBane","Defend_R","Defend_R","Defend_R","Armaments","Fire Breathing+1","Power Through+1","Pommel Strike+1","Armaments","True Grit+1","Warcry+1","Immolate+1","Body Slam+1","Iron Wave+1","Writhe","Iron Wave+1","Shrug It Off+1","Iron Wave+1","True Grit+1","Flame Barrier+1","Writhe","Fire Breathing+1"],"relics":["Burning Blood","NeowsBlessing","Frozen Egg 2","Art of War","CaptainsWheel","Peace Pipe","Toxic Egg 2","Empty Cage","Red Mask","Oddly Smooth Stone","Magic Flower","Ice Cream","Dream Catcher","Mark of Pain","Thread and Needle","Bottled Tornado"],"acts_visited":["Exordium","TheCity","TheBeyond"],"potions_floor_usage":[21,50],"damage_taken":[{"damage":0,"enemies":"2 Louse","floor":1,"turns":1},{"damage":0,"enemies":"Gremlin Nob","floor":6,"turns":1},{"damage":0,"enemies":"Jaw Worm","floor":7,"turns":1},{"damage":4,"enemies":"Small Slimes","floor":8,"turns":3},{"damage":24,"enemies":"Lagavulin","floor":11,"turns":9},{"damage":0,"enemies":"3 Sentries","floor":13,"turns":4},{"damage":0,"enemies":"Exordium Thugs","floor":14,"turns":4},{"damage":32,"enemies":"Hexaghost","floor":16,"turns":12},{"damage":1,"enemies":"Spheric Guardian","floor":18,"turns":6},{"damage":13,"enemies":"Chosen","floor":19,"turns":6},{"damage":49,"enemies":"Masked Bandits","floor":21,"turns":5},{"damage":12,"enemies":"Snecko","floor":24,"turns":5},{"damage":3,"enemies":"Book of Stabbing","floor":28,"turns":7},{"damage":10,"enemies":"Centurion and Healer","floor":30,"turns":5},{"damage":3,"enemies":"Snake Plant","floor":31,"turns":4},{"damage":70,"enemies":"Collector","floor":33,"turns":11},{"damage":11,"enemies":"3 Shapes","floor":35,"turns":4},{"damage":7,"enemies":"3 Darklings","floor":36,"turns":4},{"damage":49,"enemies":"Maw","floor":37,"turns":9},{"damage":10,"enemies":"Jaw Worm Horde","floor":42,"turns":3},{"damage":12,"enemies":"Spire Growth","floor":46,"turns":5},{"damage":57,"enemies":"Donu and Deca","floor":50,"turns":7}],"seed_played":"4661995763058915147","potions_obtained":[{"floor":1,"key":"SteroidPotion"},{"floor":6,"key":"Energy Potion"},{"floor":14,"key":"Fire Potion"},{"floor":24,"key":"EssenceOfSteel"},{"floor":37,"key":"PowerPotion"}],"is_trial":false,"path_per_floor":["M","?","?","$","T","E","M","M","T","?","E","R","E","M","R","B",null,"M","M","?","?","T","R","M","R","T","?","E","R","M","M","R","B",null,"M","M","M","?","$","R","T","M","T","$","?","M","R","?","R","B",null],"character_chosen":"IRONCLAD","items_purchased":["Flame Barrier+1","Thread and Needle"],"campfire_rested":4,"item_purchase_floors":[39,39],"current_hp_per_floor":[74,63,63,63,63,69,75,75,75,75,57,57,63,69,69,43,67,72,65,65,22,22,44,38,60,60,60,66,66,65,71,71,10,59,57,59,19,19,19,41,41,40,40,40,55,52,52,52,74,26],"gold":44,"neow_bonus":"THREE_ENEMY_KILL","is_daily":false,"chose_seed":false,"campfire_upgraded":4,"win_rate":0.0,"timestamp":1614267053,"path_taken":["M","?","?","?","?","E","M","M","T","?","E","R","E","M","R","BOSS","M","M","?","?","?","R","M","R","T","?","E","R","M","M","R","BOSS","M","M","M","?","$","R","?","?","T","$","?","M","R","?","R","BOSS"],"items_purchased_type":["Card","Relic"],"build_version":"2020-12-22","purchased_purges":1,"victory":true,"max_hp_per_floor":[75,75,75,75,75,75,75,75,75,75,75,75,75,75,75,75,75,75,75,75,75,75,75,75,75,75,75,75,75,75,75,75,75,75,75,75,75,75,75,75,75,75,75,75,75,75,75,75,75,75],"relic_stats":{"Peace Pipe":1,"Dream Catcher":2,"counters":[22,116],"Magic Flower":[30],"Art of War":[27],"obtain_stats":[{"Ice Cream":27,"NeowsBlessing":0,"Oddly Smooth Stone":22,"Magic Flower":26,"Thread and Needle":39,"Frozen Egg 2":5,"Bottled Tornado":41,"Empty Cage":17,"Burning Blood":0,"Peace Pipe":11,"CaptainsWheel":9,"Dream Catcher":28,"Mark of Pain":34,"Art of War":6,"Red Mask":21,"Toxic Egg 2":13},{"Ice Cream":12,"NeowsBlessing":0,"Oddly Smooth Stone":11,"Magic Flower":12,"Thread and Needle":19,"Frozen Egg 2":1,"Bottled Tornado":19,"Empty Cage":8,"Burning Blood":0,"Peace Pipe":5,"CaptainsWheel":4,"Dream Catcher":13,"Mark of Pain":16,"Art of War":2,"Red Mask":11,"Toxic Egg 2":6},{"Ice Cream":57,"NeowsBlessing":0,"Oddly Smooth Stone":52,"Magic Flower":57,"Thread and Needle":101,"Frozen Egg 2":1,"Bottled Tornado":101,"Empty Cage":35,"Burning Blood":0,"Peace Pipe":15,"CaptainsWheel":6,"Dream Catcher":64,"Mark of Pain":84,"Art of War":2,"Red Mask":52,"Toxic Egg 2":19}],"Burning Blood":160},"card_choices":[{"not_picked":["Bloodletting","Havoc"],"picked":"Armaments","floor":1},{"not_picked":["Heavy Blade","Second Wind"],"picked":"Fire Breathing+1","floor":6},{"not_picked":["Blood for Blood","Havoc"],"picked":"Power Through","floor":7},{"not_picked":["Perfected Strike","Havoc"],"picked":"Pommel Strike","floor":8},{"not_picked":["Twin Strike","Bloodletting","Dropkick"],"picked":"SKIP","floor":11},{"not_picked":["Heavy Blade","Immolate"],"picked":"True Grit+1","floor":13},{"not_picked":["Seeing Red+1","Armaments+1"],"picked":"Warcry+1","floor":14},{"not_picked":["Bludgeon","Demon Form+1"],"picked":"Immolate","floor":16},{"not_picked":["Anger","Bloodletting+1","Whirlwind"],"picked":"SKIP","floor":18},{"not_picked":["Flex+1","Clash","Infernal Blade+1"],"picked":"SKIP","floor":19},{"not_picked":["Exhume+1","Flex+1"],"picked":"Body Slam","floor":21},{"not_picked":["True Grit+1","Dual Wield+1"],"picked":"Iron Wave+1","floor":24},{"not_picked":["Thunderclap","Pommel Strike"],"picked":"Iron Wave+1","floor":28},{"not_picked":["Inflame+1","Anger","Double Tap+1"],"picked":"SKIP","floor":30},{"not_picked":["Armaments+1","Havoc+1"],"picked":"Shrug It Off+1","floor":31},{"not_picked":["Combust+1","Searing Blow","Body Slam"],"picked":"SKIP","floor":35},{"not_picked":["Anger+1","Whirlwind"],"picked":"Iron Wave+1","floor":36},{"not_picked":["Flex+1","Heavy Blade"],"picked":"True Grit+1","floor":37},{"not_picked":["Second Wind+1","Iron Wave","Whirlwind+1"],"picked":"SKIP","floor":42},{"not_picked":["Perfected Strike","True Grit+1"],"picked":"Fire Breathing+1","floor":46}],"player_experience":590238,"relics_obtained":[{"floor":5,"key":"Frozen Egg 2"},{"floor":6,"key":"Art of War"},{"floor":9,"key":"CaptainsWheel"},{"floor":11,"key":"Peace Pipe"},{"floor":13,"key":"Toxic Egg 2"},{"floor":21,"key":"Red Mask"},{"floor":22,"key":"Oddly Smooth Stone"},{"floor":26,"key":"Magic Flower"},{"floor":28,"key":"Dream Catcher"},{"floor":41,"key":"Bottled Tornado"}],"event_choices":[{"damage_healed":0,"gold_gain":75,"player_choice":"Gather Gold","damage_taken":11,"max_hp_gain":0,"max_hp_loss":0,"event_name":"World of Goop","floor":2,"gold_loss":0},{"cards_removed":["Strike_R"],"damage_healed":0,"gold_gain":0,"player_choice":"Card Removal","damage_taken":0,"max_hp_gain":0,"max_hp_loss":0,"event_name":"The Cleric","floor":3,"gold_loss":75},{"damage_healed":0,"gold_gain":0,"cards_transformed":["Strike_R"],"player_choice":"Change","damage_taken":0,"max_hp_gain":0,"max_hp_loss":0,"event_name":"Living Wall","floor":10,"gold_loss":0,"cards_obtained":["Armaments"]},{"cards_removed":["Defend_R"],"damage_healed":0,"gold_gain":0,"player_choice":"Gave Gold","damage_taken":0,"max_hp_gain":0,"max_hp_loss":0,"event_name":"Beggar","floor":20,"gold_loss":75},{"damage_healed":0,"gold_gain":0,"player_choice":"Fought Bandits","damage_taken":0,"max_hp_gain":0,"max_hp_loss":0,"event_name":"Masked Bandits","floor":21,"gold_loss":0},{"damage_healed":0,"gold_gain":0,"player_choice":"Opened","damage_taken":0,"relics_obtained":["Ice Cream"],"max_hp_gain":0,"max_hp_loss":0,"event_name":"The Mausoleum","floor":27,"gold_loss":0,"cards_obtained":["Writhe"]},{"damage_healed":0,"gold_gain":0,"player_choice":"Ignored","damage_taken":0,"max_hp_gain":0,"max_hp_loss":0,"event_name":"The Moai Head","floor":38,"gold_loss":0},{"damage_healed":15,"gold_gain":0,"player_choice":"Writhe","damage_taken":0,"max_hp_gain":0,"max_hp_loss":0,"event_name":"Winding Halls","floor":45,"gold_loss":0,"cards_obtained":["Writhe"]},{"damage_healed":0,"gold_gain":0,"player_choice":"Bought 1 Potion","damage_taken":0,"max_hp_gain":0,"max_hp_loss":0,"event_name":"The Woman in Blue","floor":48,"gold_loss":0}],"is_beta":false,"boss_relics":[{"not_picked":["Black Star","Sozu"],"picked":"Empty Cage"},{"not_picked":["Fusion Hammer","Philosopher\u0027s Stone"],"picked":"Mark of Pain"}],"items_purged_floors":[4],"is_endless":false,"potions_floor_spawned":[1,6,14,16,24,28,30,37],"ascension_level":17}}