{"host":"f5n4tidiz2n5sooh","time":1614224518,"event":{"mods":["BaseMod","Colored Map","Minty Spire (QoL Compilation)","Relic Stats","StSLib"],"gold_per_floor":[111,125,143,143,158,158,188,263,340,357,373,6,6,32,32,32,32],"floor_reached":16,"language":"ENG","playtime":501,"items_purged":["Strike_R"],"score":224,"play_id":"86b7e4ee-f5c1-4846-af32-d672842a1156","local_time":"20210224214158","is_ascension_mode":true,"campfire_choices":[{"data":"Bash","floor":6,"key":"SMITH"},{"data":"Hemokinesis","floor":15,"key":"SMITH"}],"circlet_count":0,"master_deck":["AscendersBane","Strike_R","Strike_R","Strike_R","Defend_R","Defend_R","Defend_R","Defend_R","Bash+1","Wild Strike","Perfected Strike","Feel No Pain","Havoc","Hemokinesis+1","Reaper","Dark Embrace"],"relics":["Burning Blood","Smiling Mask","StoneCalendar","Paper Frog","StrikeDummy","Dream Catcher"],"acts_visited":["Exordium"],"potions_floor_usage":[5,14,16],"damage_taken":[{"damage":14,"enemies":"Jaw Worm","floor":1,"turns":4},{"damage":0,"enemies":"Cultist","floor":2,"turns":2},{"damage":0,"enemies":"Small Slimes","floor":3,"turns":2},{"damage":0,"enemies":"2 Fungi Beasts","floor":5,"turns":2},{"damage":23,"enemies":"3 Sentries","floor":7,"turns":10},{"damage":2,"enemies":"Large Slime","floor":10,"turns":4},{"damage":23,"enemies":"Blue Slaver","floor":11,"turns":3},{"damage":24,"enemies":"Lagavulin","floor":14,"turns":6},{"damage":36,"enemies":"Slime Boss","floor":16,"turns":6}],"seed_played":"305912964905135784","potions_obtained":[{"floor":2,"key":"ElixirPotion"},{"floor":3,"key":"Fire Potion"},{"floor":14,"key":"SpeedPotion"}],"is_trial":false,"path_per_floor":["M","M","M","?","M","R","E","?","T","M","M","$","?","E","R","B"],"character_chosen":"IRONCLAD","items_purchased":["StrikeDummy","Block Potion"],"campfire_rested":0,"item_purchase_floors":[12,12],"current_hp_per_floor":[60,66,72,72,75,75,58,47,47,51,35,35,35,24,24,0,0],"gold":32,"neow_bonus":"RANDOM_COMMON_RELIC","is_daily":false,"chose_seed":false,"campfire_upgraded":2,"win_rate":0.0,"timestamp":1614224518,"path_taken":["M","M","M","?","?","R","E","?","T","M","M","$","?","E","R","BOSS"],"items_purchased_type":["Relic","Potion"],"build_version":"2020-12-22","purchased_purges":1,"victory":false,"max_hp_per_floor":[75,75,75,75,75,75,75,75,75,75,75,75,75,75,75,75,75],"relic_stats":{"Dream Catcher":0,"counters":[9,39],"StoneCalendar":[0],"Smiling Mask":25,"obtain_stats":[{"Dream Catcher":14,"StoneCalendar":7,"Smiling Mask":0,"StrikeDummy":12,"Burning Blood":0,"Paper Frog":9},{"Dream Catcher":8,"StoneCalendar":5,"Smiling Mask":0,"StrikeDummy":7,"Burning Blood":0,"Paper Frog":5},{"Dream Catcher":33,"StoneCalendar":20,"Smiling Mask":0,"StrikeDummy":27,"Burning Blood":0,"Paper Frog":20}],"Burning Blood":45},"card_choices":[{"not_picked":["Body Slam","Twin Strike"],"picked":"Wild Strike","floor":1},{"not_picked":["Body Slam","Shrug It Off"],"picked":"Perfected Strike","floor":2},{"not_picked":["Rage","Infernal Blade"],"picked":"Feel No Pain","floor":3},{"not_picked":["Metallicize","Clothesline"],"picked":"Hemokinesis","floor":5},{"not_picked":["Disarm","Iron Wave"],"picked":"Reaper","floor":7},{"not_picked":["Heavy Blade","Entrench","Body Slam"],"picked":"SKIP","floor":10},{"not_picked":["Dropkick","Burning Pact","Dual Wield"],"picked":"SKIP","floor":11},{"not_picked":["Evolve","Twin Strike"],"picked":"Dark Embrace","floor":14}],"player_experience":2085532,"relics_obtained":[{"floor":7,"key":"StoneCalendar"},{"floor":9,"key":"Paper Frog"},{"floor":14,"key":"Dream Catcher"}],"event_choices":[{"damage_healed":0,"gold_gain":0,"cards_transformed":["Strike_R"],"player_choice":"Transformed","damage_taken":0,"max_hp_gain":0,"max_hp_loss":0,"event_name":"Transmorgrifier","floor":4,"gold_loss":0,"cards_obtained":["Havoc"]},{"damage_healed":0,"gold_gain":75,"player_choice":"Gather Gold","damage_taken":11,"max_hp_gain":0,"max_hp_loss":0,"event_name":"World of Goop","floor":8,"gold_loss":0},{"damage_healed":0,"gold_gain":0,"player_choice":"Ignored","damage_taken":0,"max_hp_gain":0,"max_hp_loss":0,"event_name":"Liars Game","floor":13,"gold_loss":0}],"is_beta":false,"boss_relics":[],"items_purged_floors":[12],"is_endless":false,"potions_floor_spawned":[2,3,14],"killed_by":"Slime Boss","ascension_level":20}}