{"host":"sc0o2qwpf9j16a4i","time":1614279304,"event":{"mods":["AchievementEnabler","BaseMod","BetterRewards","Block Reminder","Colored Map","Colored Powertips","Custom Start","Highlight Path","Minty Spire (QoL Compilation)","Relic Stats"],"gold_per_floor":[114,114,132,152,5,33,33,63,63,79,91,104,139,139,139,238,238,258,258,9,28,28,28,28,28,28,28,28,56,56,82,82,177,177,197,217,217,1,16,16,16,16,16,16,45,45,45,60,60,69],"floor_reached":51,"language":"ENG","playtime":1362,"items_purged":[],"score":979,"play_id":"8d339915-58e1-42db-9399-8090af81d6d7","local_time":"20210225205504","daily_mods":["Cursed Run","Vintage","Lethality"],"is_ascension_mode":false,"campfire_choices":[{"floor":7,"key":"DIG"},{"data":"Zap","floor":15,"key":"SMITH"},{"floor":23,"key":"DIG"},{"floor":25,"key":"DIG"},{"floor":27,"key":"DIG"},{"data":"Streamline","floor":30,"key":"SMITH"},{"floor":32,"key":"REST"},{"floor":40,"key":"DIG"},{"data":"1","floor":42,"key":"LIFT"},{"data":"2","floor":49,"key":"LIFT"}],"circlet_count":0,"master_deck":["Zap+1","Dualcast","Leap","Conserve Battery","Injury","Static Discharge","Regret","Doubt","Seek","Decay","Writhe","Streamline+1","Static Discharge","Normality","Echo Form","Auto Shields","Streamline","Reinforced Body","Echo Form","Sunder","Creative AI","Genetic Algorithm","Storm","Parasite","Writhe","Pain","Clumsy"],"relics":["Cursed Key","Darkstone Periapt","Du-Vu Doll","Mummified Hand","Shovel","StrikeDummy","Smiling Mask","Tiny Chest","Pen Nib","Bottled Lightning","Sundial","FossilizedHelix","Whetstone","MealTicket","Cables","Centennial Puzzle","Unceasing Top","Snecko Eye","Emotion Chip","Blue Candle","Symbiotic Virus","Meat on the Bone","Orichalcum","White Beast Statue","Ornamental Fan","Boot","Bag of Preparation","Shuriken","Pandora\u0027s Box","Pantograph","Girya","Lantern","Letter Opener","Juzu Bracelet","Toy Ornithopter","Thread and Needle","The Courier","CeramicFish"],"acts_visited":["Exordium","TheCity","TheBeyond"],"potions_floor_usage":[16,16,31,33,50,50,50],"damage_taken":[{"damage":9,"enemies":"Jaw Worm","floor":1,"turns":3},{"damage":3,"enemies":"Small Slimes","floor":3,"turns":2},{"damage":0,"enemies":"Cultist","floor":4,"turns":2},{"damage":26,"enemies":"3 Sentries","floor":6,"turns":6},{"damage":7,"enemies":"Lagavulin","floor":8,"turns":7},{"damage":0,"enemies":"3 Louse","floor":10,"turns":2},{"damage":0,"enemies":"Exordium Thugs","floor":11,"turns":3},{"damage":0,"enemies":"2 Fungi Beasts","floor":12,"turns":2},{"damage":0,"enemies":"3 Sentries","floor":13,"turns":5},{"damage":12,"enemies":"Hexaghost","floor":16,"turns":6},{"damage":18,"enemies":"Chosen","floor":18,"turns":5},{"damage":2,"enemies":"Shell Parasite","floor":21,"turns":3},{"damage":26,"enemies":"Gremlin Leader","floor":29,"turns":4},{"damage":42,"enemies":"Slavers","floor":31,"turns":3},{"damage":40,"enemies":"Automaton","floor":33,"turns":7},{"damage":20,"enemies":"Orb Walker","floor":35,"turns":3},{"damage":22,"enemies":"3 Darklings","floor":36,"turns":4},{"damage":2,"enemies":"Writhing Mass","floor":39,"turns":3},{"damage":11,"enemies":"Giant Head","floor":45,"turns":4},{"damage":5,"enemies":"Maw","floor":48,"turns":4},{"damage":32,"enemies":"Awakened One","floor":50,"turns":6}],"seed_played":"-704035783324250414","potions_obtained":[{"floor":1,"key":"LiquidBronze"},{"floor":4,"key":"PotionOfCapacity"},{"floor":6,"key":"Strength Potion"},{"floor":12,"key":"Weak Potion"},{"floor":29,"key":"SteroidPotion"},{"floor":31,"key":"Fruit Juice"},{"floor":33,"key":"Strength Potion"},{"floor":35,"key":"SpeedPotion"},{"floor":36,"key":"FocusPotion"},{"floor":44,"key":"PotionOfCapacity"}],"is_trial":true,"path_per_floor":["M","?","M","M","$","E","R","E","T","M","M","M","E","?","R","B",null,"M","?","$","M","T","R","$","R","T","R","?","E","R","E","R","B",null,"M","M","?","$","M","R","T","R","T","?","E","?","$","M","R","B",null],"character_chosen":"DEFECT","items_purchased":["Tiny Chest","Blue Candle","Storm","Lantern"],"campfire_rested":1,"item_purchase_floors":[5,20,38,38],"current_hp_per_floor":[66,66,63,63,63,37,37,30,36,36,36,36,36,42,42,36,93,75,75,90,88,94,94,99,99,105,105,105,79,79,54,87,65,116,96,74,74,89,93,93,99,99,105,105,94,94,109,104,104,108],"gold":69,"neow_bonus":"","is_daily":false,"chose_seed":false,"campfire_upgraded":2,"win_rate":0.0,"timestamp":1614279304,"path_taken":["M","?","?","M","$","E","R","E","T","M","M","M","E","?","R","BOSS","M","?","$","?","?","R","$","R","T","R","?","E","R","E","R","BOSS","M","M","?","?","M","R","?","R","T","?","E","?","$","M","R","BOSS"],"items_purchased_type":["Relic","Relic","Card","Relic"],"build_version":"2020-12-22","purchased_purges":0,"victory":true,"max_hp_per_floor":[75,75,75,75,75,75,75,75,81,81,81,81,81,87,87,93,93,93,93,93,93,99,99,99,99,105,105,105,105,105,110,110,116,116,116,116,116,116,122,122,128,128,134,134,134,134,134,134,134,140],"relic_stats":{"Darkstone Periapt":60,"CeramicFish":9,"Bag of Preparation":[16],"Juzu Bracelet":1,"Whetstone":["Strike_B","Strike_B"],"Cursed Key":5,"Smiling Mask":0,"Boot":[0],"Centennial Puzzle":[36],"Emotion Chip":[60,49,0,11,0],"Shovel":5,"Mummified Hand":[105],"Sundial":[16],"Pantograph":25,"Tiny Chest":2,"MealTicket":50,"counters":[21,84],"Blue Candle":[49],"Pen Nib":[10],"Letter Opener":[25],"Orichalcum":[30],"Cables":[70,37,0,33,0],"Ornamental Fan":[16],"Shuriken":[4],"Snecko Eye":[55,64,77,91],"Pandora\u0027s Box":["Auto Shields","Streamline","Reinforced Body","Echo Form","Sunder","Creative AI","Genetic Algorithm","Beam Cell"],"obtain_stats":[{"Darkstone Periapt":0,"Lantern":38,"CeramicFish":48,"Bag of Preparation":29,"Juzu Bracelet":40,"Whetstone":10,"Cursed Key":0,"Smiling Mask":4,"Boot":27,"Centennial Puzzle":13,"Emotion Chip":18,"Shovel":2,"Mummified Hand":1,"Sundial":8,"Pantograph":35,"Tiny Chest":5,"MealTicket":11,"Girya":36,"Blue Candle":20,"Thread and Needle":43,"Pen Nib":6,"The Courier":45,"Letter Opener":39,"Orichalcum":23,"White Beast Statue":25,"Cables":12,"Du-Vu Doll":0,"Ornamental Fan":26,"Shuriken":31,"Snecko Eye":17,"Pandora\u0027s Box":34,"Bottled Lightning":7,"StrikeDummy":3,"Symbiotic Virus":21,"FossilizedHelix":9,"Unceasing Top":14,"Toy Ornithopter":41,"Meat on the Bone":22},{"Darkstone Periapt":0,"Lantern":17,"CeramicFish":20,"Bag of Preparation":13,"Juzu Bracelet":18,"Whetstone":6,"Cursed Key":0,"Smiling Mask":3,"Boot":12,"Centennial Puzzle":9,"Emotion Chip":11,"Shovel":1,"Mummified Hand":1,"Sundial":5,"Pantograph":16,"Tiny Chest":3,"MealTicket":7,"Girya":17,"Blue Candle":11,"Thread and Needle":18,"Pen Nib":4,"The Courier":19,"Letter Opener":18,"Orichalcum":12,"White Beast Statue":12,"Cables":8,"Du-Vu Doll":0,"Ornamental Fan":12,"Shuriken":14,"Snecko Eye":10,"Pandora\u0027s Box":15,"Bottled Lightning":4,"StrikeDummy":2,"Symbiotic Virus":12,"FossilizedHelix":5,"Unceasing Top":9,"Toy Ornithopter":18,"Meat on the Bone":12},{"Darkstone Periapt":0,"Lantern":67,"CeramicFish":78,"Bag of Preparation":50,"Juzu Bracelet":70,"Whetstone":22,"Cursed Key":0,"Smiling Mask":7,"Boot":46,"Centennial Puzzle":32,"Emotion Chip":43,"Shovel":3,"Mummified Hand":3,"Sundial":20,"Pantograph":63,"Tiny Chest":7,"MealTicket":25,"Girya":67,"Blue Candle":43,"Thread and Needle":70,"Pen Nib":13,"The Courier":74,"Letter Opener":70,"Orichalcum":46,"White Beast Statue":46,"Cables":27,"Du-Vu Doll":0,"Ornamental Fan":46,"Shuriken":53,"Snecko Eye":38,"Pandora\u0027s Box":60,"Bottled Lightning":13,"StrikeDummy":5,"Symbiotic Virus":46,"FossilizedHelix":20,"Unceasing Top":32,"Toy Ornithopter":70,"Meat on the Bone":46}],"Unceasing Top":[6],"Toy Ornithopter":5,"Meat on the Bone":24},"card_choices":[{"not_picked":["Reprogram","Steam"],"picked":"Leap","floor":6},{"not_picked":["Lockon","Beam Cell"],"picked":"Conserve Battery","floor":8},{"not_picked":["Sweeping Beam","Heatsinks"],"picked":"Static Discharge","floor":13},{"not_picked":["All For One","Fission"],"picked":"Seek","floor":16},{"not_picked":["Turbo","Chaos"],"picked":"Streamline","floor":29},{"not_picked":["Gash+1","Leap"],"picked":"Static Discharge","floor":31},{"not_picked":["Creative AI","Hyperbeam"],"picked":"Echo Form","floor":33},{"not_picked":["Streamline+1","Rebound+1","Undo+1"],"picked":"SKIP","floor":45}],"player_experience":1566312,"relics_obtained":[{"floor":1,"key":"Mummified Hand"},{"floor":2,"key":"Shovel"},{"floor":3,"key":"StrikeDummy"},{"floor":4,"key":"Smiling Mask"},{"floor":6,"key":"Pen Nib"},{"floor":7,"key":"Bottled Lightning"},{"floor":8,"key":"Sundial"},{"floor":9,"key":"FossilizedHelix"},{"floor":10,"key":"Whetstone"},{"floor":11,"key":"MealTicket"},{"floor":12,"key":"Cables"},{"floor":13,"key":"Centennial Puzzle"},{"floor":18,"key":"Emotion Chip"},{"floor":21,"key":"Symbiotic Virus"},{"floor":22,"key":"Meat on the Bone"},{"floor":23,"key":"Orichalcum"},{"floor":25,"key":"White Beast Statue"},{"floor":26,"key":"Ornamental Fan"},{"floor":27,"key":"Boot"},{"floor":29,"key":"Bag of Preparation"},{"floor":31,"key":"Shuriken"},{"floor":35,"key":"Pantograph"},{"floor":36,"key":"Girya"},{"floor":39,"key":"Letter Opener"},{"floor":40,"key":"Juzu Bracelet"},{"floor":41,"key":"Toy Ornithopter"},{"floor":43,"key":"Thread and Needle"},{"floor":45,"key":"The Courier"},{"floor":48,"key":"CeramicFish"}],"event_choices":[{"damage_healed":0,"gold_gain":0,"player_choice":"Relic","damage_taken":0,"max_hp_gain":0,"max_hp_loss":0,"event_name":"Wheel of Change","floor":2,"gold_loss":0},{"damage_healed":0,"gold_gain":0,"player_choice":"Box","damage_taken":0,"relics_obtained":["Unceasing Top"],"max_hp_gain":0,"max_hp_loss":0,"event_name":"Big Fish","floor":14,"gold_loss":0,"cards_obtained":["Regret"]},{"cards_removed":["Strike_B"],"damage_healed":0,"gold_gain":0,"player_choice":"Card Removal","damage_taken":0,"max_hp_gain":0,"max_hp_loss":0,"event_name":"Wheel of Change","floor":19,"gold_loss":0},{"damage_healed":0,"gold_gain":0,"player_choice":"Copied","damage_taken":0,"max_hp_gain":0,"max_hp_loss":0,"event_name":"Duplicator","floor":28,"gold_loss":0,"cards_obtained":["Strike_B"]},{"damage_healed":0,"gold_gain":0,"player_choice":"Ignored","damage_taken":0,"max_hp_gain":0,"max_hp_loss":0,"event_name":"NoteForYourself","floor":37,"gold_loss":0},{"damage_healed":0,"gold_gain":0,"player_choice":"Got Potions","damage_taken":0,"max_hp_gain":0,"max_hp_loss":0,"event_name":"Lab","floor":44,"gold_loss":0},{"cards_removed":["Beam Cell"],"damage_healed":0,"gold_gain":0,"player_choice":"Removed Attack","damage_taken":0,"max_hp_gain":0,"max_hp_loss":0,"event_name":"Falling","floor":46,"gold_loss":0}],"is_beta":false,"boss_relics":[{"not_picked":["SacredBark","Runic Pyramid"],"picked":"Snecko Eye"},{"not_picked":["Empty Cage","Velvet Choker"],"picked":"Pandora\u0027s Box"}],"items_purged_floors":[],"is_endless":false,"potions_floor_spawned":[1,4,6,8,12,29,31,33,35,36,39,45,48],"ascension_level":0}}