{"host":"e4udrxcgdvpx3wcj","time":1614211268,"event":{"mods":["Act Like it!","Aspiration","Astrologer","BaseMod","Gensokyo","Highlight Path","Infinite Spire","Koishi","Marisa????????","Minty Spire (QoL Compilation)","Replay The Spire","StSLib","SuperFastMode","The Bug Knight","The Construct","The Jungle","The Runesmith","The Servant 0.9.4","TheBandit"],"gold_per_floor":[109,68,84,84,95,95,115,115,115],"floor_reached":8,"language":"ENG","playtime":209,"items_purged":[],"score":96,"play_id":"5a03d9e7-1476-4ccd-a7bb-eabd8d356ba4","local_time":"20210224190108","is_ascension_mode":true,"campfire_choices":[{"data":"Crippling Poison","floor":6,"key":"SMITH"}],"circlet_count":0,"master_deck":["AscendersBane","Strike_G","Strike_G","Strike_G","Strike_G","Defend_G","Defend_G","Defend_G","Survivor","Neutralize","PiercingWail","Noxious Fumes","Crippling Poison+1","Deadly Poison","ReplayTheSpireMod:From All Sides"],"relics":["Ring of the Snake","NeowsBlessing"],"acts_visited":["Gensokyo:Gensokyo"],"potions_floor_usage":[8,8],"damage_taken":[{"damage":0,"enemies":"Gensokyo:Gryphon","floor":1,"turns":1},{"damage":0,"enemies":"Gensokyo:2_Kodama","floor":3,"turns":1},{"damage":0,"enemies":"Gensokyo:3_Fairies","floor":5,"turns":1},{"damage":13,"enemies":"Gensokyo:Gryphon_and_Rabbit","floor":7,"turns":5},{"damage":21,"enemies":"Gensokyo:Cirno","floor":8,"turns":4}],"seed_played":"-8069993685296024782","potions_obtained":[{"floor":3,"key":"AttackPotion"},{"floor":7,"key":"Elixir"}],"is_trial":false,"path_per_floor":["M","$","M","?","M","R","M","E"],"character_chosen":"THE_SILENT","items_purchased":["Noxious Fumes"],"campfire_rested":0,"item_purchase_floors":[2],"current_hp_per_floor":[59,59,59,27,27,27,14,0,0],"gold":115,"neow_bonus":"THREE_ENEMY_KILL","is_daily":false,"chose_seed":false,"campfire_upgraded":1,"win_rate":0.0,"timestamp":1614211268,"path_taken":["M","$","?","?","M","R","M","E"],"items_purchased_type":["Card"],"build_version":"2020-12-22","purchased_purges":0,"victory":false,"max_hp_per_floor":[66,66,66,66,66,66,66,66,66],"card_choices":[{"not_picked":["ReplayTheSpireMod:The Works","Underhanded Strike"],"picked":"PiercingWail","floor":1},{"not_picked":["Dagger Throw","Acrobatics"],"picked":"Crippling Poison","floor":3},{"not_picked":["ReplayTheSpireMod:The Works","PiercingWail"],"picked":"Deadly Poison","floor":5},{"not_picked":["Deflect","Deadly Poison"],"picked":"ReplayTheSpireMod:From All Sides","floor":7}],"player_experience":2465546,"relics_obtained":[],"event_choices":[],"is_beta":false,"boss_relics":[],"items_purged_floors":[],"is_endless":false,"potions_floor_spawned":[3,7],"killed_by":"Gensokyo:Cirno","ascension_level":20}}