{"host":"kw4o7b3ro2ktmmbe","time":1614251401,"event":{"mods":["100% Spire Juice","BaseMod","Bossed Relics","Energized Spire","Evolution","Minty Spire (QoL Compilation)","StSLib"],"gold_per_floor":[99,109,6,24,99,99,99,115,115,131,11,11,28,42,42,42,42],"floor_reached":16,"language":"ENG","playtime":965,"items_purged":[],"score":167,"play_id":"e4c92790-93b2-40ce-8109-b200ad5524f6","local_time":"20210226001001","is_ascension_mode":true,"campfire_choices":[{"data":"Moonworks:LongDistanceShot","floor":6.0,"key":"SMITH"},{"data":"Moonworks:MiracleWalker","floor":15,"key":"SMITH"}],"circlet_count":0,"master_deck":["AscendersBane","Moonworks:Strike","Moonworks:Strike","Moonworks:Strike","Moonworks:Strike","Moonworks:Defend","Moonworks:Defend","Moonworks:Defend","Moonworks:Defend","Moonworks:Ambush","Moonworks:LongDistanceShot+1","Moonworks:JonathanRush","Moonworks:StiffCrystal","Moonworks:RedAndBlue","Moonworks:JonathanRush","Moonworks:MiracleWalker+1","Pain","Moonworks:DevilHand+1","Moonworks:CookingTime+1"],"relics":["Moonworks:Homemark","EVO:Axolotl","energizedSpire:EnergizedDie","Molten Egg 2","WarpedTongs"],"acts_visited":["Exordium"],"potions_floor_usage":[8,10,16],"damage_taken":[{"damage":0.0,"enemies":"Cultist","floor":1.0,"turns":4.0},{"damage":0.0,"enemies":"2 Louse","floor":2.0,"turns":2.0},{"damage":7.0,"enemies":"Small Slimes","floor":3.0,"turns":3.0},{"damage":4.0,"enemies":"Red Slaver","floor":4.0,"turns":4.0},{"damage":0.0,"enemies":"3 Louse","floor":7.0,"turns":4.0},{"damage":0,"enemies":"2 Fungi Beasts","floor":8,"turns":3},{"damage":0,"enemies":"Blue Slaver","floor":10,"turns":2},{"damage":4,"enemies":"Exordium Wildlife","floor":13,"turns":3},{"damage":0,"enemies":"2 Fungi Beasts","floor":14,"turns":1},{"damage":38,"enemies":"Hexaghost","floor":16,"turns":9}],"seed_played":"2195189766064979695","potions_obtained":[{"floor":2.0,"key":"LiquidBronze"},{"floor":4.0,"key":"Block Potion"},{"floor":8,"key":"Swift Potion"},{"floor":10,"key":"BlessingOfTheForge"}],"is_trial":false,"path_per_floor":["M","M","M","M","?","R","M","M","T","M","?","?","M","M","R","B"],"character_chosen":"THE_STARBREAKER","items_purchased":[],"campfire_rested":0,"item_purchase_floors":[],"current_hp_per_floor":[50,50,43,39,28,28,28,28,28,28,33,33,29,29,29,0,0],"gold":42,"neow_bonus":"BOSS_RELIC","is_daily":false,"chose_seed":false,"campfire_upgraded":2,"win_rate":0.0,"timestamp":1614251401,"path_taken":["M","M","?","M","?","R","M","M","T","M","?","?","?","M","R","BOSS"],"items_purchased_type":[],"build_version":"2020-12-22","purchased_purges":0,"victory":false,"max_hp_per_floor":[55,55,55,55,55,55,55,55,55,55,60,60,60,60,60,60,60],"card_choices":[{"not_picked":["Moonworks:DeployBits","Moonworks:BeyondHell"],"picked":"Moonworks:JonathanRush","floor":1.0},{"not_picked":["Moonworks:ReproductionOfRecords","Moonworks:EvilSpyWorkPreparation","Moonworks:Poppoformation"],"picked":"SKIP","floor":2.0},{"not_picked":["Moonworks:EvilSpyWorkPreparation","Moonworks:LulusLuckyEgg"],"picked":"Moonworks:StiffCrystal","floor":3.0},{"not_picked":["Moonworks:IndiscriminateFireSupport","Moonworks:UnluckyCharm"],"picked":"Moonworks:RedAndBlue","floor":4.0},{"not_picked":["Moonworks:CompletionReward","Moonworks:AngelHand","Moonworks:Assault"],"picked":"SKIP","floor":7.0},{"not_picked":["Moonworks:IndiscriminateFireSupport","Moonworks:CompletionReward"],"picked":"Moonworks:JonathanRush","floor":8},{"not_picked":["Moonworks:StiffCrystal","Moonworks:EvilSpyWorkPreparation"],"picked":"Moonworks:MiracleWalker","floor":10},{"not_picked":["Moonworks:AngelHand","Moonworks:BigMagnum"],"picked":"Moonworks:DevilHand+1","floor":13},{"not_picked":["Moonworks:LulusLuckyEgg","Moonworks:SakisCookie"],"picked":"Moonworks:CookingTime+1","floor":14}],"player_experience":1968518,"relics_obtained":[{"floor":9,"key":"Molten Egg 2"}],"event_choices":[{"damage_healed":0.0,"max_hp_gain":0.0,"max_hp_loss":0.0,"gold_gain":75.0,"event_name":"World of Goop","player_choice":"Gather Gold","floor":5.0,"gold_loss":0.0,"damage_taken":11.0},{"damage_healed":0,"gold_gain":0,"player_choice":"Donut","damage_taken":0,"max_hp_gain":5,"max_hp_loss":0,"event_name":"Big Fish","floor":11,"gold_loss":0},{"damage_healed":0,"gold_gain":0,"player_choice":"Rummage","damage_taken":0,"relics_obtained":["WarpedTongs"],"max_hp_gain":0,"max_hp_loss":0,"event_name":"Accursed Blacksmith","floor":12,"gold_loss":0,"cards_obtained":["Pain"]}],"is_beta":false,"boss_relics":[],"items_purged_floors":[],"is_endless":false,"potions_floor_spawned":[2,4,8,10,14],"killed_by":"Hexaghost","ascension_level":14}}