{"host":"yx5rao87132cy5xq","time":1614285145,"event":{"mods":["2.2 Compatiblity","AchievementEnabler","BaseMod","Bestiary","Colored Map","Colored Powertips","Highlight Path","Minty Spire (QoL Compilation)","Quick Restart","Relic Stats","Slay-I","SuperFastMode"],"gold_per_floor":[112,187,204,222,222,253,269,294,294,294,352,381,395,415,415,512,512,523,550,569,467,467,467,467],"floor_reached":23,"language":"ENG","playtime":1660,"items_purged":[],"score":300,"play_id":"823b97e1-6532-4e26-a9e5-0f7d633d0847","local_time":"20210225213225","is_ascension_mode":true,"campfire_choices":[{"floor":15.0,"key":"REST"}],"circlet_count":0,"master_deck":["Strike_G","Strike_G","Strike_G","Strike_G","Strike_G","Defend_G","Defend_G","Defend_G","Defend_G","Defend_G","Survivor","Neutralize","Die Die Die","Footwork","All Out Attack","Dagger Throw","Blade Dance","Blur","Predator","Backflip","Blur","PiercingWail","Venomology","Leg Sweep","Cloak And Dagger","Infinite Blades"],"relics":["Ring of the Snake","Juzu Bracelet","Mercury Hourglass","Pocketwatch","Ice Cream","Runic Dome","Red Mask","Blood Vial"],"acts_visited":["Exordium","TheCity"],"potions_floor_usage":[19,19,20,23,23,23],"damage_taken":[{"damage":0.0,"enemies":"Small Slimes","floor":1.0,"turns":2.0},{"damage":0.0,"enemies":"Cultist","floor":3.0,"turns":4.0},{"damage":4.0,"enemies":"Jaw Worm","floor":4.0,"turns":4.0},{"damage":13.0,"enemies":"3 Sentries","floor":6.0,"turns":5.0},{"damage":5.0,"enemies":"2 Fungi Beasts","floor":7.0,"turns":3.0},{"damage":19.0,"enemies":"Gremlin Nob","floor":8.0,"turns":4.0},{"damage":6.0,"enemies":"Lagavulin","floor":12.0,"turns":7.0},{"damage":1.0,"enemies":"Red Slaver","floor":13.0,"turns":5.0},{"damage":0.0,"enemies":"Gremlin Gang","floor":14.0,"turns":2.0},{"damage":0.0,"enemies":"Slime Boss","floor":16.0,"turns":12.0},{"damage":12.0,"enemies":"3 Byrds","floor":18.0,"turns":4.0},{"damage":14,"enemies":"Masked Bandits","floor":19,"turns":4},{"damage":4,"enemies":"Shell Parasite","floor":20,"turns":7},{"damage":32,"enemies":"Gremlin Leader","floor":23,"turns":8}],"seed_played":"6590190817786562647","potions_obtained":[{"floor":1.0,"key":"Regen Potion"},{"floor":4.0,"key":"SteroidPotion"},{"floor":7.0,"key":"Weak Potion"},{"floor":16.0,"key":"GhostInAJar"},{"floor":18.0,"key":"Swift Potion"}],"is_trial":false,"path_per_floor":["M","?","M","M","?","E","M","E","T","?","?","E","M","M","R","B",null,"M","?","M","?","?","E"],"character_chosen":"THE_SILENT","items_purchased":[],"campfire_rested":1,"item_purchase_floors":[],"current_hp_per_floor":[70,59,59,55,55,56,51,32,32,25,25,19,18,18,39,39,70,58,44,40,40,28,0,0],"gold":467,"neow_bonus":"ONE_RANDOM_RARE_CARD","is_daily":false,"chose_seed":false,"campfire_upgraded":0,"win_rate":0.0,"timestamp":1614285145,"path_taken":["M","?","M","M","?","E","M","E","T","?","?","E","M","M","R","BOSS","M","?","M","?","?","E"],"items_purchased_type":[],"build_version":"2020-12-22","purchased_purges":0,"victory":false,"max_hp_per_floor":[70,70,70,70,70,70,70,70,70,70,70,70,70,70,70,70,70,70,70,70,70,70,70,70],"relic_stats":{"Blood Vial":2,"counters":[14,69],"Juzu Bracelet":2,"obtain_stats":[{"Ice Cream":12,"Blood Vial":21,"Runic Dome":17,"Juzu Bracelet":6,"Red Mask":19,"Ring of the Snake":0,"Mercury Hourglass":8,"Pocketwatch":9},{"Ice Cream":7,"Blood Vial":13,"Runic Dome":10,"Juzu Bracelet":4,"Red Mask":12,"Ring of the Snake":0,"Mercury Hourglass":6,"Pocketwatch":6},{"Ice Cream":29,"Blood Vial":61,"Runic Dome":47,"Juzu Bracelet":15,"Red Mask":54,"Ring of the Snake":0,"Mercury Hourglass":22,"Pocketwatch":22}],"Ring of the Snake":[28],"Mercury Hourglass":[215],"Pocketwatch":[69]},"card_choices":[{"not_picked":["Caltrops","Prepared"],"picked":"Footwork","floor":1.0},{"not_picked":["Riddle With Holes","Outmaneuver"],"picked":"All Out Attack","floor":3.0},{"not_picked":["Underhanded Strike","Eviscerate"],"picked":"Dagger Throw","floor":4.0},{"not_picked":["Endless Agony","Well Laid Plans"],"picked":"Blade Dance","floor":6.0},{"not_picked":["Deadly Poison","Backstab"],"picked":"Blur","floor":7.0},{"not_picked":["Skewer","Poisoned Stab"],"picked":"Predator","floor":8.0},{"not_picked":["Endless Agony","Flying Knee"],"picked":"Backflip","floor":12.0},{"not_picked":["Deflect","Eviscerate"],"picked":"Blur","floor":13.0},{"not_picked":["Tactician","Deflect"],"picked":"PiercingWail","floor":14.0},{"not_picked":["Storm of Steel","Unload"],"picked":"Venomology","floor":16.0},{"not_picked":["Outmaneuver","Prepared+1"],"picked":"Leg Sweep","floor":18.0},{"not_picked":["Bane+1","Heel Hook"],"picked":"Cloak And Dagger","floor":19},{"not_picked":["Masterful Stab+1","Underhanded Strike"],"picked":"Infinite Blades","floor":20}],"player_experience":1194068,"relics_obtained":[{"floor":6.0,"key":"Juzu Bracelet"},{"floor":8.0,"key":"Mercury Hourglass"},{"floor":9.0,"key":"Pocketwatch"},{"floor":12.0,"key":"Ice Cream"},{"floor":19,"key":"Red Mask"}],"event_choices":[{"damage_healed":0.0,"max_hp_gain":0.0,"max_hp_loss":0.0,"gold_gain":75.0,"event_name":"World of Goop","player_choice":"Gather Gold","floor":2.0,"gold_loss":0.0,"damage_taken":11.0},{"damage_healed":0.0,"max_hp_gain":0.0,"max_hp_loss":0.0,"gold_gain":0.0,"event_name":"Scrap Ooze","player_choice":"Fled","floor":5.0,"gold_loss":0.0,"damage_taken":0.0},{"damage_healed":0.0,"max_hp_gain":0.0,"max_hp_loss":0.0,"gold_gain":0.0,"event_name":"Wheel of Change","player_choice":"Damaged","floor":10.0,"gold_loss":0.0,"damage_taken":7.0},{"damage_healed":0.0,"max_hp_gain":0.0,"max_hp_loss":0.0,"gold_gain":58.0,"event_name":"Golden Wing","player_choice":"Gained Gold","floor":11.0,"gold_loss":0.0,"damage_taken":0.0},{"damage_healed":0,"gold_gain":0,"player_choice":"Fought Bandits","damage_taken":0,"max_hp_gain":0,"max_hp_loss":0,"event_name":"Masked Bandits","floor":19,"gold_loss":0},{"damage_healed":0,"gold_gain":0,"player_choice":"Paid Gold","damage_taken":0,"relics_obtained":["Blood Vial"],"max_hp_gain":0,"max_hp_loss":0,"event_name":"WeMeetAgain","floor":21,"gold_loss":102},{"damage_healed":0,"gold_gain":0,"player_choice":"POTION ","damage_taken":12,"max_hp_gain":0,"max_hp_loss":0,"event_name":"Knowing Skull","floor":22,"potions_obtained":["DistilledChaos"],"gold_loss":0,"cards_obtained":[]}],"is_beta":false,"boss_relics":[{"not_picked":["Snecko Eye","Runic Pyramid"],"picked":"Runic Dome"}],"items_purged_floors":[],"is_endless":false,"potions_floor_spawned":[1,4,7,16,18],"killed_by":"Gremlin Leader","ascension_level":3}}