{"host":"0ke4ewd6kv0tgkyi","time":1614282024,"event":{"mods":["2.2 Compatiblity","Act Like it!","Aspiration","BaseMod","Conspire","Elementarium","Fox Events","Gensokyo","Gremlin Mod","Hallownest","Hermit","Highlight Path","Hubris","JesterMod","Menagerie","Minty Spire (QoL Compilation)","Pale of the Ancients","Permanent Neow","Quarter Circle Forward PUNCH!","Reliquary","Ruina","Shade Mod","StSLib","The Alterego","The Bug Knight","The Gatherer","The Judge","The Valiant","The Wild Card","The Witch","TheVacant","Yuri Mod","thorton"],"gold_per_floor":[119,119,152,152,169,169,198,217,217,317,90,118,118,48,48,146,146,158,158,170,70,70,70,95,95,95,125,138,63,79,79,79,177,177,192,207,226,242,62,62,76,76,101,112,112,112,19,34,34,34,34,34,34,61,61,61],"floor_reached":55,"language":"ENG","playtime":6800,"items_purged":["HollowMod:QuickDashStart","Bouncing Flask"],"score":858,"play_id":"11c9c086-acd9-40df-b763-fda9b9251ea2","local_time":"20210225114024","is_ascension_mode":true,"campfire_choices":[{"floor":6,"key":"REST"},{"floor":13,"key":"REST"},{"floor":15,"key":"RECALL"},{"floor":23,"key":"REST"},{"floor":25,"key":"REST"},{"floor":32,"key":"REST"},{"floor":40,"key":"REST"},{"floor":42,"key":"REST"},{"floor":46,"key":"REST"},{"floor":49,"key":"REST"},{"floor":52,"key":"REST"}],"circlet_count":0,"master_deck":["HollowMod:FocusHealStart+1","HollowMod:PogoStrike","HollowMod:HuntersJournal","HollowMod:BlackTendrils+1","HollowMod:GrimmsGift+1","HollowMod:SlysStrikes","HollowMod:CloakDash+1","HollowMod:RecoilStrike+1","HollowMod:Weaversong+1","HollowMod:DreamGate","HollowMod:DoubleDash+1","HollowMod:LifebloodCore+1","HollowMod:CloakDash","HollowMod:CoiledNail+1","Eviscerate","Choke+1","HollowMod:HuntersJournal","HollowMod:BlackTendrils+1","HollowMod:GrimmsGift+1","HollowMod:MantisMark+1","HollowMod:HornetsHelp+1","HollowMod:CloakDash+1","HollowMod:HornetsHelp+1","HollowMod:ShapeofUnn+1","Panache+1","Swift Strike","HollowMod:DoubleDash+1"],"relics":["Fusion Hammer","Strawberry","qcfpunch:Fighting_Gloves","Bottled Flame","hubris:PeanutButter","TheAbacus","reliquary:PartyBalloon","Pandora\u0027s Box","aspiration:FrozenJewel","aspiration:StickyExplosives_weak","Elementarium:ElementariumTrophy","Philosopher\u0027s Stone","aspiration:HiddenCompartment","hubris:MysteriousPyramids"],"acts_visited":["Exordium","Gensokyo:Gensokyo","Elementarium:Elementarium","TheEnding"],"potions_floor_usage":[3,24,33,33,50,50,55,55],"damage_taken":[{"damage":0,"enemies":"Gensokyo:2_Kodama","floor":1,"turns":3},{"damage":11,"enemies":"conspire:MimicChest","floor":3,"turns":3},{"damage":0,"enemies":"Gensokyo:Python","floor":5,"turns":2},{"damage":16,"enemies":"Gensokyo:Mamizou","floor":7,"turns":7},{"damage":6,"enemies":"Gensokyo:Gryphon","floor":8,"turns":3},{"damage":14,"enemies":"Gensokyo:Cirno","floor":12,"turns":9},{"damage":10,"enemies":"Gensokyo:Yukari","floor":16,"turns":14},{"damage":0,"enemies":"Elementarium:MUD_AND_TAR_GOLEMS","floor":18,"turns":4},{"damage":0,"enemies":"Elementarium:2_ELEMENTALS","floor":20,"turns":3},{"damage":13,"enemies":"Elementarium:FIRE_NOBILITY","floor":24,"turns":6},{"damage":4,"enemies":"Elementarium:WarGolem","floor":27,"turns":3},{"damage":0,"enemies":"Elementarium:Hydrostalker","floor":28,"turns":5},{"damage":11,"enemies":"Elementarium:VoidBeast","floor":30,"turns":4},{"damage":0,"enemies":"Elementarium:GolemEmperor","floor":33,"turns":5},{"damage":11,"enemies":"Hallownest:Shield_Heavy","floor":35,"turns":3},{"damage":25,"enemies":"Hallownest:3_Siblings","floor":36,"turns":4},{"damage":0,"enemies":"Hallownest:Shield_Sturdy","floor":37,"turns":4},{"damage":14,"enemies":"Hallownest:2_Soldiers_and_1_Guardian","floor":38,"turns":4},{"damage":3,"enemies":"Hallownest:Slobbering_and_Violent","floor":41,"turns":4},{"damage":5,"enemies":"Hallownest:monsterPrimalAspid","floor":44,"turns":3},{"damage":0,"enemies":"Hallownest:2_Soldiers_and_1_Guardian","floor":48,"turns":3},{"damage":0,"enemies":"Hallownest:Radiance","floor":50,"turns":7},{"damage":57,"enemies":"Shield and Spear","floor":54,"turns":6},{"damage":74,"enemies":"The Heart","floor":55,"turns":5}],"seed_played":"-856738208444073427","potions_obtained":[{"floor":1,"key":"Fire Potion"},{"floor":5,"key":"Swift Potion"},{"floor":12,"key":"DuplicationPotion"},{"floor":18,"key":"DuplicationPotion"},{"floor":20,"key":"AttackPotion"},{"floor":30,"key":"PowerPotion"},{"floor":35,"key":"Regen Potion"},{"floor":37,"key":"EssenceOfSteel"},{"floor":38,"key":"Dexterity Potion"},{"floor":48,"key":"Weak Potion"},{"floor":54,"key":"LiquidMemories"}],"is_trial":false,"path_per_floor":["M","?","?","?","M","R","E","M","T","?","$","E","R","?","R","B",null,"M","?","M","$","?","R","E","R","T","E","M","?","M","?","R","B",null,"M","M","M","M","$","R","M","R","T","M","?","R","$","M","R","B",null,"R","$","E","B"],"character_chosen":"THE_BUGKNIGHT","items_purchased":["TheAbacus","Panache","Swift Strike"],"campfire_rested":10,"item_purchase_floors":[11,39,47],"current_hp_per_floor":[75,72,61,61,63,82,69,65,65,65,65,53,77,77,77,74,82,82,82,82,82,67,87,87,87,87,83,87,92,87,87,92,92,92,86,74,83,88,88,92,92,92,92,92,92,92,92,92,92,92,92,92,92,44,0,0],"gold":61,"neow_bonus":"BOSS_RELIC","is_daily":false,"chose_seed":false,"campfire_upgraded":0,"win_rate":0.0,"timestamp":1614282024,"path_taken":["M","?","?","?","M","R","E","M","T","?","$","E","R","?","R","BOSS","M","?","M","?","?","R","E","R","T","E","?","?","M","?","R","BOSS","M","M","?","M","$","R","?","R","T","M","?","R","$","M","R","BOSS","R","$","E","BOSS"],"items_purchased_type":["Relic","Card","Card"],"build_version":"2020-12-22","purchased_purges":2,"victory":false,"max_hp_per_floor":[75,82,82,82,82,82,82,82,82,82,82,82,82,82,82,82,82,82,82,82,82,87,87,87,87,87,87,87,92,92,92,92,92,92,92,92,92,92,92,92,92,92,92,92,92,92,92,92,92,92,92,92,92,92,92,92],"card_choices":[{"not_picked":["HollowMod:SoulVessel","HollowMod:NewJinnsSoul"],"picked":"HollowMod:HuntersJournal","floor":1},{"not_picked":["HollowMod:LifebloodCocoon","HollowMod:VengefulVoid"],"picked":"HollowMod:BlackTendrils","floor":3},{"not_picked":["HollowMod:NewLittleFool","HollowMod:GreatSlash"],"picked":"HollowMod:GrimmsGift","floor":5},{"not_picked":["HollowMod:GoodIntentions","HollowMod:VengefulVoid"],"picked":"HollowMod:SlysStrikes","floor":7},{"not_picked":["HollowMod:WraithStrike","HollowMod:DescendingDark"],"picked":"HollowMod:CloakDash","floor":8},{"not_picked":["HollowMod:GrimmsGift","HollowMod:WraithStrike"],"picked":"HollowMod:RecoilStrike","floor":12},{"not_picked":["HollowMod:PureVessel","HollowMod:HerrahsAnger"],"picked":"HollowMod:Weaversong","floor":16},{"not_picked":["HollowMod:DoubleDash+1","HollowMod:SoulShaman"],"picked":"HollowMod:CoiledNail","floor":18},{"not_picked":["HollowMod:DoubleDash","HollowMod:PureNailStrike","HollowMod:CornifersMapStart"],"picked":"SKIP","floor":20},{"not_picked":["HollowMod:CloakDash","HollowMod:HowlingWraiths"],"picked":"HollowMod:HuntersJournal","floor":24},{"not_picked":["HollowMod:InfectedCysts","HollowMod:AbyssShriek+1"],"picked":"HollowMod:BlackTendrils+1","floor":27},{"not_picked":["HollowMod:SoulSplash","HollowMod:HowlingWraiths+1"],"picked":"HollowMod:GrimmsGift+1","floor":28},{"not_picked":["HollowMod:NewLittleFool","HollowMod:InfectedAttack"],"picked":"HollowMod:MantisMark","floor":30},{"not_picked":["HollowMod:MidwifesHunger","HollowMod:ElderbugsWisdom"],"picked":"HollowMod:HornetsHelp","floor":33},{"not_picked":["HollowMod:InfectedAttack","HollowMod:DashSlash"],"picked":"HollowMod:CloakDash+1","floor":35},{"not_picked":["HollowMod:TaintedHusks+1","HollowMod:PureNailStrike+1"],"picked":"HollowMod:HornetsHelp","floor":36},{"not_picked":["HollowMod:MantisMark","HollowMod:CornifersMapStart"],"picked":"HollowMod:ShapeofUnn+1","floor":37},{"not_picked":["HollowMod:SoulSplash","HollowMod:InfectedAttack+1","HollowMod:CornifersMapStart+1"],"picked":"SKIP","floor":38},{"not_picked":["HollowMod:LifebloodCocoon","HollowMod:VengefulSpirit+1","HollowMod:NewJinnsSoul"],"picked":"SKIP","floor":41},{"not_picked":["HollowMod:SiblingsSouls","HollowMod:HowlingWraiths","HollowMod:InfectedAttack"],"picked":"SKIP","floor":44},{"not_picked":["HollowMod:CornifersMapStart","HollowMod:InfectedAttack","HollowMod:DashSlash"],"picked":"SKIP","floor":48},{"not_picked":["HollowMod:DreamGate","HollowMod:DungDefenderAura+1"],"picked":"HollowMod:DoubleDash+1","floor":54}],"player_experience":1070686,"relics_obtained":[{"floor":3,"key":"qcfpunch:Fighting_Gloves"},{"floor":7,"key":"Bottled Flame"},{"floor":9,"key":"hubris:PeanutButter"},{"floor":12,"key":"reliquary:PartyBalloon"},{"floor":24,"key":"aspiration:FrozenJewel"},{"floor":27,"key":"aspiration:StickyExplosives_weak"},{"floor":43,"key":"aspiration:HiddenCompartment"},{"floor":54,"key":"hubris:MysteriousPyramids"}],"event_choices":[{"damage_healed":0,"gold_gain":0,"player_choice":"Sacrifice","damage_taken":20,"max_hp_gain":5,"max_hp_loss":0,"event_name":"Elementarium:RadiantAltar","floor":22,"gold_loss":0},{"damage_healed":0,"gold_gain":0,"player_choice":"Leave","damage_taken":0,"max_hp_gain":0,"max_hp_loss":0,"event_name":"conspire:Investor","floor":31,"gold_loss":0}],"is_beta":false,"boss_relics":[{"not_picked":["Sozu","hubris:Backtick"],"picked":"Pandora\u0027s Box"},{"not_picked":["conspire:SeveredTorchhead","reliquary:KinkedSpring"],"picked":"Philosopher\u0027s Stone"}],"items_purged_floors":[11,21],"is_endless":false,"potions_floor_spawned":[1,5,12,18,20,30,35,37,38,48,54],"killed_by":"The Heart","ascension_level":2}}