{"host":"IMPacifista","time":1614239602,"event":{"mods":["BaseMod","Minty Spire (QoL Compilation)"],"gold_per_floor":[110,125,47,65,65,99,110,110,110,110,170,185,235,261,261,364,364,374,404,465,476,31,31,31],"floor_reached":23,"language":"ENG","playtime":1797,"items_purged":[],"score":291,"play_id":"85835fab-57f3-44e4-8825-59d63e6155a4","local_time":"20210224235322","is_ascension_mode":true,"campfire_choices":[{"floor":8,"key":"REST"},{"floor":15,"key":"REST"}],"circlet_count":0,"master_deck":["Strike_R","Strike_R","Strike_R","Strike_R","Strike_R","Defend_R","Defend_R","Defend_R","Defend_R","Bash","Anger","Thunderclap","Metallicize","Carnage","Sword Boomerang","Metallicize","Cleave","Impervious+1","Armaments+1","Ghostly Armor+1"],"relics":["Burning Blood","Gambling Chip","SsserpentHead","Bottled Tornado","Pocketwatch","Toxic Egg 2","Mango","Philosopher\u0027s Stone","Vajra","Turnip"],"acts_visited":["Exordium","TheCity"],"potions_floor_usage":[16],"damage_taken":[{"damage":0,"enemies":"Small Slimes","floor":1,"turns":3},{"damage":1,"enemies":"Cultist","floor":2,"turns":4},{"damage":2,"enemies":"2 Louse","floor":4,"turns":3},{"damage":45,"enemies":"Lagavulin","floor":6,"turns":8},{"damage":16,"enemies":"Exordium Wildlife","floor":7,"turns":6},{"damage":0,"enemies":"Large Slime","floor":11,"turns":4},{"damage":32,"enemies":"3 Sentries","floor":14,"turns":8},{"damage":66,"enemies":"Hexaghost","floor":16,"turns":10},{"damage":23,"enemies":"Shell Parasite","floor":18,"turns":5},{"damage":14,"enemies":"Spheric Guardian","floor":20,"turns":5},{"damage":19,"enemies":"Snake Plant","floor":21,"turns":5},{"damage":46,"enemies":"Book of Stabbing","floor":23,"turns":6}],"seed_played":"7169398718781034633","potions_obtained":[{"floor":1,"key":"Strength Potion"},{"floor":2,"key":"LiquidMemories"},{"floor":18,"key":"Weak Potion"},{"floor":19,"key":"DistilledChaos"}],"is_trial":false,"path_per_floor":["M","M","$","M","?","E","M","R","T","$","M","?","T","E","R","B",null,"M","?","M","M","$","E"],"character_chosen":"IRONCLAD","items_purchased":["Metallicize","Vajra","Turnip"],"campfire_rested":2,"item_purchase_floors":[3,22,22],"current_hp_per_floor":[72,72,72,72,72,33,23,44,44,44,50,68,68,56,81,21,70,53,53,45,32,32,0,0],"gold":31,"neow_bonus":"ONE_RARE_RELIC","is_daily":false,"chose_seed":false,"campfire_upgraded":0,"win_rate":0.0,"timestamp":1614239602,"path_taken":["M","M","$","M","?","E","M","R","T","$","?","?","?","E","R","BOSS","M","?","?","M","$","E"],"items_purchased_type":["Card","Relic","Relic"],"build_version":"2020-12-18","purchased_purges":0,"victory":false,"max_hp_per_floor":[72,72,72,72,72,72,72,72,72,72,72,72,72,86,86,86,86,86,86,86,86,86,86,86],"card_choices":[{"not_picked":["Headbutt","Perfected Strike"],"picked":"Anger","floor":1},{"not_picked":["Iron Wave","Anger"],"picked":"Thunderclap","floor":2},{"not_picked":["Intimidate","Infernal Blade","True Grit"],"picked":"SKIP","floor":4},{"not_picked":["Sever Soul","Armaments"],"picked":"Carnage","floor":6},{"not_picked":["Body Slam","Pommel Strike"],"picked":"Sword Boomerang","floor":7},{"not_picked":["True Grit","Headbutt"],"picked":"Metallicize","floor":11},{"not_picked":["Fire Breathing","Sentinel+1"],"picked":"Cleave","floor":14},{"not_picked":["Juggernaut","Offering+1"],"picked":"Impervious+1","floor":16},{"not_picked":["Blood for Blood","Clash"],"picked":"Armaments+1","floor":18},{"not_picked":["Wild Strike","Sever Soul+1"],"picked":"Ghostly Armor+1","floor":20},{"not_picked":["True Grit+1","Burning Pact+1","Feel No Pain"],"picked":"SKIP","floor":21}],"player_experience":348407,"relics_obtained":[{"floor":6,"key":"Bottled Tornado"},{"floor":9,"key":"Pocketwatch"},{"floor":13,"key":"Toxic Egg 2"},{"floor":14,"key":"Mango"}],"event_choices":[{"damage_healed":0,"gold_gain":0,"player_choice":"Trade","damage_taken":0,"relics_obtained":["SsserpentHead"],"max_hp_gain":0,"max_hp_loss":0,"event_name":"FaceTrader","floor":5,"gold_loss":0},{"damage_healed":18,"gold_gain":0,"player_choice":"Healed","damage_taken":0,"max_hp_gain":0,"max_hp_loss":0,"event_name":"The Cleric","floor":12,"gold_loss":35},{"damage_healed":0,"gold_gain":0,"player_choice":"Bought 1 Potion","damage_taken":0,"max_hp_gain":0,"max_hp_loss":0,"event_name":"The Woman in Blue","floor":19,"gold_loss":0}],"is_beta":true,"boss_relics":[{"not_picked":["Snecko Eye","Cursed Key"],"picked":"Philosopher\u0027s Stone"}],"items_purged_floors":[],"is_endless":false,"potions_floor_spawned":[1,2,18,20],"killed_by":"Book of Stabbing","ascension_level":9}}