{"host":"phy652c7lim9lcu2","time":1614250932,"event":{"mods":["BaseMod","Colored Powertips","Googly Eyes","Minty Spire (QoL Compilation)","Relic Stats","Spicy Shops","StSLib","everything is the same but u backflip on backflip"],"gold_per_floor":[113,38,50,68,218,252,252,12,12,12,31,45,63,9,9,82,82,99,16,16,16,35,63,63,63,63],"floor_reached":25,"language":"ENG","playtime":643,"items_purged":["Doubt"],"score":409,"play_id":"71a82ca9-0bdb-44c7-9c7b-613fa15fda3d","local_time":"20210225210212","is_ascension_mode":true,"campfire_choices":[{"data":"Bash","floor":7.0,"key":"SMITH"},{"data":"Whirlwind","floor":10.0,"key":"SMITH"},{"data":"Dual Wield","floor":15.0,"key":"SMITH"},{"data":"Limit Break","floor":24.0,"key":"SMITH"}],"circlet_count":0,"master_deck":["AscendersBane","Strike_R","Strike_R","Strike_R","Strike_R","Defend_R","Defend_R","Defend_R","Bash+1","Dropkick","Reaper","Clothesline","Spot Weakness","Pummel","Twin Strike","Dual Wield+1","Whirlwind+1","Sword Boomerang","Spot Weakness","Sword Boomerang","Limit Break+1","Uppercut","Limit Break","Clothesline+1"],"relics":["Burning Blood","Mercury Hourglass","Anchor","Busted Crown","Nilry\u0027s Codex","Blue Candle"],"acts_visited":["TheCity"],"potions_floor_usage":[25],"damage_taken":[{"damage":7.0,"enemies":"Jaw Worm","floor":1.0,"turns":3.0},{"damage":10.0,"enemies":"Small Slimes","floor":3.0,"turns":5.0},{"damage":5.0,"enemies":"Cultist","floor":4.0,"turns":4.0},{"damage":47.0,"enemies":"Lagavulin","floor":6.0,"turns":8.0},{"damage":0.0,"enemies":"2 Fungi Beasts","floor":11.0,"turns":1.0},{"damage":0.0,"enemies":"Gremlin Gang","floor":12.0,"turns":1.0},{"damage":4.0,"enemies":"Lots of Slimes","floor":13.0,"turns":3.0},{"damage":40.0,"enemies":"Slime Boss","floor":16.0,"turns":9.0},{"damage":17.0,"enemies":"Shell Parasite","floor":18.0,"turns":4.0},{"damage":3.0,"enemies":"3 Byrds","floor":22.0,"turns":3.0},{"damage":37.0,"enemies":"Slavers","floor":23.0,"turns":4.0},{"damage":29,"enemies":"Cultist and Chosen","floor":25,"turns":3}],"seed_played":"-9209626866294287107","potions_obtained":[{"floor":3.0,"key":"SkillPotion"},{"floor":11.0,"key":"Regen Potion"},{"floor":23.0,"key":"Swift Potion"}],"is_trial":false,"path_per_floor":["M","?","M","M","?","E","R","$","T","R","M","M","M","$","R","B",null,"M","$","?","?","M","E","R","M"],"character_chosen":"IRONCLAD","items_purchased":["Dual Wield","Whirlwind","AttackPotion","Uppercut"],"campfire_rested":0,"item_purchase_floors":[8,8,14,19],"current_hp_per_floor":[73,73,69,70,70,29,29,29,29,29,35,41,43,43,43,58,71,60,60,39,39,42,23,23,0,0],"gold":63,"neow_bonus":"TRANSFORM_TWO_CARDS","is_daily":false,"chose_seed":false,"campfire_upgraded":4,"win_rate":0.0,"timestamp":1614250932,"path_taken":["M","?","M","M","?","E","R","$","T","R","M","M","M","$","R","BOSS","M","$","?","?","M","E","R","M"],"items_purchased_type":["Card","Card","Potion","Card"],"build_version":"2020-12-22","purchased_purges":1,"victory":false,"max_hp_per_floor":[75,75,75,75,75,75,75,75,75,75,75,75,75,75,75,75,75,75,75,75,75,75,75,75,75,75],"relic_stats":{"Busted Crown":6,"counters":[12,47],"Blue Candle":[0],"obtain_stats":[{"Anchor":9,"Busted Crown":17,"Nilry\u0027s Codex":20,"Blue Candle":23,"Burning Blood":0,"Mercury Hourglass":6},{"Anchor":4,"Busted Crown":8,"Nilry\u0027s Codex":9,"Blue Candle":11,"Burning Blood":0,"Mercury Hourglass":4},{"Anchor":20,"Busted Crown":34,"Nilry\u0027s Codex":38,"Blue Candle":44,"Burning Blood":0,"Mercury Hourglass":20}],"Burning Blood":66,"Mercury Hourglass":[166]},"card_choices":[{"not_picked":["Pummel","Seeing Red"],"picked":"Clothesline","floor":1.0},{"not_picked":["Thunderclap","Iron Wave"],"picked":"Spot Weakness","floor":3.0},{"not_picked":["Havoc","Warcry"],"picked":"Pummel","floor":4.0},{"not_picked":["Flame Barrier","Exhume"],"picked":"Twin Strike","floor":6.0},{"not_picked":["Flame Barrier","Twin Strike"],"picked":"Sword Boomerang","floor":11.0},{"not_picked":["Rage","Pommel Strike"],"picked":"Spot Weakness","floor":12.0},{"not_picked":["Clothesline","Heavy Blade"],"picked":"Sword Boomerang","floor":13.0},{"not_picked":["Fiend Fire","Corruption"],"picked":"Limit Break","floor":16.0},{"not_picked":["Anger"],"picked":"SKIP","floor":18.0},{"not_picked":["Iron Wave"],"picked":"SKIP","floor":22.0},{"not_picked":[],"picked":"Clothesline+1","floor":23.0}],"player_experience":369312,"relics_obtained":[{"floor":6.0,"key":"Mercury Hourglass"},{"floor":9.0,"key":"Anchor"},{"floor":20.0,"key":"Nilry\u0027s Codex"},{"floor":23.0,"key":"Blue Candle"}],"event_choices":[{"cards_removed":["Normality"],"damage_healed":0.0,"max_hp_gain":0.0,"max_hp_loss":0.0,"gold_gain":0.0,"event_name":"The Cleric","player_choice":"Card Removal","floor":2.0,"gold_loss":75.0,"damage_taken":0.0},{"damage_healed":0.0,"max_hp_gain":0.0,"max_hp_loss":0.0,"gold_gain":150.0,"event_name":"Liars Game","player_choice":"AGREE","floor":5.0,"gold_loss":0.0,"damage_taken":0.0,"cards_obtained":["Doubt"]},{"damage_healed":0.0,"max_hp_gain":0.0,"max_hp_loss":0.0,"gold_gain":0.0,"event_name":"Cursed Tome","player_choice":"Obtained Book","floor":20.0,"gold_loss":0.0,"damage_taken":21.0},{"damage_healed":0.0,"max_hp_gain":0.0,"max_hp_loss":0.0,"gold_gain":0.0,"event_name":"Duplicator","player_choice":"Copied","floor":21.0,"gold_loss":0.0,"damage_taken":0.0,"cards_obtained":["Limit Break"]}],"is_beta":false,"boss_relics":[{"not_picked":["Sozu","Calling Bell"],"picked":"Busted Crown"}],"items_purged_floors":[8],"is_endless":false,"potions_floor_spawned":[3,11,23],"killed_by":"Cultist and Chosen","ascension_level":17}}