{"host":"0ghi9uxs64f8c30g","time":1614280974,"event":{"mods":["BaseMod","Minty Spire (QoL Compilation)","StSLib"],"gold_per_floor":[115,190,204,204,154,154,195,195,218,254,254,267,283,303,303,431,431,415,439,163,163,163,163,204,204,204,240,254,272,141,160,160,284,284,298,321,321,321,341,374,374,374,397,347,361,361,394,413,413,413],"floor_reached":51,"language":"ENG","playtime":3628,"items_purged":["Strike_G","Strike_G","Strike_G"],"score":811,"play_id":"7fd09f60-5cd5-49fc-bc26-92b9e70556ff","local_time":"20210225202254","is_ascension_mode":true,"campfire_choices":[{"data":"Footwork","floor":6.0,"key":"SMITH"},{"floor":8.0,"key":"REST"},{"floor":11.0,"key":"REST"},{"floor":15.0,"key":"REST"},{"floor":23,"key":"REST"},{"data":"Backflip","floor":25,"key":"SMITH"},{"floor":32,"key":"REST"},{"floor":41,"key":"REST"},{"data":"Masterful Stab","floor":46,"key":"SMITH"},{"data":"Flying Knee","floor":49,"key":"SMITH"}],"circlet_count":0,"master_deck":["Defend_G+1","Defend_G","Defend_G","Defend_G+1","Defend_G","Survivor","Neutralize","Footwork+1","Flying Knee+1","Backstab","Dodge and Roll","Sucker Punch","Blur","All Out Attack+1","Adrenaline","Distraction","Footwork+1","Dramatic Entrance","Backflip+1","Crippling Poison+1","Dagger Throw+1","Backstab","Backflip","Adrenaline","Violence","Dagger Spray+1","Sucker Punch+1","Masterful Stab+1","Flying Knee+1"],"relics":["Ring of the Snake","War Paint","Golden Idol","TungstenRod","Nunchaku","Smiling Mask","Black Star","MealTicket","Paper Crane","Turnip","Bottled Lightning","Mercury Hourglass","Bag of Marbles","Sozu","Regal Pillow","Prayer Wheel","Shuriken","Vajra","The Courier","Snake Skull"],"acts_visited":["Exordium","TheCity","TheBeyond"],"potions_floor_usage":[16,16,24,27,33],"damage_taken":[{"damage":1.0,"enemies":"Jaw Worm","floor":1.0,"turns":5.0},{"damage":0.0,"enemies":"2 Louse","floor":3.0,"turns":3.0},{"damage":34.0,"enemies":"Lagavulin","floor":7.0,"turns":16.0},{"damage":23.0,"enemies":"Gremlin Nob","floor":10.0,"turns":6.0},{"damage":0.0,"enemies":"Small Slimes","floor":12.0,"turns":4.0},{"damage":3.0,"enemies":"Looter","floor":13.0,"turns":3.0},{"damage":1.0,"enemies":"Lots of Slimes","floor":14.0,"turns":7.0},{"damage":6,"enemies":"The Guardian","floor":16,"turns":10},{"damage":6,"enemies":"2 Thieves","floor":18,"turns":4},{"damage":11,"enemies":"Spheric Guardian","floor":19,"turns":9},{"damage":7,"enemies":"Slavers","floor":24,"turns":13},{"damage":26,"enemies":"Book of Stabbing","floor":27,"turns":11},{"damage":20,"enemies":"Cultist and Chosen","floor":28,"turns":7},{"damage":0,"enemies":"Snecko","floor":29,"turns":5},{"damage":0,"enemies":"Centurion and Healer","floor":31,"turns":6},{"damage":16,"enemies":"Collector","floor":33,"turns":16},{"damage":5,"enemies":"3 Shapes","floor":35,"turns":4},{"damage":0,"enemies":"3 Darklings","floor":36,"turns":3},{"damage":0,"enemies":"Jaw Worm Horde","floor":39,"turns":3},{"damage":21,"enemies":"Nemesis","floor":40,"turns":7},{"damage":0,"enemies":"4 Shapes","floor":45,"turns":1},{"damage":8,"enemies":"Reptomancer","floor":47,"turns":3},{"damage":0,"enemies":"Sphere and 2 Shapes","floor":48,"turns":2},{"damage":11,"enemies":"Donu and Deca","floor":50,"turns":12}],"seed_played":"58967388681620572","potions_obtained":[{"floor":1.0,"key":"Swift Potion"},{"floor":7.0,"key":"DistilledChaos"},{"floor":12.0,"key":"Energy Potion"},{"floor":13.0,"key":"ColorlessPotion"},{"floor":19,"key":"CunningPotion"},{"floor":24,"key":"Dexterity Potion"},{"floor":28,"key":"Dexterity Potion"},{"floor":33,"key":"Energy Potion"}],"is_trial":false,"path_per_floor":["M","?","M","?","?","R","E","R","T","E","R","M","M","M","R","B",null,"M","M","$","?","?","R","E","R","T","E","M","M","$","M","R","B",null,"M","M","?","?","M","E","R","?","T","$","M","R","E","M","R","B",null],"character_chosen":"THE_SILENT","items_purchased":["MealTicket","Dramatic Entrance","Backstab"],"campfire_rested":6,"item_purchase_floors":[20,20,30],"current_hp_per_floor":[69,58,58,58,58,58,24,43,43,20,39,39,36,35,54,48,65,59,48,48,48,48,65,58,58,58,32,12,12,27,27,46,30,65,60,60,60,60,60,39,65,65,65,65,65,65,57,57,57,46],"gold":413,"neow_bonus":"RANDOM_COMMON_RELIC","is_daily":false,"chose_seed":false,"campfire_upgraded":4,"win_rate":0.0,"timestamp":1614280974,"path_taken":["M","?","M","?","?","R","E","R","T","E","R","M","M","M","R","BOSS","M","M","$","?","?","R","E","R","T","E","?","M","$","M","R","BOSS","M","M","?","?","?","E","R","?","T","$","M","R","E","?","R","BOSS"],"items_purchased_type":["Relic","Card","Card"],"build_version":"2020-12-22","purchased_purges":3,"victory":true,"max_hp_per_floor":[70,70,70,65,65,65,65,65,65,65,65,65,65,65,65,65,65,65,65,65,65,65,65,65,65,65,65,65,65,65,65,65,65,65,65,65,65,65,65,65,65,65,65,65,65,65,65,65,65,65],"card_choices":[{"not_picked":["Well Laid Plans","Deadly Poison"],"picked":"Footwork","floor":1.0},{"not_picked":["Quick Slash","Dodge and Roll"],"picked":"Flying Knee","floor":3.0},{"not_picked":["Flying Knee","Finisher"],"picked":"Backstab","floor":7.0},{"not_picked":["Prepared","Adrenaline"],"picked":"Dodge and Roll","floor":10.0},{"not_picked":["Underhanded Strike","Blade Dance"],"picked":"Sucker Punch","floor":12.0},{"not_picked":["Quick Slash","Heel Hook"],"picked":"Blur","floor":13.0},{"not_picked":["Deadly Poison","Sucker Punch"],"picked":"All Out Attack","floor":14.0},{"not_picked":["Wraith Form v2","Storm of Steel"],"picked":"Adrenaline","floor":16},{"not_picked":["Deadly Poison","Poisoned Stab"],"picked":"Distraction","floor":18},{"not_picked":["PiercingWail","Poisoned Stab"],"picked":"Footwork+1","floor":19},{"not_picked":["Leg Sweep","Predator"],"picked":"Backflip","floor":24},{"not_picked":["Prepared","Skewer","Flechettes"],"picked":"SKIP","floor":27},{"not_picked":["Noxious Fumes","Outmaneuver"],"picked":"Crippling Poison+1","floor":28},{"not_picked":["Poisoned Stab","Bouncing Flask"],"picked":"Dagger Throw+1","floor":29},{"not_picked":["Catalyst","Skewer+1"],"picked":"Backflip","floor":31},{"not_picked":["Glass Knife","Phantasmal Killer"],"picked":"Adrenaline","floor":33},{"not_picked":["Deflect+1","Accuracy+1","Cloak And Dagger+1"],"picked":"SKIP","floor":35},{"not_picked":["Blade Dance+1","Noxious Fumes+1"],"picked":"Outmaneuver","floor":36},{"not_picked":["Finesse","Enlightenment"],"picked":"Violence","floor":37},{"not_picked":["Dodge and Roll+1","Dagger Throw"],"picked":"Dagger Spray+1","floor":39},{"not_picked":["Venomology","Riddle With Holes+1"],"picked":"Sucker Punch+1","floor":40},{"not_picked":["Acrobatics","Quick Slash"],"picked":"Masterful Stab","floor":45},{"not_picked":["Deadly Poison","Bane","Noxious Fumes"],"picked":"SKIP","floor":45},{"not_picked":["Deadly Poison","Dodge and Roll","Sucker Punch"],"picked":"SKIP","floor":47},{"not_picked":["Backflip+1","Slice"],"picked":"Flying Knee+1","floor":48},{"not_picked":["Heel Hook+1","Grand Finale","Dagger Throw"],"picked":"SKIP","floor":48}],"player_experience":216736,"relics_obtained":[{"floor":7.0,"key":"TungstenRod"},{"floor":9.0,"key":"Nunchaku"},{"floor":10.0,"key":"Smiling Mask"},{"floor":24,"key":"Paper Crane"},{"floor":24,"key":"Turnip"},{"floor":26,"key":"Bottled Lightning"},{"floor":27,"key":"Mercury Hourglass"},{"floor":27,"key":"Bag of Marbles"},{"floor":40,"key":"Regal Pillow"},{"floor":40,"key":"Prayer Wheel"},{"floor":43,"key":"Vajra"},{"floor":47,"key":"The Courier"},{"floor":47,"key":"Snake Skull"}],"event_choices":[{"damage_healed":0.0,"max_hp_gain":0.0,"max_hp_loss":0.0,"gold_gain":75.0,"event_name":"World of Goop","player_choice":"Gather Gold","floor":2.0,"gold_loss":0.0,"damage_taken":11.0},{"damage_healed":0.0,"max_hp_gain":0.0,"max_hp_loss":5.0,"gold_gain":0.0,"event_name":"Golden Idol","player_choice":"Lose Max HP","floor":4.0,"gold_loss":0.0,"damage_taken":0.0,"relics_obtained":["Golden Idol"]},{"cards_removed":["Strike_G"],"damage_healed":0.0,"max_hp_gain":0.0,"max_hp_loss":0.0,"gold_gain":0.0,"event_name":"The Cleric","player_choice":"Card Removal","floor":5.0,"gold_loss":50.0,"damage_taken":0.0},{"damage_healed":0,"gold_gain":0,"player_choice":"Ignored","damage_taken":0,"max_hp_gain":0,"max_hp_loss":0,"event_name":"Ghosts","floor":21,"gold_loss":0},{"damage_healed":0,"gold_gain":0,"player_choice":"Upgraded","damage_taken":0,"max_hp_gain":0,"max_hp_loss":0,"event_name":"Upgrade Shrine","floor":22,"gold_loss":0,"cards_upgraded":["All Out Attack"]},{"damage_healed":0,"gold_gain":0,"player_choice":"Memory 1","damage_taken":0,"max_hp_gain":0,"max_hp_loss":0,"event_name":"SensoryStone","floor":37,"gold_loss":0},{"cards_removed":["Strike_G"],"damage_healed":0,"gold_gain":0,"player_choice":"Offered Basic","damage_taken":0,"max_hp_gain":0,"max_hp_loss":0,"event_name":"Bonfire Elementals","floor":38,"gold_loss":0},{"cards_removed":["Outmaneuver"],"damage_healed":0,"gold_gain":0,"player_choice":"Gave Card","damage_taken":0,"relics_obtained":["Shuriken"],"max_hp_gain":0,"max_hp_loss":0,"event_name":"WeMeetAgain","floor":42,"gold_loss":0}],"is_beta":false,"boss_relics":[{"not_picked":["Snecko Eye","Runic Pyramid"],"picked":"Black Star"},{"not_picked":["Calling Bell","Busted Crown"],"picked":"Sozu"}],"items_purged_floors":[20,30,44],"is_endless":false,"potions_floor_spawned":[1,7,12,13,19,24,28,33,36,40,45,47],"ascension_level":3}}