{"host":"gzz35fplm60aw28t","time":1614270336,"event":{"mods":["AchievementEnabler","BaseMod","Colored Powertips","DeckTracker","Minty Spire (QoL Compilation)","SuperFastMode"],"gold_per_floor":[110,121,131,141,160,160,193,193,239,239,267,280,313,327,327,426,426,441,455,471,488,82,111,74,74,74,90,122,122,136,171,171,268,268,288,302,302,302,302,302,327,327,350,380,380,405,405,423,423,423],"floor_reached":51,"language":"ENG","playtime":2764,"items_purged":["WreathOfFlame+1"],"score":908,"play_id":"fef1133a-cf3a-4067-93b1-674a7203e5dc","local_time":"20210225172536","is_ascension_mode":true,"campfire_choices":[{"data":"WindmillStrike","floor":6.0,"key":"SMITH"},{"data":"DevaForm","floor":15.0,"key":"SMITH"},{"floor":25.0,"key":"REST"},{"floor":32.0,"key":"REST"},{"data":"Fasting2","floor":40.0,"key":"SMITH"},{"data":"SandsOfTime","floor":42.0,"key":"SMITH"},{"data":"Adaptation","floor":45,"key":"SMITH"},{"floor":49,"key":"REST"}],"circlet_count":0,"master_deck":["Strike_P","Strike_P","Defend_P","Defend_P","Eruption","Vigilance","Consecrate","CarveReality","WindmillStrike+1","DevaForm+1","PathToVictory","Halt","JustLucky","Ragnarok+1","Pray+1","Halt+1","Halt","TalkToTheHand+1","Adaptation+1","SandsOfTime+1","Judgement","Fasting2+1","ClearTheMind+1","CutThroughFate","MasterReality+1","JustLucky+1","Perseverance+1","Enlightenment+1","Shame","Swivel+1","CutThroughFate","Tantrum"],"relics":["Runic Pyramid","Anchor","PreservedInsect","Orichalcum","Question Card","Boot","Astrolabe","Pantograph","Pear","Bottled Flame","Regal Pillow","Toxic Egg 2","Cursed Key","MealTicket","Art of War","Whetstone","Frozen Egg 2"],"acts_visited":["Exordium","TheCity","TheBeyond"],"potions_floor_usage":[44,46,50],"damage_taken":[{"damage":0.0,"enemies":"Cultist","floor":1.0,"turns":3.0},{"damage":3.0,"enemies":"Jaw Worm","floor":2.0,"turns":2.0},{"damage":0.0,"enemies":"2 Louse","floor":3.0,"turns":2.0},{"damage":2.0,"enemies":"Looter","floor":4.0,"turns":2.0},{"damage":0.0,"enemies":"2 Fungi Beasts","floor":5.0,"turns":3.0},{"damage":0.0,"enemies":"Lagavulin","floor":7.0,"turns":4.0},{"damage":6.0,"enemies":"Gremlin Nob","floor":11.0,"turns":3.0},{"damage":10.0,"enemies":"Lots of Slimes","floor":12.0,"turns":4.0},{"damage":3.0,"enemies":"Lagavulin","floor":13.0,"turns":6.0},{"damage":0.0,"enemies":"3 Louse","floor":14.0,"turns":3.0},{"damage":12.0,"enemies":"The Guardian","floor":16.0,"turns":7.0},{"damage":20.0,"enemies":"3 Byrds","floor":18.0,"turns":5.0},{"damage":0.0,"enemies":"Chosen","floor":19.0,"turns":4.0},{"damage":27.0,"enemies":"Sentry and Sphere","floor":20.0,"turns":6.0},{"damage":11.0,"enemies":"Centurion and Healer","floor":21.0,"turns":5.0},{"damage":18.0,"enemies":"Book of Stabbing","floor":23.0,"turns":5.0},{"damage":0.0,"enemies":"Snecko","floor":27.0,"turns":3.0},{"damage":35.0,"enemies":"Slavers","floor":28.0,"turns":6.0},{"damage":0.0,"enemies":"Cultist and Chosen","floor":30.0,"turns":6.0},{"damage":0.0,"enemies":"Book of Stabbing","floor":31.0,"turns":5.0},{"damage":4.0,"enemies":"Champ","floor":33.0,"turns":8.0},{"damage":3.0,"enemies":"3 Shapes","floor":35.0,"turns":5.0},{"damage":2.0,"enemies":"Orb Walker","floor":36.0,"turns":4.0},{"damage":6.0,"enemies":"Giant Head","floor":41.0,"turns":7.0},{"damage":35,"enemies":"Reptomancer","floor":44,"turns":6},{"damage":4,"enemies":"Giant Head","floor":46,"turns":6},{"damage":13,"enemies":"Spire Growth","floor":48,"turns":4},{"damage":68,"enemies":"Donu and Deca","floor":50,"turns":7}],"seed_played":"-4645122471351470209","potions_obtained":[{"floor":4.0,"key":"Regen Potion"},{"floor":7.0,"key":"LiquidMemories"},{"floor":11.0,"key":"SpeedPotion"},{"floor":13.0,"key":"ColorlessPotion"},{"floor":19.0,"key":"FearPotion"},{"floor":20.0,"key":"SkillPotion"},{"floor":28.0,"key":"Strength Potion"},{"floor":30.0,"key":"AttackPotion"},{"floor":31.0,"key":"AttackPotion"},{"floor":33.0,"key":"BlessingOfTheForge"},{"floor":36.0,"key":"LiquidMemories"},{"floor":44,"key":"Weak Potion"},{"floor":46,"key":"Fruit Juice"}],"is_trial":false,"path_per_floor":["M","M","M","M","M","R","E","?","T","T","E","M","E","M","R","B",null,"M","M","M","M","$","E","$","R","T","M","E","?","M","E","R","B",null,"M","M","?","?","?","R","E","R","T","E","R","E","?","M","R","B",null],"character_chosen":"WATCHER","items_purchased":["SandsOfTime","Pantograph","Fasting2"],"campfire_rested":3,"item_purchase_floors":[22,22,24],"current_hp_per_floor":[72,69,69,67,67,67,67,72,72,72,66,56,53,53,53,55,77,57,57,30,19,19,11,11,37,37,37,2,2,2,2,43,64,87,84,82,82,82,82,82,76,76,76,41,41,42,42,29,71,24],"gold":423,"neow_bonus":"BOSS_RELIC","is_daily":false,"chose_seed":false,"campfire_upgraded":5,"win_rate":0.0,"timestamp":1614270336,"path_taken":["M","M","M","M","?","R","E","?","T","?","E","M","E","M","R","BOSS","M","M","M","M","$","E","$","R","T","M","E","?","M","E","R","BOSS","M","M","?","?","?","R","E","R","T","E","R","E","?","M","R","BOSS"],"items_purchased_type":["Card","Relic","Card"],"build_version":"2020-12-22","purchased_purges":1,"victory":true,"max_hp_per_floor":[72,72,72,72,72,72,72,77,77,77,77,77,77,77,77,77,77,77,77,77,77,77,87,87,87,87,87,87,87,87,87,87,87,87,87,87,87,87,87,87,87,87,87,87,87,92,92,92,92,92],"card_choices":[{"not_picked":["ThirdEye","JustLucky"],"picked":"Consecrate","floor":1.0},{"not_picked":["ForeignInfluence","ClearTheMind"],"picked":"CarveReality","floor":2.0},{"not_picked":["Consecrate","SignatureMove","Collect"],"picked":"SKIP","floor":3.0},{"not_picked":["PathToVictory","FlurryOfBlows"],"picked":"WindmillStrike","floor":4.0},{"not_picked":["WindmillStrike","Protect","JustLucky"],"picked":"SKIP","floor":5.0},{"not_picked":["PathToVictory","ThirdEye"],"picked":"DevaForm","floor":7.0},{"not_picked":["JustLucky","EmptyMind"],"picked":"PathToVictory","floor":11.0},{"not_picked":["EmptyBody","FlyingSleeves","Tantrum"],"picked":"Halt","floor":12.0},{"not_picked":["BattleHymn","Omniscience","Evaluate"],"picked":"JustLucky","floor":13.0},{"not_picked":["Sanctity","EmptyBody","FlyingSleeves","WreathOfFlame"],"picked":"SKIP","floor":14.0},{"not_picked":["Devotion","Omniscience","Scrawl"],"picked":"Ragnarok","floor":16.0},{"not_picked":["ReachHeaven","Conclude","Pray","WheelKick"],"picked":"SKIP","floor":18.0},{"not_picked":["FlurryOfBlows+1","ThirdEye+1","Prostrate","Halt"],"picked":"SKIP","floor":19.0},{"not_picked":["FlurryOfBlows+1","ThirdEye+1","Prostrate"],"picked":"Halt","floor":19.0},{"not_picked":["PathToVictory+1","Prostrate","Sanctity+1"],"picked":"TalkToTheHand+1","floor":20.0},{"not_picked":["EmptyBody","Halt","SashWhip"],"picked":"Adaptation","floor":21.0},{"not_picked":["SignatureMove","Fasting2","CarveReality"],"picked":"Judgement","floor":23.0},{"not_picked":["WindmillStrike","JustLucky","ThirdEye","Evaluate"],"picked":"SKIP","floor":27.0},{"not_picked":["ConjureBlade","Prostrate","Crescendo","Fasting2"],"picked":"SKIP","floor":28.0},{"not_picked":["CutThroughFate","Sanctity","Halt"],"picked":"ClearTheMind+1","floor":30.0},{"not_picked":["SignatureMove","Consecrate","Adaptation+1"],"picked":"CutThroughFate","floor":31.0},{"not_picked":["Devotion","Judgement+1","ConjureBlade+1"],"picked":"MasterReality","floor":33.0},{"not_picked":["Halt+1","Vengeance+1","Crescendo+1"],"picked":"JustLucky","floor":35.0},{"not_picked":["CarveReality+1","ClearTheMind+1","SashWhip"],"picked":"Perseverance+1","floor":36.0},{"not_picked":["The Bomb+1","Trip+1","Chrysalis+1"],"picked":"Enlightenment+1","floor":38.0},{"not_picked":["WreathOfFlame+1","WheelKick+1","Pray+1","CutThroughFate+1"],"picked":"SKIP","floor":41.0},{"not_picked":["Prostrate+1","BowlingBash+1","Perseverance+1"],"picked":"Swivel+1","floor":44},{"not_picked":["Halt+1","BowlingBash","Consecrate+1"],"picked":"CutThroughFate","floor":46},{"not_picked":["JustLucky","Swivel+1","Indignation+1"],"picked":"Tantrum","floor":48}],"player_experience":60102,"relics_obtained":[{"floor":7.0,"key":"Anchor"},{"floor":9.0,"key":"PreservedInsect"},{"floor":10.0,"key":"Orichalcum"},{"floor":11.0,"key":"Question Card"},{"floor":13.0,"key":"Boot"},{"floor":23.0,"key":"Pear"},{"floor":26.0,"key":"Bottled Flame"},{"floor":28.0,"key":"Regal Pillow"},{"floor":31.0,"key":"Toxic Egg 2"},{"floor":41.0,"key":"MealTicket"},{"floor":43.0,"key":"Art of War"},{"floor":44,"key":"Whetstone"},{"floor":46,"key":"Frozen Egg 2"}],"event_choices":[{"damage_healed":0.0,"max_hp_gain":5.0,"max_hp_loss":0.0,"gold_gain":0.0,"event_name":"Big Fish","player_choice":"Donut","floor":8.0,"gold_loss":0.0,"damage_taken":0.0},{"damage_healed":0.0,"max_hp_gain":0.0,"max_hp_loss":0.0,"gold_gain":0.0,"event_name":"Cursed Tome","player_choice":"Ignored","floor":29.0,"gold_loss":0.0,"damage_taken":0.0},{"cards_removed":["Defend_P"],"damage_healed":0.0,"max_hp_gain":0.0,"max_hp_loss":0.0,"gold_gain":0.0,"event_name":"Falling","player_choice":"Removed Skill","floor":37.0,"gold_loss":0.0,"damage_taken":0.0},{"damage_healed":0.0,"max_hp_gain":0.0,"max_hp_loss":0.0,"gold_gain":0.0,"event_name":"SensoryStone","player_choice":"Memory 1","floor":38.0,"gold_loss":0.0,"damage_taken":0.0},{"damage_healed":0.0,"max_hp_gain":0.0,"max_hp_loss":0.0,"gold_gain":0.0,"event_name":"Tomb of Lord Red Mask","player_choice":"Ignored","floor":39.0,"gold_loss":0.0,"damage_taken":0.0},{"damage_healed":0,"gold_gain":0,"player_choice":"Forge","damage_taken":0,"max_hp_gain":0,"max_hp_loss":0,"event_name":"Accursed Blacksmith","floor":47,"gold_loss":0,"cards_upgraded":["MasterReality"]}],"is_beta":false,"boss_relics":[{"not_picked":["VioletLotus","SlaversCollar"],"picked":"Astrolabe"},{"not_picked":["Sozu","Runic Dome"],"picked":"Cursed Key"}],"items_purged_floors":[22],"is_endless":false,"potions_floor_spawned":[4,7,11,13,14,19,20,28,30,31,33,36,41,44,46],"ascension_level":1}}