{"host":"9n6i2vl93jt4o42q","time":1614250525,"event":{"mods":["BaseMod","Minty Spire (QoL Compilation)","Relic Stats"],"gold_per_floor":[118,131,131,181,196,196,225,225,294,294,294,294,309,319,319,319,319],"floor_reached":16,"language":"ENG","playtime":567,"items_purged":[],"score":200,"play_id":"9b3bd775-eaec-4ec1-9362-147d3d6044f1","local_time":"20210225115525","is_ascension_mode":true,"campfire_choices":[{"data":"Blood for Blood","floor":6.0,"key":"SMITH"},{"data":"Clothesline","floor":8.0,"key":"SMITH"},{"data":"Seeing Red","floor":10.0,"key":"SMITH"},{"data":"Flex","floor":15.0,"key":"SMITH"}],"circlet_count":0,"master_deck":["AscendersBane","Strike_R","Strike_R","Strike_R","Strike_R","Defend_R+1","Defend_R+1","Defend_R","Defend_R","Bash+1","Clothesline+1","Seeing Red+1","Blood for Blood+1","Shrug It Off","Flame Barrier","Flex+1","Reckless Charge"],"relics":["Burning Blood","War Paint","Kunai"],"acts_visited":["Exordium"],"potions_floor_usage":[16],"damage_taken":[{"damage":3.0,"enemies":"2 Louse","floor":1.0,"turns":3.0},{"damage":9.0,"enemies":"Jaw Worm","floor":2.0,"turns":4.0},{"damage":0.0,"enemies":"Cultist","floor":5.0,"turns":3.0},{"damage":32.0,"enemies":"Gremlin Nob","floor":7.0,"turns":4.0},{"damage":0.0,"enemies":"Blue Slaver","floor":13.0,"turns":3.0},{"damage":1.0,"enemies":"2 Fungi Beasts","floor":14.0,"turns":3.0},{"damage":69,"enemies":"Slime Boss","floor":16,"turns":11}],"seed_played":"4618996409417426082","potions_obtained":[{"floor":14.0,"key":"SteroidPotion"}],"is_trial":false,"path_per_floor":["M","M","?","?","M","R","E","R","T","R","?","?","M","M","R","B"],"character_chosen":"IRONCLAD","items_purchased":[],"campfire_rested":0,"item_purchase_floors":[],"current_hp_per_floor":[71,68,73,73,79,79,53,53,53,53,53,53,59,64,64,0,0],"gold":319,"neow_bonus":"UPGRADE_CARD","is_daily":false,"chose_seed":false,"campfire_upgraded":4,"win_rate":0.0,"timestamp":1614250525,"path_taken":["M","M","?","?","?","R","E","R","T","R","?","?","M","M","R","BOSS"],"items_purchased_type":[],"build_version":"2020-12-22","purchased_purges":0,"victory":false,"max_hp_per_floor":[75,75,80,80,80,80,80,80,80,80,80,80,80,80,80,80,80],"relic_stats":{"counters":[7,31],"Kunai":[2],"War Paint":["Defend_R","Defend_R"],"obtain_stats":[{"Kunai":9,"War Paint":7,"Burning Blood":0},{"Kunai":4,"War Paint":4,"Burning Blood":0},{"Kunai":14,"War Paint":14,"Burning Blood":0}],"Burning Blood":36},"card_choices":[{"not_picked":["Heavy Blade","Body Slam"],"picked":"Clothesline","floor":1.0},{"not_picked":["Headbutt","Armaments"],"picked":"Seeing Red","floor":2.0},{"not_picked":["Headbutt","Power Through"],"picked":"Blood for Blood","floor":5.0},{"not_picked":["Flex","Dark Embrace"],"picked":"Shrug It Off","floor":7.0},{"not_picked":["Dark Embrace","Rampage"],"picked":"Flex","floor":13.0},{"not_picked":["Intimidate","Armaments"],"picked":"Reckless Charge","floor":14.0}],"player_experience":2646021,"relics_obtained":[{"floor":7.0,"key":"War Paint"},{"floor":9.0,"key":"Kunai"}],"event_choices":[{"damage_healed":0.0,"max_hp_gain":5.0,"max_hp_loss":0.0,"gold_gain":0.0,"event_name":"Big Fish","player_choice":"Donut","floor":3.0,"gold_loss":0.0,"damage_taken":0.0},{"damage_healed":0.0,"max_hp_gain":0.0,"max_hp_loss":0.0,"gold_gain":50.0,"event_name":"Golden Shrine","player_choice":"Pray","floor":4.0,"gold_loss":0.0,"damage_taken":0.0},{"damage_healed":0.0,"max_hp_gain":0.0,"max_hp_loss":0.0,"gold_gain":0.0,"event_name":"Liars Game","player_choice":"Ignored","floor":11.0,"gold_loss":0.0,"damage_taken":0.0},{"damage_healed":0.0,"max_hp_gain":0.0,"max_hp_loss":0.0,"gold_gain":0.0,"cards_transformed":["Strike_R"],"event_name":"Living Wall","player_choice":"Change","floor":12.0,"gold_loss":0.0,"damage_taken":0.0,"cards_obtained":["Flame Barrier"]}],"is_beta":false,"boss_relics":[],"items_purged_floors":[],"is_endless":false,"potions_floor_spawned":[14],"killed_by":"Slime Boss","ascension_level":20}}