{"host":"1zulhgfop6judopi","time":1614216290,"event":{"mods":["2.2 Compatiblity","Act Like it!","Aspiration","BaseMod","Beaked The Cultist","Better Altar","Better Match","Better Note","Better Sensory Stone","Better Skull","Better Synergies","Better Third Choice","Card Forge","Communication Mod","Conspire","Defuse TimeMaze Blight","Displayed Cursed Tome","Downfall","Elementarium","Friendly Minions","GifTheSpireLib","GungeonMod","Halation","HexUI Lib","Hubris","Humility","Hyrulean Relics","Infinite Spire","Ironclad Rager","Marked Mod","Menagerie","Minty Spire (QoL Compilation)","MostiFishMod","Quick Restart","Relic Filter","Relic Sorter","Replay The Spire","SacredBarkPlus","Small Relic Pack","Spicy Shops","Spikes Relics","Spire Exporter","StSLib","Stuff the Spire","Synergy Search","The Bladedancer","The Blue Laboratory","Trackpad","Transform Curses","Uncapped","UnlockEverythingMod","Virulent Crown"],"gold_per_floor":[99,116,116,116,130,130,130,130,130],"floor_reached":8,"language":"ENG","playtime":201,"items_purged":[],"score":88,"play_id":"5c840269-6aa2-4611-a204-1c7efae6a8a5","local_time":"20210224202450","daily_mods":["Heirloom","Time Dilation","Flight","Elite Swarm","Lethality"],"is_ascension_mode":true,"campfire_choices":[{"data":"Eruption","floor":1,"key":"SMITH"},{"floor":6,"key":"RECALL"}],"circlet_count":0,"master_deck":["AscendersBane","Strike_P","Strike_P","Strike_P","Strike_P","Defend_P","Defend_P","Defend_P","Defend_P","Eruption+1","Vigilance+1","FollowUp","Pain","Weave"],"relics":["PureWater","Hammer of Thor","Seething Fire","Anvil of the Gods","DaveBox","DaCapo","StuffTheSpire:Expresso","WarpedTongs","zeldaRelics:CouragePiece"],"acts_visited":["Exordium"],"potions_floor_usage":[],"damage_taken":[{"damage":7,"enemies":"Jaw Worm","floor":2,"turns":3},{"damage":0,"enemies":"Small Slimes","floor":5,"turns":1},{"damage":61,"enemies":"3 Sentries","floor":8,"turns":3}],"seed_played":"3129439359990703924","potions_obtained":[],"is_trial":true,"path_per_floor":["R","M","?","?","M","R","T","E"],"character_chosen":"WATCHER","items_purchased":[],"campfire_rested":0,"item_purchase_floors":[],"current_hp_per_floor":[61,54,54,54,54,54,54,0,0],"gold":130,"neow_bonus":"","is_daily":false,"chose_seed":false,"campfire_upgraded":1,"win_rate":0.0,"timestamp":1614216290,"path_taken":["R","M","?","?","?","R","T","E"],"items_purchased_type":[],"build_version":"2020-12-22","purchased_purges":0,"victory":false,"max_hp_per_floor":[68,68,68,68,68,68,68,68,68],"card_choices":[{"not_picked":["MarkedMod:GentlePulse","PathToVictory"],"picked":"FollowUp","floor":2},{"not_picked":["Wireheading","Crescendo"],"picked":"Weave","floor":5}],"player_experience":209997,"relics_obtained":[{"floor":7,"key":"zeldaRelics:CouragePiece"}],"event_choices":[{"damage_healed":0,"gold_gain":0,"player_choice":"Grow","damage_taken":0,"max_hp_gain":0,"max_hp_loss":0,"event_name":"Living Wall","floor":3,"gold_loss":0,"cards_upgraded":["Vigilance"]},{"damage_healed":0,"gold_gain":0,"player_choice":"Rummage","damage_taken":0,"relics_obtained":["WarpedTongs"],"max_hp_gain":0,"max_hp_loss":0,"event_name":"Accursed Blacksmith","floor":4,"gold_loss":0,"cards_obtained":["Pain"]}],"is_beta":false,"boss_relics":[],"items_purged_floors":[],"is_endless":false,"potions_floor_spawned":[],"killed_by":"3 Sentries","ascension_level":20,"is_humility":true}}