{"host":"41yb08u5hvoqx9xd","time":1614270300,"event":{"mods":["BaseMod","Minty Spire (QoL Compilation)","Relic Stats"],"gold_per_floor":[113,132,152,162,28,61,61,96,119,119,39,68,81,98,98,175,175,190,35,53,67,67,67,84,117,117,129,241,253,345,377,389,478,490,512,543,580,608,634,646,646],"floor_reached":40,"language":"ENG","playtime":1808,"items_purged":["Strike_G","Strike_G"],"score":912,"play_id":"247605a4-4f20-439b-a268-8c968b16f97a","local_time":"20210225112500","is_ascension_mode":true,"campfire_choices":[{"data":"Bane","floor":10.0,"key":"SMITH"},{"data":"Terror","floor":15.0,"key":"SMITH"},{"data":"Blade Dance","floor":23.0,"key":"SMITH"},{"floor":29.0,"key":"REST"},{"floor":32.0,"key":"REST"}],"circlet_count":0,"master_deck":["AscendersBane","Strike_G+1","Strike_G+1","Strike_G+1","Defend_G+1","Defend_G+1","Defend_G+1","Defend_G+1","Defend_G+1","Survivor","Neutralize","Bane+1","Terror+1","Deadly Poison","Dash","Backflip","Blade Dance+1","Crippling Poison","Catalyst","Noxious Fumes","Phantasmal Killer","Cloak And Dagger","Slice","Leg Sweep+1","Slice","Blade Dance","Blur+1","Tools of the Trade","Dodge and Roll+1","Night Terror","Backflip","Slice+1"],"relics":["Ring of the Snake","Vajra","Omamori","Boot","Oddly Smooth Stone","Tiny Chest","WristBlade","StoneCalendar","MawBank","Bird Faced Urn","Sundial","Paper Crane","Cursed Key","Lizard Tail"],"acts_visited":["Exordium","TheCity","TheBeyond"],"potions_floor_usage":[40],"damage_taken":[{"damage":0.0,"enemies":"Cultist","floor":1.0,"turns":4.0},{"damage":0.0,"enemies":"2 Louse","floor":2.0,"turns":3.0},{"damage":0.0,"enemies":"Jaw Worm","floor":3.0,"turns":4.0},{"damage":0.0,"enemies":"2 Fungi Beasts","floor":4.0,"turns":4.0},{"damage":12.0,"enemies":"3 Sentries","floor":6.0,"turns":4.0},{"damage":17.0,"enemies":"Lagavulin","floor":8.0,"turns":7.0},{"damage":0.0,"enemies":"Gremlin Nob","floor":12.0,"turns":3.0},{"damage":0.0,"enemies":"Looter","floor":13.0,"turns":3.0},{"damage":0.0,"enemies":"Blue Slaver","floor":14.0,"turns":3.0},{"damage":33.0,"enemies":"The Guardian","floor":16.0,"turns":8.0},{"damage":22.0,"enemies":"2 Thieves","floor":18.0,"turns":5.0},{"damage":0.0,"enemies":"Spheric Guardian","floor":20.0,"turns":3.0},{"damage":13.0,"enemies":"Centurion and Healer","floor":21.0,"turns":5.0},{"damage":21.0,"enemies":"Chosen and Byrds","floor":24.0,"turns":4.0},{"damage":7.0,"enemies":"Slavers","floor":25.0,"turns":6.0},{"damage":4.0,"enemies":"Colosseum Slavers","floor":28.0,"turns":5.0},{"damage":0.0,"enemies":"Colosseum Nobs","floor":28.0,"turns":4.0},{"damage":1.0,"enemies":"Snake Plant","floor":31.0,"turns":5.0},{"damage":12.0,"enemies":"Champ","floor":33.0,"turns":12.0},{"damage":36.0,"enemies":"3 Darklings","floor":35.0,"turns":7.0},{"damage":0.0,"enemies":"Orb Walker","floor":36.0,"turns":3.0},{"damage":0.0,"enemies":"Mind Bloom Boss Battle","floor":37.0,"turns":6.0},{"damage":5.0,"enemies":"Transient","floor":38.0,"turns":6.0},{"damage":6.0,"enemies":"Sphere and 2 Shapes","floor":39.0,"turns":7.0},{"damage":102,"enemies":"Reptomancer","floor":40,"turns":3}],"seed_played":"-1562649634025691272","potions_obtained":[{"floor":1.0,"key":"FearPotion"},{"floor":4.0,"key":"ColorlessPotion"},{"floor":6.0,"key":"Explosive Potion"},{"floor":12.0,"key":"Fruit Juice"},{"floor":13.0,"key":"SteroidPotion"},{"floor":14.0,"key":"FairyPotion"},{"floor":18.0,"key":"Poison Potion"},{"floor":25.0,"key":"Swift Potion"},{"floor":39.0,"key":"SteroidPotion"}],"is_trial":false,"path_per_floor":["M","M","M","M","$","E","?","E","T","R","$","E","M","M","R","B",null,"M","$","M","M","?","R","M","E","T","?","?","R","T","M","R","B",null,"M","M","?","M","M","E"],"character_chosen":"THE_SILENT","items_purchased":["Backflip","Catalyst","Slice"],"campfire_rested":2,"item_purchase_floors":[5,11,19],"current_hp_per_floor":[59,59,59,59,59,47,52,35,35,35,35,35,40,40,40,7,59,37,37,37,24,24,24,3,20,20,20,16,38,38,41,63,55,71,37,39,43,40,38,0,0],"gold":646,"neow_bonus":"RANDOM_COMMON_RELIC","is_daily":false,"chose_seed":false,"campfire_upgraded":3,"win_rate":0.0,"timestamp":1614270300,"path_taken":["M","M","?","M","$","E","?","E","T","R","$","E","M","M","R","BOSS","M","$","M","M","?","R","M","E","T","?","?","R","?","M","R","BOSS","M","M","?","M","M","E"],"items_purchased_type":["Card","Card","Card"],"build_version":"2020-12-22","purchased_purges":2,"victory":false,"max_hp_per_floor":[66,66,66,66,66,66,71,71,71,71,71,71,76,76,76,76,76,76,76,76,76,76,76,76,76,76,76,76,76,76,76,76,76,76,76,76,76,76,76,76,76],"relic_stats":{"Lizard Tail":38,"counters":[25,124],"Sundial":[4],"Bird Faced Urn":[22],"Tiny Chest":1,"StoneCalendar":[116],"Boot":[11],"MawBank":168,"Cursed Key":0,"obtain_stats":[{"Vajra":0,"Oddly Smooth Stone":9,"StoneCalendar":25,"Omamori":6,"Paper Crane":30,"Boot":8,"MawBank":26,"Cursed Key":34,"Lizard Tail":37,"WristBlade":17,"Sundial":28,"Bird Faced Urn":28,"Tiny Chest":12,"Ring of the Snake":0},{"Vajra":0,"Oddly Smooth Stone":6,"StoneCalendar":15,"Omamori":5,"Paper Crane":17,"Boot":6,"MawBank":15,"Cursed Key":19,"Lizard Tail":22,"WristBlade":10,"Sundial":17,"Bird Faced Urn":17,"Tiny Chest":7,"Ring of the Snake":0},{"Vajra":0,"Oddly Smooth Stone":26,"StoneCalendar":66,"Omamori":19,"Paper Crane":75,"Boot":26,"MawBank":66,"Cursed Key":92,"Lizard Tail":108,"WristBlade":43,"Sundial":75,"Bird Faced Urn":75,"Tiny Chest":29,"Ring of the Snake":0}],"Ring of the Snake":[50]},"card_choices":[{"not_picked":["Reflex","Prepared"],"picked":"Bane","floor":1.0},{"not_picked":["Deflect","Flechettes"],"picked":"Terror","floor":2.0},{"not_picked":["Concentrate","Crippling Poison"],"picked":"Deadly Poison","floor":3.0},{"not_picked":["Masterful Stab","Skewer"],"picked":"Dash","floor":4.0},{"not_picked":["Underhanded Strike","Acrobatics"],"picked":"Blade Dance","floor":6.0},{"not_picked":["Accuracy","Bane"],"picked":"Crippling Poison","floor":8.0},{"not_picked":["Calculated Gamble","Malaise"],"picked":"Noxious Fumes","floor":12.0},{"not_picked":["Deflect","Sucker Punch","Cloak And Dagger"],"picked":"SKIP","floor":13.0},{"not_picked":["Finisher","Infinite Blades","Riddle With Holes"],"picked":"SKIP","floor":14.0},{"not_picked":["Malaise","Doppelganger"],"picked":"Phantasmal Killer","floor":16.0},{"not_picked":["Blur","Poisoned Stab"],"picked":"Cloak And Dagger","floor":18.0},{"not_picked":["Dagger Spray","Well Laid Plans"],"picked":"Leg Sweep+1","floor":20.0},{"not_picked":["Deadly Poison","PiercingWail"],"picked":"Slice","floor":21.0},{"not_picked":["Outmaneuver+1","Acrobatics","Blur+1"],"picked":"SKIP","floor":24.0},{"not_picked":["Outmaneuver+1","Acrobatics"],"picked":"Blur+1","floor":24.0},{"not_picked":["Outmaneuver","Quick Slash"],"picked":"Tools of the Trade","floor":25.0},{"not_picked":["Dagger Spray+1","Sucker Punch"],"picked":"Dodge and Roll+1","floor":28.0},{"not_picked":["Heel Hook+1","Deadly Poison","Outmaneuver"],"picked":"SKIP","floor":31.0},{"not_picked":["Die Die Die","Tools of the Trade"],"picked":"Night Terror","floor":33.0},{"not_picked":["Reflex","Quick Slash+1","Expertise+1"],"picked":"SKIP","floor":35.0},{"not_picked":["Bane","Outmaneuver+1"],"picked":"Backflip","floor":36.0},{"not_picked":["Masterful Stab+1","Escape Plan"],"picked":"Slice+1","floor":37.0},{"not_picked":["Masterful Stab","Sucker Punch","Cloak And Dagger"],"picked":"SKIP","floor":38.0},{"not_picked":["Blur","Poisoned Stab+1","Prepared"],"picked":"SKIP","floor":39.0}],"player_experience":642223,"relics_obtained":[{"floor":6.0,"key":"Omamori"},{"floor":8.0,"key":"Boot"},{"floor":9.0,"key":"Oddly Smooth Stone"},{"floor":12.0,"key":"Tiny Chest"},{"floor":25.0,"key":"StoneCalendar"},{"floor":26.0,"key":"MawBank"},{"floor":28.0,"key":"Bird Faced Urn"},{"floor":28.0,"key":"Sundial"},{"floor":30.0,"key":"Paper Crane"},{"floor":37.0,"key":"Lizard Tail"}],"event_choices":[{"damage_healed":0.0,"max_hp_gain":5.0,"max_hp_loss":0.0,"gold_gain":0.0,"event_name":"Big Fish","player_choice":"Donut","floor":7.0,"gold_loss":0.0,"damage_taken":0.0},{"damage_healed":0.0,"max_hp_gain":0.0,"max_hp_loss":0.0,"gold_gain":0.0,"event_name":"The Library","player_choice":"Read","floor":22.0,"gold_loss":0.0,"damage_taken":0.0,"cards_obtained":["Blade Dance"]},{"damage_healed":0.0,"max_hp_gain":0.0,"max_hp_loss":0.0,"gold_gain":0.0,"event_name":"Back to Basics","player_choice":"Simplicity","floor":27.0,"gold_loss":0.0,"damage_taken":0.0,"cards_upgraded":["Strike_G","Strike_G","Strike_G","Defend_G","Defend_G","Defend_G","Defend_G","Defend_G"]},{"damage_healed":0.0,"max_hp_gain":0.0,"max_hp_loss":0.0,"gold_gain":0.0,"event_name":"Colosseum","player_choice":"Fight","floor":28.0,"gold_loss":0.0,"damage_taken":0.0},{"damage_healed":0.0,"max_hp_gain":0.0,"max_hp_loss":0.0,"gold_gain":0.0,"event_name":"Colosseum","player_choice":"Fought Nobs","floor":28.0,"gold_loss":0.0,"damage_taken":0.0},{"damage_healed":0.0,"max_hp_gain":0.0,"max_hp_loss":0.0,"gold_gain":0.0,"event_name":"MindBloom","player_choice":"Fight","floor":37.0,"gold_loss":0.0,"damage_taken":0.0}],"is_beta":false,"boss_relics":[{"not_picked":["Empty Cage","Sozu"],"picked":"WristBlade"},{"not_picked":["Calling Bell","Black Star"],"picked":"Cursed Key"}],"items_purged_floors":[5,19],"is_endless":false,"potions_floor_spawned":[1,4,6,12,13,14,18,21,25,39],"killed_by":"Reptomancer","ascension_level":19}}