{"host":"d744ndivyohnro60","time":1614217585,"event":{"mods":["BaseMod","Bestiary","Colored Powertips","Minty Spire (QoL Compilation)","Relic Stats"],"gold_per_floor":[114,114,114,129,146,146,156,169,169,169,169],"floor_reached":10,"language":"ENG","playtime":642,"items_purged":[],"score":87,"play_id":"8906d67c-f433-4a07-b414-2f9e753a5de0","local_time":"20210224204625","is_ascension_mode":true,"campfire_choices":[{"data":"Dualcast","floor":6,"key":"SMITH"}],"circlet_count":0,"master_deck":["Strike_B","Strike_B","Strike_B","Strike_B","Defend_B","Defend_B","Defend_B+1","Defend_B+1","Zap","Dualcast+1","Sweeping Beam","Conserve Battery","Self Repair","Capacitor","Defragment"],"relics":["Black Star","Potion Belt","Pen Nib"],"acts_visited":["Exordium"],"potions_floor_usage":[10],"damage_taken":[{"damage":5,"enemies":"Small Slimes","floor":1,"turns":3},{"damage":3,"enemies":"Jaw Worm","floor":4,"turns":4},{"damage":0,"enemies":"Cultist","floor":5,"turns":3},{"damage":7,"enemies":"Lots of Slimes","floor":7,"turns":3},{"damage":12,"enemies":"Red Slaver","floor":8,"turns":5},{"damage":41,"enemies":"3 Sentries","floor":10,"turns":7}],"seed_played":"-1269763510754279282","potions_obtained":[{"floor":4,"key":"DuplicationPotion"},{"floor":5,"key":"ColorlessPotion"}],"is_trial":false,"path_per_floor":["M","?","T","M","M","R","M","M","T","E"],"character_chosen":"DEFECT","items_purchased":[],"campfire_rested":0,"item_purchase_floors":[],"current_hp_per_floor":[63,48,48,45,45,45,45,40,40,0,0],"gold":169,"neow_bonus":"BOSS_RELIC","is_daily":false,"chose_seed":false,"campfire_upgraded":1,"win_rate":0.0,"timestamp":1614217585,"path_taken":["M","?","?","M","?","R","M","?","T","E"],"items_purchased_type":[],"build_version":"2020-12-22","purchased_purges":0,"victory":false,"max_hp_per_floor":[75,75,75,75,75,75,75,75,75,75,75],"relic_stats":{"counters":[6,25],"Pen Nib":[0],"Black Star":0,"obtain_stats":[{"Potion Belt":3,"Pen Nib":9,"Black Star":0,"Cracked Core":0},{"Potion Belt":1,"Pen Nib":5,"Black Star":0,"Cracked Core":0},{"Potion Belt":3,"Pen Nib":18,"Black Star":0,"Cracked Core":0}]},"card_choices":[{"not_picked":["Compile Driver","BootSequence"],"picked":"Sweeping Beam","floor":1},{"not_picked":["Hello World","Barrage"],"picked":"Conserve Battery","floor":4},{"not_picked":["Redo","Leap"],"picked":"Self Repair","floor":5},{"not_picked":["Streamline","Recycle"],"picked":"Capacitor","floor":7},{"not_picked":["Streamline","Skim"],"picked":"Defragment","floor":8}],"player_experience":281476,"relics_obtained":[{"floor":3,"key":"Potion Belt"},{"floor":9,"key":"Pen Nib"}],"event_choices":[{"damage_healed":0,"gold_gain":0,"player_choice":"Entered Light","damage_taken":15,"max_hp_gain":0,"max_hp_loss":0,"event_name":"Shining Light","floor":2,"gold_loss":0,"cards_upgraded":["Defend_B","Defend_B"]}],"is_beta":false,"boss_relics":[],"items_purged_floors":[],"is_endless":false,"potions_floor_spawned":[4,5],"killed_by":"3 Sentries","ascension_level":9}}