{"host":"08xvxt5w1s7zc7e5","time":1614244538,"event":{"mods":["AchievementEnabler","BaseMod","DeckTracker","Minty Spire (QoL Compilation)","Quick Restart","StSLib","SuperFastMode"],"gold_per_floor":[19,29,29,3,14,42,42,60,86,118,118,133,133,144,144,144,144],"floor_reached":16,"language":"KOR","playtime":434,"items_purged":[],"score":212,"play_id":"94c22dda-3b7a-4d2c-8abf-7c26bc66e28e","local_time":"20210225181538","is_ascension_mode":true,"campfire_choices":[{"data":"Dash","floor":7.0,"key":"SMITH"},{"data":"Prepared","floor":11,"key":"SMITH"},{"data":"Neutralize","floor":15,"key":"SMITH"}],"circlet_count":0,"master_deck":["AscendersBane","Strike_G","Strike_G","Strike_G","Strike_G","Defend_G","Defend_G","Defend_G","Defend_G","Survivor","Neutralize+1","Grand Finale","Dash+1","After Image","Quick Slash","Prepared+1","PiercingWail","Escape Plan","Reflex"],"relics":["Ring of the Snake","Blood Vial","Juzu Bracelet","Bag of Preparation"],"acts_visited":["Exordium"],"potions_floor_usage":[10,16,16],"damage_taken":[{"damage":1.0,"enemies":"Small Slimes","floor":1.0,"turns":4.0},{"damage":5.0,"enemies":"Cultist","floor":2.0,"turns":5.0},{"damage":0.0,"enemies":"2 Louse","floor":5.0,"turns":2.0},{"damage":0.0,"enemies":"Lagavulin","floor":6.0,"turns":6.0},{"damage":0.0,"enemies":"Looter","floor":8.0,"turns":4.0},{"damage":30,"enemies":"Gremlin Nob","floor":10,"turns":5},{"damage":0,"enemies":"Blue Slaver","floor":12,"turns":4},{"damage":0,"enemies":"2 Fungi Beasts","floor":14,"turns":4},{"damage":49,"enemies":"The Guardian","floor":16,"turns":20}],"seed_played":"8714676427109963610","potions_obtained":[{"floor":1.0,"key":"AttackPotion"},{"floor":2.0,"key":"SpeedPotion"},{"floor":8.0,"key":"Strength Potion"},{"floor":12,"key":"FearPotion"}],"is_trial":false,"path_per_floor":["M","M","?","$","M","E","R","M","T","E","R","M","?","M","R","B"],"character_chosen":"THE_SILENT","items_purchased":["Quick Slash"],"campfire_rested":0,"item_purchase_floors":[4],"current_hp_per_floor":[62,57,57,57,57,57,57,59,59,31,31,33,33,35,35,0,0],"gold":144,"neow_bonus":"THREE_RARE_CARDS","is_daily":false,"chose_seed":false,"campfire_upgraded":3,"win_rate":0.0,"timestamp":1614244538,"path_taken":["M","M","?","$","M","E","R","M","T","E","R","M","?","M","R","BOSS"],"items_purchased_type":["Card"],"build_version":"2020-12-22","purchased_purges":0,"victory":false,"max_hp_per_floor":[70,70,70,70,70,70,70,70,70,70,70,70,70,70,70,70,70],"card_choices":[{"not_picked":["Glass Knife","A Thousand Cuts"],"picked":"Grand Finale","floor":0.0},{"not_picked":["Flying Knee","Bouncing Flask"],"picked":"Dash","floor":1.0},{"not_picked":["Cloak And Dagger","Leg Sweep","Sucker Punch"],"picked":"SKIP","floor":2.0},{"not_picked":["Deadly Poison","Bullet Time"],"picked":"Prepared","floor":5.0},{"not_picked":["Slice","Cloak And Dagger","Heel Hook"],"picked":"SKIP","floor":6.0},{"not_picked":["Quick Slash","Accuracy"],"picked":"PiercingWail","floor":8.0},{"not_picked":["After Image","Slice"],"picked":"Escape Plan","floor":10},{"not_picked":["PiercingWail","Quick Slash","Finisher"],"picked":"SKIP","floor":12},{"not_picked":["Backflip","Bouncing Flask"],"picked":"Reflex","floor":14}],"player_experience":426459,"relics_obtained":[{"floor":6.0,"key":"Blood Vial"},{"floor":9.0,"key":"Juzu Bracelet"},{"floor":10,"key":"Bag of Preparation"}],"event_choices":[{"damage_healed":0.0,"max_hp_gain":0.0,"max_hp_loss":0.0,"gold_gain":0.0,"cards_transformed":["Defend_G"],"event_name":"Living Wall","player_choice":"Change","floor":3.0,"gold_loss":0.0,"damage_taken":0.0,"cards_obtained":["After Image"]},{"cards_removed":["Strike_G"],"damage_healed":0,"gold_gain":0,"player_choice":"Purged","damage_taken":0,"max_hp_gain":0,"max_hp_loss":0,"event_name":"Purifier","floor":13,"gold_loss":0}],"is_beta":false,"boss_relics":[],"items_purged_floors":[],"is_endless":false,"potions_floor_spawned":[1,2,8,12],"killed_by":"The Guardian","ascension_level":11}}