{"host":"df48i9djcn92c5sx","time":1614225616,"event":{"mods":["Act Like it!","Arknights","BaseMod","Decade(王小明)","Downfall","Gensokyo","Marisa（F雨　魔理沙）","Minty Spire (QoL Compilation)","READ ME - Guardian Mod","READ ME - Snecko Mod","Reimu（博丽灵梦）","Remilia（蕾米莉亚）","Shop Mod","StSLib","The Jungle","The Servant 0.9.4"],"gold_per_floor":[110,110,31,51,79,79,105,105,131,146,146,362,380,413,413,485,485,485,485,485,255,255,255,255,255,255,255,255,255,255,255,255,255,255,255,255,255,255,255,255,255,255,255,255,255,255,255,255,255,255],"floor_reached":51,"language":"ZHS","playtime":1901,"items_purged":["Strike_MRS"],"score":1554,"play_id":"2153e4c4-f34c-47d4-aeee-124d8d1ed07a","local_time":"20210225120016","is_ascension_mode":true,"campfire_choices":[{"data":"DarkMatter","floor":6.0,"key":"SMITH"},{"data":"BinaryStars","floor":8.0,"key":"SMITH"},{"data":"MasterSpark","floor":11.0,"key":"SMITH"},{"data":"GrandCross","floor":15.0,"key":"SMITH"},{"data":"SuperNova","floor":23.0,"key":"SMITH"},{"data":"JA","floor":25.0,"key":"SMITH"},{"data":"ShootTheMoon","floor":27.0,"key":"SMITH"},{"data":"ChargingUp","floor":30.0,"key":"SMITH"},{"data":"OrrerysSun","floor":32.0,"key":"SMITH"},{"data":"CasketOfStar","floor":40,"key":"SMITH"},{"data":"Gensokyo:GreaterSplit","floor":42,"key":"SMITH"},{"data":"MaximisePower","floor":45,"key":"SMITH"},{"data":"Gensokyo:MorningStar","floor":47,"key":"SMITH"},{"data":"PulseMagic","floor":49,"key":"SMITH"}],"circlet_count":0,"master_deck":["AscendersBane","Strike_MRS","Strike_MRS","Strike_MRS","Defend_MRS","Defend_MRS","Defend_MRS","Defend_MRS","MasterSpark+1","UpSweep","ChargingUp+1","DarkMatter+1","BinaryStars+1","GrandCross+1","PulseMagic+1","AlicesGift","SuperNova+1","MagicAbsorber+1","SporeBomb+1","ShootTheMoon+1","JA+1","OrrerysSun+1","CasketOfStar+1","Gensokyo:GreaterSplit+1","Gensokyo:MorningStar+1","MaximisePower+1","EnergyFlow+1"],"relics":["MiniHakkero","NeowsBlessing","Gensokyo:LunaticRedEyes","Mastiff:ReiMu","AntiCross","Akabeko","Eternal Feather","Ectoplasm","MealTicket","Bag of Marbles","Bottled Tornado","ExperimentalFamiliar","TungstenRod","Vajra","Bag of Preparation"],"acts_visited":["Exordium","Gensokyo:Gensokyo","Gensokyo:Gensokyoer"],"potions_floor_usage":[37,37],"damage_taken":[{"damage":0.0,"enemies":"Gensokyo:3_Fairies","floor":1.0,"turns":1.0},{"damage":4.0,"enemies":"Gensokyo:2_Kodama","floor":4.0,"turns":3.0},{"damage":3.0,"enemies":"Gensokyo:Aya","floor":5.0,"turns":2.0},{"damage":1.0,"enemies":"Gensokyo:Aya","floor":7.0,"turns":4.0},{"damage":2.0,"enemies":"Gensokyo:Gryphon","floor":10.0,"turns":2.0},{"damage":3.0,"enemies":"Gensokyo:Python_and_Kodama","floor":12.0,"turns":2.0},{"damage":0.0,"enemies":"Gensokyo:Kitsune","floor":13.0,"turns":1.0},{"damage":10.0,"enemies":"Gensokyo:Mamizou","floor":14.0,"turns":6.0},{"damage":8.0,"enemies":"Gensokyo:Reimu","floor":16.0,"turns":5.0},{"damage":2.0,"enemies":"Gensokyo:Chomper","floor":18.0,"turns":3.0},{"damage":0.0,"enemies":"Gensokyo:AngelMirror","floor":19.0,"turns":2.0},{"damage":0.0,"enemies":"Gensokyo:Tenshi","floor":24.0,"turns":2.0},{"damage":0.0,"enemies":"Gensokyo:Wraith","floor":28.0,"turns":2.0},{"damage":0.0,"enemies":"Gensokyo:Swordslinger","floor":29.0,"turns":2.0},{"damage":13.0,"enemies":"Gensokyo:Slime_Group","floor":31.0,"turns":3.0},{"damage":15.0,"enemies":"Gensokyo:Eiki","floor":33.0,"turns":5.0},{"damage":0.0,"enemies":"Gensokyo:AncientGuardian","floor":35.0,"turns":2.0},{"damage":28,"enemies":"Gensokyo:AncientGuardian","floor":37,"turns":6},{"damage":0,"enemies":"Gensokyo:Doremy","floor":46,"turns":3},{"damage":0,"enemies":"Gensokyo:3_Bats","floor":48,"turns":3},{"damage":0,"enemies":"Gensokyo:Shinki","floor":50,"turns":6}],"seed_played":"3557809110326235619","potions_obtained":[{"floor":5.0,"key":"AttackPotion"},{"floor":10.0,"key":"ZuzhouPotion:ReiMu"},{"floor":14.0,"key":"Guardian:BlockOnCardUsePotion"},{"floor":16.0,"key":"CultistPotion"},{"floor":19.0,"key":"SteroidPotion"},{"floor":24.0,"key":"AttackPotion"}],"is_trial":false,"path_per_floor":["M","?","COS","M","?","R","E","R","T","M","R","M","M","E","R","B",null,"M","M","?","$","?","R","E","R","T","R","M","M","R","M","R","B",null,"M","?","?","?","?","R","$","R","T","?","R","E","R","M","R","B",null],"character_chosen":"MARISA","items_purchased":["MealTicket"],"campfire_rested":0,"item_purchase_floors":[21],"current_hp_per_floor":[63,63,63,59,56,56,55,55,55,53,53,50,50,40,49,41,63,61,61,61,61,61,70,70,70,70,70,70,70,70,57,69,54,66,66,66,66,66,38,53,68,70,70,70,70,70,70,70,70,70],"gold":255,"neow_bonus":"THREE_ENEMY_KILL","is_daily":false,"chose_seed":false,"campfire_upgraded":14,"win_rate":0.0,"timestamp":1614225616,"path_taken":["M","?","COS","M","?","R","E","R","T","M","R","M","M","E","R","BOSS","M","M","?","$","?","R","E","R","T","R","M","?","R","M","R","BOSS","M","?","?","?","?","R","$","R","T","?","R","E","R","?","R","BOSS"],"items_purchased_type":["Relic"],"build_version":"2020-12-22","purchased_purges":1,"victory":true,"max_hp_per_floor":[70,70,70,70,70,70,70,70,70,70,70,70,70,70,70,70,70,70,70,70,70,70,70,70,70,70,70,70,70,70,70,70,70,70,70,70,70,70,70,70,70,70,70,70,70,70,70,70,70,70],"card_choices":[{"not_picked":["ShootingEcho","Orbital","IllusionStar"],"picked":"SKIP","floor":1.0},{"not_picked":["GalacticHalo","GasGiant"],"picked":"ChargingUp","floor":4.0},{"not_picked":["Acceleration","ShootingEcho"],"picked":"DarkMatter","floor":5.0},{"not_picked":["EscapeVelocity","FinalSpark"],"picked":"BinaryStars","floor":5.0},{"not_picked":["AsteroidBelt","MysteriousBeam"],"picked":"GrandCross","floor":7.0},{"not_picked":["PowerUp","GalacticHalo","UnstableBomb"],"picked":"SKIP","floor":10.0},{"not_picked":["IllusionStar","6A"],"picked":"PulseMagic","floor":12.0},{"not_picked":["IllusionStar","Acceleration","MysteriousBeam"],"picked":"SKIP","floor":13.0},{"not_picked":["DC","WitchLeyline"],"picked":"AlicesGift","floor":14.0},{"not_picked":["TreasureHunter","MillisecondPulsars"],"picked":"SuperNova","floor":16.0},{"not_picked":["6A","GalacticHalo"],"picked":"MagicAbsorber+1","floor":18.0},{"not_picked":["GrandCross","EventHorizon"],"picked":"SporeBomb+1","floor":19.0},{"not_picked":["SprinkleStarSeal","AsteroidBelt"],"picked":"JA","floor":24.0},{"not_picked":["GravityBeat","DC","LuminesStrike"],"picked":"SKIP","floor":28.0},{"not_picked":["GrandCross","PowerUp","WitchLeyline"],"picked":"SKIP","floor":29.0},{"not_picked":["Acceleration+1","Robbery"],"picked":"OrrerysSun","floor":31.0},{"not_picked":["TreasureHunter","JA"],"picked":"CasketOfStar","floor":33.0},{"not_picked":["LuminesStrike","ShootTheMoon","Acceleration"],"picked":"SKIP","floor":35.0},{"not_picked":["Gensokyo:RainbowDanmaku","Gensokyo:UnhurriedMind"],"picked":"Gensokyo:MorningStar","floor":37},{"not_picked":["Orbital","ShootTheMoon"],"picked":"EnergyFlow+1","floor":46},{"not_picked":["PropBag","Acceleration","SporeBomb"],"picked":"SKIP","floor":48}],"player_experience":1626564,"relics_obtained":[{"floor":5.0,"key":"Mastiff:ReiMu"},{"floor":7.0,"key":"AntiCross"},{"floor":9.0,"key":"Akabeko"},{"floor":14.0,"key":"Eternal Feather"},{"floor":24.0,"key":"Bag of Marbles"},{"floor":26.0,"key":"Bottled Tornado"},{"floor":43,"key":"Vajra"},{"floor":46,"key":"Bag of Preparation"}],"event_choices":[],"is_beta":false,"boss_relics":[{"not_picked":["Black Star","Tiny House"],"picked":"Ectoplasm"},{"not_picked":["Pandora\u0027s Box","Sozu"],"picked":"ExperimentalFamiliar"}],"items_purged_floors":[21],"is_endless":false,"potions_floor_spawned":[5,10,14,16,19,24,31,35],"ascension_level":14}}