{"host":"roto7j7840a50pxh","time":1614241395,"event":{"mods":["Act Like it!","BaseMod","Better Altar","Better Note","Better Sensory Stone","Better Skull","Better Third Choice","BetterRewards","Colored Map","Colored Powertips","Downfall","Hermit","Highlight Path","Hubris","Infinite Spire","Minty Spire (QoL Compilation)","Replay The Spire","Robot Space Explorer","Shade Mod","Spicy Shops","StSLib","The Construct","The Cursed","The Dragon Tamer","The Hierophant","The Necromancer","The Runesmith","The Servant 0.9.4","TheVacant"],"gold_per_floor":[118,138,151,151,151,151,184,184,207,207,219,236,236,253,253,350,350,363,377,377,377,394,426,446,446,515,527,527,560,659,659,659,759,759,776,826,826,839,851,881,881,910,910,926,142,142,162,0,0,0],"floor_reached":51,"language":"ENG","playtime":3907,"items_purged":["hubris:Lust"],"score":769,"play_id":"da80d645-58f6-47ae-94b8-a60ef4be17aa","local_time":"20210225032315","is_ascension_mode":true,"campfire_choices":[{"data":"construct:CripplingShot","floor":6.0,"key":"SMITH"},{"data":"construct:CripplingShot","floor":10.0,"key":"SMITH"},{"data":"construct:ScopeCore","floor":15.0,"key":"SMITH"},{"floor":25,"key":"REST"},{"floor":32,"key":"REST"},{"floor":41,"key":"REST"}],"circlet_count":0,"master_deck":["construct:Strike_Gold","construct:Strike_Gold","construct:Strike_Gold","construct:Strike_Gold","construct:Strike_Gold","construct:Defend_Gold","construct:Defend_Gold","construct:Defend_Gold","construct:Defend_Gold","construct:Defend_Gold+1","construct:AttackMode","construct:DefenseMode","construct:CripplingShot+1","construct:Versatility","construct:CripplingShot+1","Apotheosis+1","construct:Reinforce","construct:ScopeCore+1","construct:Electrocute","construct:Anticipate","construct:Reserves","construct:PointDefense+1","construct:FlakBarrage","infinitespire:TheBestDefense+1","Siphon_Strength","construct:Enhance+1","construct:ElectricArmor","construct:ReactiveShield","construct:FlameCore","construct:HammerDown","construct:GatlingGun","construct:Backfire","construct:QuickAttack+1","construct:LaserCore+1","construct:Accumulate+1","construct:HammerDown+1","construct:Boost","construct:OmegaCannon","construct:Boost+1","construct:Impenetrable+1","construct:Disrupt+1","construct:GuardCore+1","construct:SiegeForm","construct:Hazardproof+1"],"relics":["construct:Cogwheel","Bronze Scales","Ancient Tea Set","infinitespire:PuzzleCube","Question Card","Painkiller Herb","Bag of Marbles","hubris:Stopwatch","Girya","hubris:ClockworkCow","Replay:Blank Codex","hexamod:CandleOfCauterizing","expansioncontent:StudyCardRelic","TungstenRod","FossilizedHelix","Cursed Key","Runesmith:AutoHammer","Replay:Bottled Steam","Runesmith:Nanobots","ClockworkSouvenir","Orrery","hubris:Reverence","Red Mask"],"acts_visited":["Exordium","TheCity","TheBeyond"],"potions_floor_usage":[23,27,40,50,50,50,50,50,50],"damage_taken":[{"damage":1.0,"enemies":"Cultist","floor":1.0,"turns":4.0},{"damage":0.0,"enemies":"Small Slimes","floor":2.0,"turns":4.0},{"damage":5.0,"enemies":"Jaw Worm","floor":3.0,"turns":4.0},{"damage":19.0,"enemies":"Gremlin Nob","floor":7.0,"turns":6.0},{"damage":0.0,"enemies":"Exordium Wildlife","floor":11.0,"turns":5.0},{"damage":2.0,"enemies":"Blue Slaver","floor":12.0,"turns":4.0},{"damage":0.0,"enemies":"Red Slaver","floor":14.0,"turns":4.0},{"damage":12.0,"enemies":"Slime Boss","floor":16.0,"turns":12.0},{"damage":7.0,"enemies":"Shell Parasite","floor":18.0,"turns":7.0},{"damage":17.0,"enemies":"Spheric Guardian","floor":19.0,"turns":4.0},{"damage":2,"enemies":"Cultist and Chosen","floor":22,"turns":5},{"damage":17,"enemies":"Replay:Snechameleon","floor":23,"turns":6},{"damage":10,"enemies":"Centurion and Healer","floor":24,"turns":7},{"damage":0,"enemies":"Sentry and Sphere","floor":27,"turns":5},{"damage":0,"enemies":"Book of Stabbing","floor":29,"turns":6},{"damage":13,"enemies":"Collector","floor":33,"turns":9},{"damage":15,"enemies":"Orb Walker","floor":35,"turns":4},{"damage":0,"enemies":"Mind Bloom Boss Battle","floor":36,"turns":9},{"damage":7,"enemies":"3 Darklings","floor":38,"turns":2},{"damage":0,"enemies":"Maw","floor":39,"turns":6},{"damage":16,"enemies":"Reptomancer","floor":40,"turns":3},{"damage":9,"enemies":"Giant Head","floor":42,"turns":7},{"damage":0,"enemies":"Jaw Worm Horde","floor":44,"turns":3},{"damage":0,"enemies":"Sphere and 2 Shapes","floor":47,"turns":4},{"damage":30,"enemies":"Replay:Hell Engine","floor":50,"turns":11}],"seed_played":"-5779201456341936768","potions_obtained":[{"floor":1.0,"key":"Block Potion"},{"floor":3.0,"key":"LifebloodPotion"},{"floor":11.0,"key":"FearPotion"},{"floor":16.0,"key":"SneckoOil"},{"floor":18.0,"key":"Swift Potion"},{"floor":22,"key":"champ:CounterPotion"},{"floor":23,"key":"ColorlessPotion"},{"floor":29,"key":"SmokeBomb"},{"floor":38,"key":"DistilledChaos"},{"floor":40,"key":"EntropicBrew"},{"floor":47,"key":"Block Potion"}],"is_trial":false,"path_per_floor":["M","M","M","?","?","R","E","?","T","R","M","M","T","M","R","B",null,"?","?","AVR","?","?","E","?","T","T","?","?","E","?","?","T","B",null,"?","?","AVR","?","?","E","T","E","T","?","T","?","?","?","T","B",null],"character_chosen":"THE_CONSTRUCT_MOD","items_purchased":["ClockworkSouvenir","Orrery","hubris:Reverence","construct:SiegeForm"],"campfire_rested":3,"item_purchase_floors":[45,45,45,45],"current_hp_per_floor":[84,84,79,79,79,79,60,60,60,60,60,58,58,58,58,46,81,74,57,57,57,55,38,28,55,55,55,39,39,39,39,66,53,83,68,68,68,61,61,45,72,63,63,63,63,63,63,63,90,60],"gold":0,"neow_bonus":"TEN_PERCENT_HP_BONUS","is_daily":false,"chose_seed":false,"campfire_upgraded":3,"win_rate":0.0,"timestamp":1614241395,"path_taken":["M","M","M","?","?","R","E","?","T","R","M","?","?","M","R","BOSS","?","?","AVR","?","?","E","?","T","T","?","?","E","?","?","T","BOSS","?","?","AVR","?","?","E","T","E","T","?","T","?","?","?","T","BOSS"],"items_purchased_type":["Relic","Relic","Relic","Card"],"build_version":"2020-12-22","purchased_purges":1,"victory":true,"max_hp_per_floor":[93,93,93,93,93,93,93,93,93,93,93,93,93,93,93,93,93,93,93,93,93,93,93,93,93,93,93,93,93,93,93,93,93,93,93,93,93,93,93,93,93,93,93,93,93,93,93,93,93,93],"card_choices":[{"not_picked":["construct:ModeShift","construct:HeavyBolt"],"picked":"construct:CripplingShot","floor":1.0},{"not_picked":["construct:SyphonStrike","construct:Analyze"],"picked":"construct:Versatility","floor":2.0},{"not_picked":["construct:ElectricArmor","construct:ModeShift"],"picked":"construct:CripplingShot","floor":3.0},{"not_picked":["construct:ModeShift","construct:ShiftingStance"],"picked":"construct:Reinforce","floor":7.0},{"not_picked":["construct:Construct_Overclock","construct:VentSteam"],"picked":"construct:ScopeCore","floor":11.0},{"not_picked":["construct:FocusedBeam","construct:ModeShift"],"picked":"construct:Electrocute","floor":12.0},{"not_picked":["construct:Missile","construct:SweepLaser","construct:Forcefield"],"picked":"construct:Anticipate","floor":14.0},{"not_picked":["construct:MassProduction","construct:SpinDrive","construct:HastyRepair"],"picked":"construct:Reserves","floor":16.0},{"not_picked":["construct:SweepLaser","construct:HeavyBolt","construct:Forcefield"],"picked":"construct:PointDefense+1","floor":18.0},{"not_picked":["construct:ShiftStrike","construct:MassProduction","construct:Boost"],"picked":"construct:FlakBarrage","floor":19.0},{"not_picked":["construct:Synchronize+1","construct:Tumble","construct:Overcharge"],"picked":"construct:Enhance+1","floor":22},{"not_picked":["construct:HeavyBolt","construct:SyphonStrike","construct:Forcefield"],"picked":"construct:ElectricArmor","floor":23},{"not_picked":["construct:LaserCore","construct:ClusterMines","construct:SaveState"],"picked":"construct:ReactiveShield","floor":24},{"not_picked":["construct:Accumulate+1","construct:Stasis","construct:SuppressiveFire"],"picked":"construct:FlameCore","floor":27},{"not_picked":["construct:Reinforce","construct:Zapper","construct:SaveState+1"],"picked":"construct:HammerDown","floor":29},{"not_picked":["construct:ShieldBurst","construct:ShieldGenerator","construct:SpinDrive"],"picked":"construct:GatlingGun","floor":33},{"not_picked":["construct:Anticipate","construct:SuppressiveFire+1","construct:SyphonStrike+1"],"picked":"construct:Backfire","floor":35},{"not_picked":["construct:Electrocute","construct:VentSteam","construct:Versatility"],"picked":"construct:QuickAttack+1","floor":36},{"not_picked":["construct:HeavyBolt","construct:Forcefield","construct:ForceCore"],"picked":"construct:LaserCore+1","floor":38},{"not_picked":["construct:Backfire","construct:Impenetrable","construct:SaveState+1"],"picked":"construct:Accumulate+1","floor":39},{"not_picked":["construct:ForceCore","construct:LaserCore","construct:BatteryAcid+1"],"picked":"construct:HammerDown","floor":40},{"not_picked":["construct:SweepLaser+1","construct:Forcefield+1","construct:Synchronize+1"],"picked":"construct:Boost","floor":42},{"not_picked":["construct:Missile+1","construct:SyphonStrike","construct:FierceBash"],"picked":"construct:OmegaCannon","floor":44},{"not_picked":["construct:Isolate+1","construct:Forcefield+1","construct:Anticipate"],"picked":"construct:Boost+1","floor":45},{"not_picked":["construct:SweepLaser+1","construct:Bunker","construct:ClusterMines+1"],"picked":"construct:Impenetrable+1","floor":45},{"not_picked":["construct:FocusedBeam+1","construct:SweepLaser","construct:Forcefield"],"picked":"construct:Disrupt+1","floor":45},{"not_picked":["construct:PanicFire","construct:ReactiveShield","construct:Multistage"],"picked":"construct:GuardCore+1","floor":45},{"not_picked":["construct:ClusterMines","construct:Stasis","construct:Autoturret+1"],"picked":"construct:Hazardproof+1","floor":47}],"player_experience":2009706,"relics_obtained":[{"floor":7.0,"key":"Bronze Scales"},{"floor":8.0,"key":"Ancient Tea Set"},{"floor":9.0,"key":"infinitespire:PuzzleCube"},{"floor":13.0,"key":"Question Card"},{"floor":23,"key":"Girya"},{"floor":26,"key":"hubris:ClockworkCow"},{"floor":28,"key":"Replay:Blank Codex"},{"floor":29,"key":"hexamod:CandleOfCauterizing"},{"floor":36,"key":"TungstenRod"},{"floor":40,"key":"Runesmith:AutoHammer"},{"floor":42,"key":"Replay:Bottled Steam"},{"floor":43,"key":"Runesmith:Nanobots"}],"event_choices":[{"damage_healed":79.0,"max_hp_gain":0.0,"max_hp_loss":93.0,"gold_gain":0.0,"event_name":"betterThird:BetterShining","player_choice":"Embrace","floor":5.0,"gold_loss":0.0,"damage_taken":0.0},{"cards_removed":["Apotheosis"],"damage_healed":0,"gold_gain":0,"player_choice":"Take \u0026 Give","damage_taken":0,"max_hp_gain":0,"max_hp_loss":0,"event_name":"betterNote:BetterNote","floor":21,"gold_loss":0,"cards_obtained":["Siphon_Strength"]},{"damage_healed":0,"gold_gain":0,"player_choice":"Obtained Book","damage_taken":16,"max_hp_gain":0,"max_hp_loss":0,"event_name":"Cursed Tome","floor":28,"gold_loss":0},{"damage_healed":0,"gold_gain":99,"player_choice":"Steal","damage_taken":0,"max_hp_gain":0,"max_hp_loss":0,"event_name":"betterThird:BetterNest","floor":30,"gold_loss":0},{"damage_healed":0,"gold_gain":0,"player_choice":"Fight","damage_taken":0,"max_hp_gain":0,"max_hp_loss":0,"event_name":"MindBloom","floor":36,"gold_loss":0},{"damage_healed":0,"gold_gain":0,"player_choice":"Upgraded","damage_taken":0,"max_hp_gain":0,"max_hp_loss":0,"event_name":"Upgrade Shrine","floor":46,"gold_loss":0,"cards_upgraded":["infinitespire:TheBestDefense"]},{"damage_healed":0,"gold_gain":0,"player_choice":"Paid","damage_taken":0,"relics_obtained":["Red Mask"],"max_hp_gain":0,"max_hp_loss":0,"event_name":"Tomb of Lord Red Mask","floor":48,"gold_loss":162}],"is_beta":false,"boss_relics":[{"not_picked":["hubris:VirtuousBlindfold","Fusion Hammer"],"picked":"Painkiller Herb"},{"not_picked":["Honey Jar","Tiny House"],"picked":"expansioncontent:StudyCardRelic"}],"items_purged_floors":[45],"is_endless":false,"potions_floor_spawned":[1,3,11,16,18,22,23,29,38,40,47],"ascension_level":6}}