{"host":"l4lyu1jo6nvtq6u8","time":1614226128,"event":{"mods":["Act Like it!","Aspiration","BaseMod","Better Sensory Stone","Better Third Choice","CapriCore","Conspire","Curses Come First","Energized Spire","FetchMod","Gensokyo","Halation","Hubris","Infinite Spire","Jedi Mod","Marisa????????","Minty Spire (QoL Compilation)","Pale of the Ancients","Poor People Problems","Quick Restart","Random Character Button","RatMod","Relic Sorter","Replay The Spire","StSLib","The Construct","The Immortal","The Poker Player","Trackpad","Yakumo Yukari mod","egg","slay the spire mod where everything is the same but ironclad has a cowboy hat"],"gold_per_floor":[118,198,198,210,18,45,57,57,57,57,69,87,87,87,87,182,182,194,48,48,48,58,89,89,89],"floor_reached":24,"language":"ENG","playtime":939,"items_purged":["construct:Strike_Gold","construct:CripplingShot"],"score":239,"play_id":"3b904e7b-01a4-478d-bb81-73d1a9b7a52b","local_time":"20210224220848","is_ascension_mode":false,"campfire_choices":[{"data":"construct:LaserCore","floor":8,"key":"SMITH"},{"data":"construct:LaserCore+1","floor":10,"key":"SMITH"},{"data":"construct:Tumble","floor":15,"key":"SMITH"}],"circlet_count":0,"master_deck":["construct:Strike_Gold","construct:Strike_Gold","construct:Defend_Gold","construct:Defend_Gold","construct:Defend_Gold","construct:Defend_Gold","construct:AttackMode","construct:DefenseMode","construct:Autoturret","construct:Tumble+1","construct:LaserCore+2","Purity","Panacea","construct:OneWayMirror+1","construct:ShieldGenerator+1","construct:Impenetrable+1","construct:CripplingShot+1","construct:Autoturret","construct:ScopeCore","construct:BatteryCore"],"relics":["construct:ClockworkPhoenix","halation:PinkSoulGem","NeowsBlessing","BargainBundle","jedi:crownofsimplicity","jedi:Pinwheel","Astrolabe","Bag of Marbles"],"acts_visited":["Gensokyo:Gensokyo","Gensokyo:Gensokyoer"],"potions_floor_usage":[12,23],"damage_taken":[{"damage":0,"enemies":"Gensokyo:2_Kodama","floor":1,"turns":2},{"damage":0,"enemies":"Gensokyo:Python","floor":4,"turns":1},{"damage":0,"enemies":"Gensokyo:Aya","floor":6,"turns":1},{"damage":7,"enemies":"Gensokyo:Gryphon","floor":7,"turns":6},{"damage":3,"enemies":"Gensokyo:3_Kodama","floor":11,"turns":7},{"damage":18,"enemies":"Gensokyo:CorruptedTreant","floor":12,"turns":3},{"damage":13,"enemies":"Gensokyo:Reimu","floor":16,"turns":10},{"damage":2,"enemies":"Gensokyo:Chomper","floor":18,"turns":5},{"damage":44,"enemies":"Gensokyo:3_Dogs","floor":22,"turns":7},{"damage":10,"enemies":"Gensokyo:Tenshi","floor":23,"turns":6},{"damage":39,"enemies":"Gensokyo:3_Gloops","floor":24,"turns":3}],"seed_played":"-1913347596203941918","potions_obtained":[{"floor":6,"key":"jedi:mysterypotion"},{"floor":16,"key":"SteroidPotion"}],"is_trial":false,"path_per_floor":["M","?","?","M","$","E","M","R","T","R","M","M","?","?","R","B",null,"M","$","?","?","M","E","M"],"character_chosen":"THE_CONSTRUCT_MOD","items_purchased":["BargainBundle","Cursed Concoction","AttackPotion","SpeedPotion","construct:LaserCore","Purity","construct:Autoturret"],"campfire_rested":0,"item_purchase_floors":[5,5,5,5,5,5,19],"current_hp_per_floor":[85,85,85,85,85,85,78,78,78,78,75,57,57,57,57,44,85,83,83,83,85,41,31,0,0],"gold":89,"neow_bonus":"THREE_ENEMY_KILL","is_daily":false,"chose_seed":false,"campfire_upgraded":3,"win_rate":0.0,"timestamp":1614226128,"path_taken":["M","?","?","?","?","E","M","R","T","R","M","?","?","?","R","BOSS","M","$","?","?","?","E","M"],"items_purchased_type":["Relic","Potion","Potion","Potion","Card","Card","Card"],"build_version":"2020-12-22","purchased_purges":2,"victory":false,"max_hp_per_floor":[85,85,85,85,85,85,85,85,85,85,85,85,85,85,85,85,85,85,85,85,85,85,85,85,85],"card_choices":[{"not_picked":["construct:ScrapCannon","construct:PowerUp"],"picked":"construct:Autoturret","floor":1},{"not_picked":["construct:Reinforce","construct:Boost"],"picked":"construct:Tumble","floor":4},{"not_picked":["construct:UnbalancingBlast","construct:FocusedBeam"],"picked":"construct:CripplingShot","floor":6},{"not_picked":["construct:ElectricArmor","construct:Disrupt","construct:ShiftStrike"],"picked":"SKIP","floor":7},{"not_picked":["construct:Anticipate","construct:Impenetrable","construct:Overcharge"],"picked":"SKIP","floor":11},{"not_picked":["construct:ShiftStrike","construct:Isolate","construct:Backup"],"picked":"SKIP","floor":12},{"not_picked":["Madness","Forethought"],"picked":"Panacea","floor":14},{"not_picked":["construct:CriticalHit","construct:SaveState+1"],"picked":"construct:CripplingShot+1","floor":18},{"not_picked":["construct:SweepLaser","construct:Impenetrable","construct:ScrapCannon"],"picked":"SKIP","floor":22},{"not_picked":["construct:Isolate","construct:Boost"],"picked":"construct:BatteryCore","floor":23}],"player_experience":569200,"relics_obtained":[{"floor":6,"key":"jedi:crownofsimplicity"},{"floor":9,"key":"jedi:Pinwheel"},{"floor":23,"key":"Bag of Marbles"}],"event_choices":[{"damage_healed":0,"gold_gain":1,"player_choice":"1","damage_taken":0,"max_hp_gain":0,"max_hp_loss":0,"event_name":"betterStone:BetterStone","floor":14,"gold_loss":0}],"is_beta":false,"boss_relics":[{"not_picked":["aspiration:SecretTechniqueScroll","hubris:VirtuousBlindfold"],"picked":"Astrolabe"}],"items_purged_floors":[5,19],"is_endless":false,"potions_floor_spawned":[6,11,16],"killed_by":"Gensokyo:3_Gloops","ascension_level":0}}