{"host":"75zx7uhsgygk98v8","time":1614275144,"event":{"mods":["BaseMod","Beaked The Cultist","Colored Map","Colored Powertips","Downfall","Googly Eyes","Gremlin Mod","Highlight Path","Mad Scientist","Minty Spire (QoL Compilation)","Rare Cards Sparkle","Somnambulant","Spicy Shops","StSLib","The Construct","The Cursed","The Forsaken","The Mystic","The Necromancer"],"gold_per_floor":[118,68,82,93,93,121,141,141,141],"floor_reached":8,"language":"ENG","playtime":491,"items_purged":[],"score":61,"play_id":"7455e366-639c-4f82-97d4-f3d1e6bc3b45","local_time":"20210225114544","is_ascension_mode":true,"campfire_choices":[],"circlet_count":0,"master_deck":["beaked:Strike_Y","beaked:Strike_Y","beaked:Strike_Y","beaked:Strike_Y","beaked:Strike_Y","beaked:Defend_Y","beaked:Defend_Y","beaked:Defend_Y","beaked:Defend_Y","beaked:Ceremony","beaked:Ceremony","beaked:Ceremony","beaked:Hexing","beaked:Windmill","beaked:DigDeep","beaked:Tweet","beaked:SurvivalInstinct"],"relics":["beaked:MendingPlumage","Prayer Wheel"],"acts_visited":["Exordium"],"potions_floor_usage":[8],"damage_taken":[{"damage":16,"enemies":"2 Louse","floor":1,"turns":8},{"damage":2,"enemies":"Small Slimes","floor":3,"turns":5},{"damage":11,"enemies":"Jaw Worm","floor":4,"turns":4},{"damage":34,"enemies":"Gremlin Nob","floor":6,"turns":5},{"damage":22,"enemies":"Red Slaver","floor":7,"turns":6},{"damage":52,"enemies":"3 Sentries","floor":8,"turns":9}],"seed_played":"8313427906489063331","potions_obtained":[{"floor":4,"key":"SteroidPotion"},{"floor":6,"key":"sneckomod:MuddlingPotion"}],"is_trial":false,"path_per_floor":["M","?","M","M","?","E","M","E"],"character_chosen":"BEAKED_THE_CULTIST","items_purchased":[],"campfire_rested":0,"item_purchase_floors":[],"current_hp_per_floor":[55,55,55,51,51,29,28,0,0],"gold":141,"neow_bonus":"TEN_PERCENT_HP_BONUS","is_daily":false,"chose_seed":false,"campfire_upgraded":0,"win_rate":0.0,"timestamp":1614275144,"path_taken":["M","?","M","M","?","E","M","E"],"items_purchased_type":[],"build_version":"2020-12-22","purchased_purges":0,"victory":false,"max_hp_per_floor":[55,55,55,55,55,55,55,55,55],"card_choices":[{"not_picked":["beaked:WarriorEssence","beaked:StunningBlow"],"picked":"beaked:Hexing","floor":1},{"not_picked":["beaked:DigDeep","beaked:SacrificialAttack","beaked:Recite"],"picked":"SKIP","floor":3},{"not_picked":["beaked:WarriorEssence","beaked:BloodForTheGods"],"picked":"beaked:Windmill","floor":4},{"not_picked":["beaked:Tradeoff","beaked:FullHouse"],"picked":"beaked:DigDeep","floor":6},{"not_picked":["beaked:DigDeeper","beaked:SacrificialDive"],"picked":"beaked:Tweet","floor":7},{"not_picked":["beaked:Tradeoff","beaked:StickSmack"],"picked":"beaked:SurvivalInstinct","floor":7}],"player_experience":1538326,"relics_obtained":[{"floor":6,"key":"Prayer Wheel"}],"event_choices":[{"cards_removed":["beaked:Strike_Y"],"damage_healed":0,"gold_gain":0,"player_choice":"Card Removal","damage_taken":0,"max_hp_gain":0,"max_hp_loss":0,"event_name":"The Cleric","floor":2,"gold_loss":50},{"damage_healed":0,"gold_gain":0,"player_choice":"Ignored","damage_taken":0,"max_hp_gain":0,"max_hp_loss":0,"event_name":"Liars Game","floor":5,"gold_loss":0}],"is_beta":false,"boss_relics":[],"items_purged_floors":[],"is_endless":false,"potions_floor_spawned":[4,6],"killed_by":"3 Sentries","ascension_level":1}}