{"host":"hszimsrtxxc2k25w","time":1614283727,"event":{"mods":["AchievementEnabler","BaseMod","Colored Map","DeckTracker","Minty Spire (QoL Compilation)","Rare Cards Sparkle","SuperFastMode"],"gold_per_floor":[119,119,136,152,171,171,16,16,316,326,147,169,201,211,211,286,286,300,0,0,0,0,0],"floor_reached":22,"language":"KOR","playtime":538,"items_purged":["Strike_P","Strike_P"],"score":322,"play_id":"50cb88b0-3a40-406f-a233-01c6e1f3d0dd","local_time":"20210226050847","is_ascension_mode":true,"campfire_choices":[{"data":"Eruption","floor":6.0,"key":"SMITH"},{"data":"Adaptation","floor":8.0,"key":"SMITH"},{"floor":15.0,"key":"REST"}],"circlet_count":0,"master_deck":["AscendersBane","Defend_P","Eruption+1","Vigilance","Ragnarok","Adaptation+1","MentalFortress","Adaptation","EmptyMind"],"relics":["PureWater","Old Coin","Odd Mushroom","Girya","Empty Cage"],"acts_visited":["Exordium","TheCity"],"potions_floor_usage":[22,22],"damage_taken":[{"damage":0.0,"enemies":"Jaw Worm","floor":1.0,"turns":4.0},{"damage":0.0,"enemies":"Cultist","floor":3.0,"turns":3.0},{"damage":0.0,"enemies":"Small Slimes","floor":4.0,"turns":2.0},{"damage":3.0,"enemies":"Blue Slaver","floor":5.0,"turns":5.0},{"damage":16.0,"enemies":"3 Louse","floor":10.0,"turns":2.0},{"damage":3.0,"enemies":"The Mushroom Lair","floor":12.0,"turns":3.0},{"damage":19.0,"enemies":"3 Sentries","floor":13.0,"turns":6.0},{"damage":6.0,"enemies":"Looter","floor":14.0,"turns":2.0},{"damage":13.0,"enemies":"The Guardian","floor":16.0,"turns":12.0},{"damage":36.0,"enemies":"2 Thieves","floor":18.0,"turns":3.0},{"damage":0,"enemies":"3 Byrds","floor":22,"turns":2}],"seed_played":"6589660013583636414","potions_obtained":[{"floor":1.0,"key":"Regen Potion"},{"floor":5.0,"key":"LiquidBronze"},{"floor":14.0,"key":"ColorlessPotion"}],"is_trial":false,"path_per_floor":["M","?","M","M","M","R","$","R","T","M","$","?","E","M","R","B",null,"M","?","?","?","M"],"character_chosen":"WATCHER","items_purchased":["Adaptation","MentalFortress"],"campfire_rested":1,"item_purchase_floors":[7,11],"current_hp_per_floor":[43,43,43,43,40,40,40,40,40,24,24,21,17,11,31,18,56,20,20,1,1,1,1],"gold":0,"neow_bonus":"REMOVE_TWO","is_daily":false,"chose_seed":true,"campfire_upgraded":2,"win_rate":0.0,"timestamp":1614283727,"path_taken":["M","?","?","M","M","R","$","R","T","M","$","?","E","M","R","BOSS","M","?","?","?","M"],"items_purchased_type":["Card","Card"],"build_version":"2020-12-22","purchased_purges":2,"victory":false,"max_hp_per_floor":[68,68,68,68,68,68,68,68,68,68,68,68,68,68,68,68,68,68,68,73,73,73,73],"card_choices":[{"not_picked":["ReachHeaven","Protect","JustLucky"],"picked":"SKIP","floor":1.0},{"not_picked":["JustLucky","SashWhip","Crescendo"],"picked":"SKIP","floor":3.0},{"not_picked":["Conclude","LikeWater","FollowUp"],"picked":"SKIP","floor":4.0},{"not_picked":["FlyingSleeves","Collect"],"picked":"Ragnarok","floor":5.0},{"not_picked":["Protect","WindmillStrike","Crescendo"],"picked":"SKIP","floor":10.0},{"not_picked":["Halt","BowlingBash"],"picked":"Adaptation","floor":13.0},{"not_picked":["WaveOfTheHand","EmptyFist","Indignation"],"picked":"SKIP","floor":14.0},{"not_picked":["WheelKick","SignatureMove"],"picked":"EmptyMind","floor":18.0}],"player_experience":709679,"relics_obtained":[{"floor":9.0,"key":"Old Coin"},{"floor":12.0,"key":"Odd Mushroom"},{"floor":13.0,"key":"Girya"}],"event_choices":[{"cards_removed":["Defend_P"],"damage_healed":0.0,"max_hp_gain":0.0,"max_hp_loss":0.0,"gold_gain":0.0,"event_name":"Bonfire Elementals","player_choice":"Offered Basic","floor":2.0,"gold_loss":0.0,"damage_taken":0.0},{"damage_healed":0.0,"max_hp_gain":0.0,"max_hp_loss":0.0,"gold_gain":0.0,"event_name":"Mushrooms","player_choice":"Fought Mushrooms","floor":12.0,"gold_loss":0.0,"damage_taken":0.0},{"damage_healed":0.0,"max_hp_gain":0.0,"max_hp_loss":0.0,"gold_gain":0.0,"event_name":"Masked Bandits","player_choice":"Paid Fearfully","floor":19.0,"gold_loss":300.0,"damage_taken":0.0},{"damage_healed":0.0,"max_hp_gain":5.0,"max_hp_loss":0.0,"gold_gain":0.0,"event_name":"Forgotten Altar","player_choice":"Shed Blood","floor":20.0,"gold_loss":0.0,"damage_taken":24.0},{"damage_healed":0.0,"max_hp_gain":0.0,"max_hp_loss":0.0,"gold_gain":0.0,"event_name":"The Mausoleum","player_choice":"Ignored","floor":21.0,"gold_loss":0.0,"damage_taken":0.0}],"is_beta":false,"boss_relics":[{"not_picked":["Busted Crown","Calling Bell"],"picked":"Empty Cage"}],"items_purged_floors":[7,11],"is_endless":false,"potions_floor_spawned":[1,5,10,14,18],"killed_by":"3 Byrds","ascension_level":15}}