{"host":"avq773cl9g5msfol","time":1614254066,"event":{"mods":["100% Spire Juice","AchievementEnabler","Act Like it!","Ascension Unlocker","Aspiration","Astrologer","Bard","Bartender","BaseMod","Better Altar","Better Third Choice","BetterRewards","CapriCore","ChefMod","Colored Map","Colored Powertips","Conspire","Dio Mod","Downfall","Elementarium","Energized Spire","Extra Virgin Snecko Oil","Gensokyo","GifTheSpireLib","Hallownest","Hermit","Highlight Path","Hubris","Humility","Infinite Spire","Jorbs\u0027s Wanderer Trilogy","Koishi","Magitek Elite","Marisa????????","Marked Mod","Menagerie","Minty Spire (QoL Compilation)","Pale of the Ancients","Potionbrewer","Quarter Circle Forward PUNCH!","Rare Cards Sparkle","Reimu??????","Relic Stats","Reliquary","Remilia??????","Replay The Spire","Robot Space Explorer","SacredBarkPlus","Shade Mod","Shapeshifter Mod","Somnambulant","Spicy Shops","Spire Arcade","StSLib","The Administrix","The Blue Laboratory","The Bug Knight","The Construct","The Cursed","The Disciple","The Dragon Tamer","The Exalted","The Hayseed","The Hierophant","The Hydrologist","The Immortal","The Marked","The Mystic","The Problem Sleuth","The Runesmith","The Senshi","The Vixen","The Wild Card","TheFirefly","Wandering Minibosses","Wide Potions","vexMod"],"gold_per_floor":[115,115,132,158,158,187,187,222,275,288,317,334,334,344,344,419,419,434,434,434,434,434,434,448,475,545,545,575,626,645,677,677,778,778,809,212,212,242,242,242,290,290,314,352,381,415,59,77,77,87,121],"floor_reached":52,"language":"ENG","playtime":2784,"items_purged":["RobotSpaceExplorer:MiniDrones+1"],"score":2995,"play_id":"05cf5072-bf5d-4bdd-b477-e28c348e7f8f","local_time":"20210225185426","is_ascension_mode":true,"campfire_choices":[{"data":"infinitespire:FutureSight","floor":7,"key":"SMITH"},{"data":"RobotSpaceExplorer:TurboDodge","floor":15,"key":"SMITH"},{"floor":23,"key":"REST"},{"floor":32,"key":"REST"},{"data":"infinitespire:UltimateForm","floor":40,"key":"SMITH"},{"floor":42,"key":"REST"},{"floor":49,"key":"DIG"}],"circlet_count":0,"master_deck":["AscendersBane","RobotSpaceExplorer:Scan+1","RobotSpaceExplorer:MiniLasers+1","RobotSpaceExplorer:Asteroid+1","RobotSpaceExplorer:FrostMissile+1","RobotSpaceExplorer:LaserBurst+1","RobotSpaceExplorer:BlastShield+1","RobotSpaceExplorer:ShockMissile+1","RobotSpaceExplorer:ShockKick+1","RobotSpaceExplorer:FranticSearch+1","RobotSpaceExplorer:ShovelStrike+1","RobotSpaceExplorer:StarLightning+1","RobotSpaceExplorer:Smokescreen+1","RobotSpaceExplorer:Discharger+1","RobotSpaceExplorer:DualCore+1","RobotSpaceExplorer:MiniDrones+1","RobotSpaceExplorer:PowerCollector+1","RobotSpaceExplorer:SurgingShield+1","RobotSpaceExplorer:Pulsar+1","RobotSpaceExplorer:MetalStrike+1","RobotSpaceExplorer:FreezeRay+1","RobotSpaceExplorer:GlueShot+1","RobotSpaceExplorer:Blitz+1","RobotSpaceExplorer:Electropulse+1","Replay:BasicMightCard+1","RobotSpaceExplorer:SelfCleaning+1","RobotSpaceExplorer:Counterblock+1","RobotSpaceExplorer:MiniBoosters+1","Sadistic Nature+1","Specialist+1","RobotSpaceExplorer:GearShield+1","Good Instincts+1","Madness+1","infinitespire:FutureSight+1","RobotSpaceExplorer:TurboDodge+1","RobotSpaceExplorer:Comet+1","RobotSpaceExplorer:TrailblazerForm+1","RobotSpaceExplorer:Blaster+1","ReplayTheSpireMod:Brewmster+1","infinitespire:UltimateForm+1","Gensokyo:TurboGranny"],"relics":["RobotSpaceExplorer:RoboCore","Golden Egg","Quantum Egg","White_Cape","Happy Flower","RobotSpaceExplorer:PlasmaHourglass","Bromod:ArcaneDeflection","Sling","aspiration:FetidBarrel","PureWhite:ReiMu","infinitespire:Golems Mask","aspiration:HatOfInfinitePower","Replay:Kaleidoscope","RobotSpaceExplorer:BottledGravity","hubris:GlazedTorus","reliquary:WritOfMandamus","wanderingMiniBosses:CarrionFlame","Replay:Bandana","infinitespire:PuzzleCube","reliquary:Ember","infinitespire:Joker Card","Guardian:GemstoneGun","reliquary:Bookmark","HollowMod:QueensCombRelic"],"acts_visited":["Menagerie:Menagerie","TheCity","Gensokyo:Gensokyoest"],"potions_floor_usage":[0,0,3,18,41,50,51,51,51,51],"damage_taken":[{"damage":0,"enemies":"Menagerie:MonstrousExperiment","floor":1,"turns":1},{"damage":0,"enemies":"Menagerie:WhisperingWraith","floor":3,"turns":1},{"damage":0,"enemies":"Menagerie:Hydra","floor":4,"turns":2},{"damage":0,"enemies":"Menagerie:MaskedSummoner","floor":6,"turns":2},{"damage":0,"enemies":"Menagerie:Hydra","floor":8,"turns":2},{"damage":0,"enemies":"Menagerie:StygianBoar","floor":10,"turns":2},{"damage":0,"enemies":"Menagerie:MaskedSummoner","floor":11,"turns":3},{"damage":0,"enemies":"Menagerie:MeltingSalamander","floor":12,"turns":2},{"damage":9,"enemies":"Menagerie:DREAD_MOTH_AND_GRAFTED_WORMS","floor":14,"turns":2},{"damage":0,"enemies":"Menagerie:Chimera","floor":16,"turns":3},{"damage":0,"enemies":"3 Byrds","floor":18,"turns":4},{"damage":0,"enemies":"conspire:FuzzyDice","floor":24,"turns":3},{"damage":0,"enemies":"Book of Stabbing","floor":25,"turns":2},{"damage":9,"enemies":"Shelled Parasite and Fungi","floor":28,"turns":2},{"damage":0,"enemies":"HollowMod:Nosk","floor":29,"turns":3},{"damage":0,"enemies":"Sentry and Sphere","floor":30,"turns":2},{"damage":10,"enemies":"Replay:Snechameleon","floor":31,"turns":4},{"damage":1,"enemies":"Automaton","floor":33,"turns":4},{"damage":0,"enemies":"Gensokyo:3_Bats","floor":35,"turns":1},{"damage":4,"enemies":"Gensokyo:AncientGuardian","floor":38,"turns":2},{"damage":49,"enemies":"Gensokyo:Marisa","floor":41,"turns":4},{"damage":3,"enemies":"Gensokyo:AtlasGolem","floor":44,"turns":3},{"damage":13,"enemies":"Gensokyo:3_Boulders","floor":45,"turns":3},{"damage":16,"enemies":"Gensokyo:Dusk_and_Dawn","floor":46,"turns":3},{"damage":0,"enemies":"Gensokyo:4_Bats","floor":48,"turns":1},{"damage":12,"enemies":"Gensokyo:Shinki","floor":50,"turns":4},{"damage":0,"enemies":"Gensokyo:Yuyuko","floor":51,"turns":4}],"seed_played":"8869417338610531977","potions_obtained":[{"floor":4,"key":"LifebloodPotion"},{"floor":30,"key":"potionbrewer:EndurancePotion"},{"floor":35,"key":"Cursed Concoction"},{"floor":44,"key":"Adrenaline Potion"}],"is_trial":false,"path_per_floor":["M","?","M","E","$","E","R","E","T","M","E","M","?","M","R","B",null,"M","?","?","?","$","R","M","E","T","?","M","E","M","E","R","B",null,"M","$","?","M","AVR","R","E","R","T","M","M","M","COS","M","R_BF","B","B",null],"character_chosen":"RobotSpaceExplorer","items_purchased":["RobotSpaceExplorer:StarLightning","RobotSpaceExplorer:Smokescreen","RobotSpaceExplorer:Discharger","White_Cape","RobotSpaceExplorer:DualCore","potionbrewer:BlacksmithPotion","RobotSpaceExplorer:MiniDrones","Happy Flower","RobotSpaceExplorer:PowerCollector","RobotSpaceExplorer:SurgingShield","RobotSpaceExplorer:Pulsar","RobotSpaceExplorer:MetalStrike","RobotSpaceExplorer:FreezeRay+1","RobotSpaceExplorer:GlueShot","RobotSpaceExplorer:Blitz","RobotSpaceExplorer:Electropulse","Replay:BasicMightCard","RobotSpaceExplorer:SelfCleaning","RobotSpaceExplorer:Counterblock","RobotSpaceExplorer:PlasmaHourglass","Bromod:ArcaneDeflection","RobotSpaceExplorer:MiniBoosters","Sadistic Nature","Specialist","Sling","DuplicationPotion","aspiration:FetidBarrel","RobotSpaceExplorer:GearShield","Good Instincts","PureWhite:ReiMu","infinitespire:Golems Mask","aspiration:HatOfInfinitePower","Replay:Kaleidoscope","Madness","RobotSpaceExplorer:BottledGravity","ReplayTheSpireMod:Brewmster","infinitespire:Joker Card"],"campfire_rested":3,"item_purchase_floors":[0,0,0,0,0,0,0,0,0,0,0,0,0,0,0,0,0,0,0,0,0,0,0,0,0,0,0,0,0,0,0,0,0,0,0,36,36],"current_hp_per_floor":[64,48,48,48,48,48,48,48,48,48,48,48,52,43,43,43,64,64,71,71,74,74,74,74,74,74,74,65,65,65,55,74,73,74,74,74,74,70,70,70,21,43,43,40,27,11,11,11,11,7,7],"gold":121,"neow_bonus":"","is_daily":false,"chose_seed":false,"campfire_upgraded":3,"win_rate":0.0,"timestamp":1614254066,"path_taken":["M","?","M","E","$","E","R","E","T","?","E","M","?","?","R","BOSS","M","?","?","?","$","R","M","E","T","?","M","E","?","E","R","BOSS","M","$","?","M","AVR","R","E","R","T","M","M","M","COS","M","R_BF","BOSS","BOSS"],"items_purchased_type":["Card","Card","Card","Relic","Card","Potion","Card","Relic","Card","Card","Card","Card","Card","Card","Card","Card","Card","Card","Card","Relic","Relic","Card","Card","Card","Relic","Potion","Relic","Card","Card","Relic","Relic","Relic","Relic","Card","Relic","Card","Relic"],"build_version":"2020-12-22","purchased_purges":1,"victory":true,"max_hp_per_floor":[71,71,71,71,71,71,71,71,71,71,71,71,71,71,71,71,71,71,71,71,74,74,74,74,74,74,74,74,74,74,74,74,74,74,74,74,74,74,74,74,74,74,74,74,74,74,74,74,48,48,48],"relic_stats":{"Happy Flower":[73],"counters":[56,149],"obtain_stats":[{"Golden Egg":0,"theSenshi:SuperSailorFukuRelic":0,"reliquary:SilkGlove":26,"RobotSpaceExplorer:PlasmaHourglass":0,"ZunR:ReiMu":20,"Bromod:ArcanePistoleer":0,"DemoMod:GlassGuonStoneRelic":1,"wanderingMiniBosses:AbyssPearl":18,"Ancient Tea Set":6,"Cursed Key":17,"White_Cape":37,"Sling":0,"aspiration:RitualStick":19,"Pet Ghost":23,"Replay:Bandana":25,"RobotSpaceExplorer:BottledGravity":0,"infinitespire:Golems Mask":0,"qcfpunch:Handcuffs":41,"Bromod:ArcaneGuardian":14,"hubris:GlazedTorus":8,"HollowMod:QueensCombRelic":49,"Happy Flower":0,"aspiration:FetidBarrel":0,"Quantum Egg":0,"Hallownest:SoulVesselRelic":38,"Guardian:GemstoneGun":41,"RobotSpaceExplorer:RoboCore":0,"infinitespire:Joker Card":36,"aspiration:RandomNobGenerator":34,"Replay:Kaleidoscope":0,"reliquary:Bookmark":47,"OrangePellets":0,"PureWhite:ReiMu":0,"DemoMod:GundromedaStrain":0,"ReplayTheSpireMod:Shallot":10,"wanderingMiniBosses:CarrionFlame":18,"vexMod:HeadHunter":0,"Bromod:ArcaneDeflection":0,"Pandora\u0027s Box":0,"qcfpunch:Red_Headband":0,"reliquary:Ember":34,"Membership Card":0,"reliquary:WritOfMandamus":17,"aspiration:HatOfInfinitePower":0,"infinitespire:PuzzleCube":29},{"Golden Egg":0,"theSenshi:SuperSailorFukuRelic":0,"reliquary:SilkGlove":15,"RobotSpaceExplorer:PlasmaHourglass":0,"ZunR:ReiMu":12,"Bromod:ArcanePistoleer":0,"DemoMod:GlassGuonStoneRelic":1,"wanderingMiniBosses:AbyssPearl":12,"Ancient Tea Set":5,"Cursed Key":11,"White_Cape":21,"Sling":29,"aspiration:RitualStick":12,"Pet Ghost":13,"Replay:Bandana":42,"RobotSpaceExplorer:BottledGravity":29,"infinitespire:Golems Mask":29,"qcfpunch:Handcuffs":23,"Bromod:ArcaneGuardian":10,"hubris:GlazedTorus":34,"HollowMod:QueensCombRelic":54,"Happy Flower":29,"aspiration:FetidBarrel":29,"Quantum Egg":0,"Hallownest:SoulVesselRelic":21,"Guardian:GemstoneGun":50,"RobotSpaceExplorer:RoboCore":0,"infinitespire:Joker Card":48,"aspiration:RandomNobGenerator":19,"Replay:Kaleidoscope":29,"reliquary:Bookmark":53,"OrangePellets":0,"PureWhite:ReiMu":29,"DemoMod:GundromedaStrain":0,"ReplayTheSpireMod:Shallot":8,"wanderingMiniBosses:CarrionFlame":40,"vexMod:HeadHunter":0,"Bromod:ArcaneDeflection":29,"Pandora\u0027s Box":0,"qcfpunch:Red_Headband":0,"reliquary:Ember":47,"Membership Card":0,"reliquary:WritOfMandamus":39,"aspiration:HatOfInfinitePower":29,"infinitespire:PuzzleCube":44},{"Golden Egg":0,"theSenshi:SuperSailorFukuRelic":0,"reliquary:SilkGlove":41,"RobotSpaceExplorer:PlasmaHourglass":0,"ZunR:ReiMu":31,"Bromod:ArcanePistoleer":0,"DemoMod:GlassGuonStoneRelic":2,"wanderingMiniBosses:AbyssPearl":31,"Ancient Tea Set":12,"Cursed Key":28,"White_Cape":58,"Sling":80,"aspiration:RitualStick":31,"Pet Ghost":34,"Replay:Bandana":109,"RobotSpaceExplorer:BottledGravity":80,"infinitespire:Golems Mask":80,"qcfpunch:Handcuffs":62,"Bromod:ArcaneGuardian":25,"hubris:GlazedTorus":88,"HollowMod:QueensCombRelic":141,"Happy Flower":80,"aspiration:FetidBarrel":80,"Quantum Egg":0,"Hallownest:SoulVesselRelic":58,"Guardian:GemstoneGun":131,"RobotSpaceExplorer:RoboCore":0,"infinitespire:Joker Card":125,"aspiration:RandomNobGenerator":54,"Replay:Kaleidoscope":80,"reliquary:Bookmark":140,"OrangePellets":0,"PureWhite:ReiMu":80,"DemoMod:GundromedaStrain":0,"ReplayTheSpireMod:Shallot":19,"wanderingMiniBosses:CarrionFlame":104,"vexMod:HeadHunter":0,"Bromod:ArcaneDeflection":80,"Pandora\u0027s Box":0,"qcfpunch:Red_Headband":0,"reliquary:Ember":124,"Membership Card":0,"reliquary:WritOfMandamus":100,"aspiration:HatOfInfinitePower":80,"infinitespire:PuzzleCube":114}]},"card_choices":[{"not_picked":["RobotSpaceExplorer:SwiftStep","RobotSpaceExplorer:IronShell","RobotSpaceExplorer:Electroshield"],"picked":"SKIP","floor":1},{"not_picked":["ReplayTheSpireMod:Chaos Vortex","infinitespire:TheBestDefense"],"picked":"infinitespire:FutureSight","floor":2},{"not_picked":["RobotSpaceExplorer:ShockKick","RobotSpaceExplorer:Reload","RobotSpaceExplorer:ScrapMissile"],"picked":"SKIP","floor":3},{"not_picked":["RobotSpaceExplorer:ShovelStrike","RobotSpaceExplorer:SurgingShield","RobotSpaceExplorer:FranticSearch"],"picked":"SKIP","floor":4},{"not_picked":["RobotSpaceExplorer:FranticSearch","RobotSpaceExplorer:SlimeMissile","RobotSpaceExplorer:ShovelStrike"],"picked":"SKIP","floor":6},{"not_picked":["RobotSpaceExplorer:GearShield","RobotSpaceExplorer:FreezeRay"],"picked":"RobotSpaceExplorer:TurboDodge","floor":8},{"not_picked":["RobotSpaceExplorer:SwiftStep","RobotSpaceExplorer:SurgingShield","RobotSpaceExplorer:StarLightning"],"picked":"SKIP","floor":10},{"not_picked":["RobotSpaceExplorer:Asteroid","RobotSpaceExplorer:StunGrenade","RobotSpaceExplorer:ImprovisedAttack"],"picked":"SKIP","floor":11},{"not_picked":["RobotSpaceExplorer:SurgingStrike","RobotSpaceExplorer:FrostMissile","RobotSpaceExplorer:StunGrenade"],"picked":"SKIP","floor":12},{"not_picked":["RobotSpaceExplorer:SurgingStrike","RobotSpaceExplorer:Ammunition"],"picked":"RobotSpaceExplorer:Comet","floor":14},{"not_picked":["RobotSpaceExplorer:Autoloader","RobotSpaceExplorer:HighVoltage"],"picked":"RobotSpaceExplorer:TrailblazerForm","floor":16},{"not_picked":["RobotSpaceExplorer:Electroshield","RobotSpaceExplorer:Discharger","RobotSpaceExplorer:ShockKick"],"picked":"SKIP","floor":18},{"not_picked":["RobotSpaceExplorer:SurgingShield+1","RobotSpaceExplorer:Smokescreen","RobotSpaceExplorer:Blitz"],"picked":"SKIP","floor":24},{"not_picked":["RobotSpaceExplorer:ScrapMissile","RobotSpaceExplorer:FreezeRay","RobotSpaceExplorer:StarDust"],"picked":"SKIP","floor":25},{"not_picked":["RobotSpaceExplorer:Ammunition","RobotSpaceExplorer:ScrapMissile","RobotSpaceExplorer:Fix"],"picked":"SKIP","floor":28},{"not_picked":["RobotSpaceExplorer:SurgingShield","RobotSpaceExplorer:SurgingStrike+1","RobotSpaceExplorer:LuckyStrike"],"picked":"SKIP","floor":29},{"not_picked":["RobotSpaceExplorer:StunGrenade","RobotSpaceExplorer:ScrapShield","RobotSpaceExplorer:Electropulse"],"picked":"SKIP","floor":30},{"not_picked":["RobotSpaceExplorer:StunGrenade","RobotSpaceExplorer:ScrapShield","RobotSpaceExplorer:Electropulse"],"picked":"SKIP","floor":30},{"not_picked":["RobotSpaceExplorer:FreezeRay","RobotSpaceExplorer:Pulsar","RobotSpaceExplorer:LuckyStrike+1"],"picked":"SKIP","floor":31},{"not_picked":["RobotSpaceExplorer:Wormhole","RobotSpaceExplorer:TrailblazerForm"],"picked":"RobotSpaceExplorer:Blaster","floor":33},{"not_picked":["RobotSpaceExplorer:ImprovisedAttack+1","RobotSpaceExplorer:PowerGlove","RobotSpaceExplorer:Counterblock"],"picked":"SKIP","floor":35},{"not_picked":["RobotSpaceExplorer:ImprovisedAttack+1","RobotSpaceExplorer:PowerGlove","RobotSpaceExplorer:Counterblock"],"picked":"SKIP","floor":35},{"not_picked":["RobotSpaceExplorer:Counterblock","RobotSpaceExplorer:MiniDrones","RobotSpaceExplorer:ScrapMissile"],"picked":"SKIP","floor":38},{"not_picked":["RobotSpaceExplorer:Exploration","RobotSpaceExplorer:ScrapMissile","RobotSpaceExplorer:LuckyStrike"],"picked":"SKIP","floor":41},{"not_picked":["RobotSpaceExplorer:GlueShot","RobotSpaceExplorer:FrostMissile","RobotSpaceExplorer:MiniDrones+1"],"picked":"SKIP","floor":44},{"not_picked":["RobotSpaceExplorer:FranticSearch","RobotSpaceExplorer:ScrapMissile","RobotSpaceExplorer:Counterblock"],"picked":"SKIP","floor":45},{"not_picked":["RobotSpaceExplorer:FrostMissile+1","RobotSpaceExplorer:FranticSearch","RobotSpaceExplorer:GlueShot"],"picked":"SKIP","floor":46},{"not_picked":["RobotSpaceExplorer:RigExplosive+1","RobotSpaceExplorer:Pulsar","RobotSpaceExplorer:MetalStrike"],"picked":"SKIP","floor":48}],"player_experience":1511338,"relics_obtained":[{"floor":8,"key":"hubris:GlazedTorus"},{"floor":18,"key":"wanderingMiniBosses:CarrionFlame"},{"floor":25,"key":"Replay:Bandana"},{"floor":29,"key":"infinitespire:PuzzleCube"},{"floor":41,"key":"Guardian:GemstoneGun"},{"floor":49,"key":"HollowMod:QueensCombRelic"}],"event_choices":[{"damage_healed":14,"gold_gain":0,"player_choice":"Heal","damage_taken":0,"max_hp_gain":0,"max_hp_loss":0,"event_name":"The Library","floor":19,"gold_loss":0}],"is_beta":false,"boss_relics":[{"not_picked":["hubris:CrackedHourglass","aspiration:RitualDagger"],"picked":"reliquary:WritOfMandamus"},{"not_picked":["aspiration:SecretTechniqueScroll","Snecko Heart"],"picked":"reliquary:Ember"}],"items_purged_floors":[0],"is_endless":false,"potions_floor_spawned":[1,4,8,10,25,30,35,44,45],"ascension_level":20,"is_humility":true}}