{"host":"npubv26u89aif4fa","time":1614232680,"event":{"mods":["Astrologer","BaseMod","Better Vampires","Better-Laid Plans","CapriCore","Colored Powertips","GifTheSpireLib","GungeonMod","HornydragonMod","Hubris","Jedi Mod","Minty Spire (QoL Compilation)","Potionbrewer","Quick Restart","Remilia（蕾米莉亚）","Replay The Spire","StSLib","The Administrix","The Alterego","The Blackbeard","The Bug Knight","The Cursed","The Immortal","The Marked","The Runesmith","The Showman","Yuri Mod","残留之物"],"gold_per_floor":[116,40,55,55,72,72,72,100,123,123,152,152,164,182,182,278,278,291,20,20,20],"floor_reached":20,"language":"ZHS","playtime":951,"items_purged":["theShowman:VanishingStrike"],"score":217,"play_id":"1e6cf4c3-501a-4a9a-b9a1-53b6fd63d403","local_time":"20210225135800","is_ascension_mode":true,"campfire_choices":[{"floor":6.0,"key":"RECALL"},{"data":"theShowman:KnockThePile","floor":10.0,"key":"SMITH"},{"data":"theShowman:KnockThePile","floor":12.0,"key":"SMITH"},{"data":"theShowman:ShowOfStrength","floor":15.0,"key":"SMITH"}],"circlet_count":0,"master_deck":["theShowman:VanishingStrike","theShowman:VanishingDefend","theShowman:VanishingDefend","theShowman:CardPickup52","theShowman:StageHook","theShowman:ShowOfStrength+1","theShowman:KnockThePile+1","theShowman:GotYourNose","theShowman:KnockThePile+1","theShowman:ThrowingCards","theShowman:PerfectedPerformance","theShowman:MischiefManaged","theShowman:BottomDoubleDeal","theShowman:Toro","theShowman:NowYouDont","theShowman:DapperFlourish","ReplayTheSpireMod:Brewmster"],"relics":["Snecko Eye","Lantern","Bag of Preparation","Runesmith:AutoHammer","Pandora\u0027s Box"],"acts_visited":["Exordium","TheCity"],"potions_floor_usage":[],"damage_taken":[{"damage":0.0,"enemies":"Small Slimes","floor":1.0,"turns":4.0},{"damage":0.0,"enemies":"2 Louse","floor":3.0,"turns":3.0},{"damage":0.0,"enemies":"Cultist","floor":5.0,"turns":3.0},{"damage":0.0,"enemies":"Gremlin Nob","floor":8.0,"turns":3.0},{"damage":22.0,"enemies":"Lagavulin","floor":11.0,"turns":6.0},{"damage":0.0,"enemies":"3 Louse","floor":13.0,"turns":2.0},{"damage":1.0,"enemies":"Red Slaver","floor":14.0,"turns":3.0},{"damage":36.0,"enemies":"The Guardian","floor":16.0,"turns":6.0},{"damage":19.0,"enemies":"Spheric Guardian","floor":18.0,"turns":4.0},{"damage":0,"enemies":"Chosen","floor":20,"turns":1}],"seed_played":"-3905524971301543758","potions_obtained":[{"floor":1.0,"key":"LiquidMemories"},{"floor":5.0,"key":"potionbrewer:EndurancePotion"},{"floor":7.0,"key":"Venom Potion"},{"floor":11.0,"key":"PowerPotion"},{"floor":18.0,"key":"Energy Potion"}],"is_trial":false,"path_per_floor":["M","$","M","?","M","R","?","E","T","R","E","R","M","M","R","B",null,"M","$","M"],"character_chosen":"THE_SHOWMAN","items_purchased":["theShowman:KnockThePile","ReplayTheSpireMod:Brewmster"],"campfire_rested":0,"item_purchase_floors":[2,19],"current_hp_per_floor":[75,75,75,80,80,80,80,80,80,80,58,58,58,57,57,21,80,61,61,61,61],"gold":20,"neow_bonus":"BOSS_RELIC","is_daily":false,"chose_seed":false,"campfire_upgraded":3,"win_rate":0.0,"timestamp":1614232680,"path_taken":["M","$","M","?","M","R","?","E","T","R","E","R","M","M","R","BOSS","M","$","M"],"items_purchased_type":["Card","Card"],"build_version":"2020-12-22","purchased_purges":1,"victory":false,"max_hp_per_floor":[75,75,75,80,80,80,80,80,80,80,80,80,80,80,80,80,80,80,80,80,80],"card_choices":[{"not_picked":["theShowman:PropShow","theShowman:ItsShowtime"],"picked":"theShowman:ShowOfStrength","floor":1.0},{"not_picked":["theShowman:NowYouSeeMe","theShowman:BafflingShuffle","theShowman:HatTrick"],"picked":"SKIP","floor":3.0},{"not_picked":["theShowman:NowYouDont","theShowman:ReappearingTrick"],"picked":"theShowman:GotYourNose","floor":5.0},{"not_picked":["theShowman:SleeveStash","theShowman:PropManacles"],"picked":"theShowman:KnockThePile","floor":8.0},{"not_picked":["theShowman:NothingInMyHands","theShowman:StackTheDeck"],"picked":"theShowman:ThrowingCards","floor":11.0},{"not_picked":["theShowman:SleightedFlourish","theShowman:CrashingLights","theShowman:ExtraWideSleeves"],"picked":"SKIP","floor":13.0},{"not_picked":["theShowman:BafflingShuffle","theShowman:FullHouse","theShowman:OpenTheCurtain"],"picked":"SKIP","floor":14.0},{"not_picked":["theShowman:VanishingAct","theShowman:PotentialUnleashed"],"picked":"theShowman:PerfectedPerformance","floor":16.0},{"not_picked":["theShowman:ParlorTrick","theShowman:FlashyFlourish"],"picked":"theShowman:DapperFlourish","floor":18.0}],"player_experience":404667,"relics_obtained":[{"floor":8.0,"key":"Lantern"},{"floor":9.0,"key":"Bag of Preparation"},{"floor":11.0,"key":"Runesmith:AutoHammer"}],"event_choices":[{"damage_healed":0.0,"max_hp_gain":5.0,"max_hp_loss":0.0,"gold_gain":0.0,"event_name":"Big Fish","player_choice":"Donut","floor":4.0,"gold_loss":0.0,"damage_taken":0.0},{"damage_healed":0.0,"max_hp_gain":0.0,"max_hp_loss":0.0,"gold_gain":0.0,"event_name":"Lab","player_choice":"Got Potions","floor":7.0,"gold_loss":0.0,"damage_taken":0.0}],"is_beta":false,"boss_relics":[{"not_picked":["Fusion Hammer","PlaceholderMod:LiveLive"],"picked":"Pandora\u0027s Box"}],"items_purged_floors":[19],"is_endless":false,"potions_floor_spawned":[1,5,11,18],"killed_by":"Chosen","ascension_level":1}}