{"host":"cy4bqpzmmfw1b6lr","time":1614296625,"event":{"mods":["AchievementEnabler","BaseMod","Colored Map","Conspire","Downfall","Halation","Infinite Spire","Minty Spire (QoL Compilation)","Replay The Spire","StSLib"],"gold_per_floor":[116,41,41,55,110,110,136,136,136,150,150,160,177,27,27,129,129,119,219,230,230,105,105,125,125,150,150,150,150,0,16,16,120,120,135,146,146,162,162,162],"floor_reached":39,"language":"ENG","playtime":1695,"items_purged":["Strike_R","Strike_R","Writhe","Pain"],"score":436,"play_id":"7d32741e-7619-4a2e-97f3-b4c7a0cb24e9","local_time":"20210225164345","is_ascension_mode":true,"campfire_choices":[{"data":"Entrench","floor":6,"key":"SMITH"},{"floor":8,"key":"REST"},{"floor":11,"key":"REST"},{"data":"Armaments","floor":15,"key":"SMITH"},{"data":"Pommel Strike","floor":23,"key":"SMITH"},{"data":"Evolve","floor":25,"key":"SMITH"},{"floor":27,"key":"RECALL"},{"data":"Flex","floor":29,"key":"SMITH"},{"data":"Body Slam","floor":32,"key":"SMITH"}],"circlet_count":0,"master_deck":["Strike_R","Strike_R","Strike_R+1","Defend_R","Defend_R","Defend_R","Defend_R","Bash+1","Swift Strike","Iron Wave","Battle Trance","Entrench+1","Pommel Strike+1","Body Slam+1","Armaments+1","Feed","Flex+1","Evolve+1","Flame Barrier+1","Thunderclap","Metallicize+1","Clothesline+1","Parasite"],"relics":["Burning Blood","infinitespire:ShieldingShard","PreservedInsect","Whetstone","ChewingGum","ReplayTheSpireMod:TigerMarble","WarpedTongs","Velvet Choker"],"acts_visited":["Exordium","TheCity","TheBeyond"],"potions_floor_usage":[16],"damage_taken":[{"damage":7,"enemies":"Small Slimes","floor":1,"turns":3},{"damage":0,"enemies":"Cultist","floor":4,"turns":3},{"damage":52,"enemies":"3 Sentries","floor":7,"turns":16},{"damage":0,"enemies":"Jaw Worm","floor":10,"turns":3},{"damage":12,"enemies":"Gremlin Gang","floor":12,"turns":4},{"damage":9,"enemies":"Exordium Wildlife","floor":13,"turns":5},{"damage":47,"enemies":"Fading Forest","floor":16,"turns":11},{"damage":1,"enemies":"2 Thieves","floor":18,"turns":4},{"damage":0,"enemies":"3 Byrds","floor":20,"turns":5},{"damage":1,"enemies":"Snecko","floor":24,"turns":5},{"damage":0,"enemies":"Chosen and Byrds","floor":31,"turns":4},{"damage":46,"enemies":"conspire:MysteriousRune","floor":33,"turns":8},{"damage":12,"enemies":"Orb Walker","floor":35,"turns":3},{"damage":16,"enemies":"3 Darklings","floor":36,"turns":5},{"damage":37,"enemies":"Writhing Mass","floor":38,"turns":8},{"damage":48,"enemies":"4 Shapes","floor":39,"turns":4}],"seed_played":"8601042915360287310","potions_obtained":[{"floor":4,"key":"DuplicationPotion"},{"floor":12,"key":"champ:CounterPotion"},{"floor":13,"key":"SteroidPotion"},{"floor":20,"key":"ColorlessPotion"},{"floor":24,"key":"BlessingOfTheForge"}],"is_trial":false,"path_per_floor":["M","$","?","M","?","R","E","R","T","M","R","M","M","$","R","B",null,"M","?","M","?","$","R","M","R","T","R","?","R","$","M","R","B",null,"M","M","?","M","M"],"character_chosen":"IRONCLAD","items_purchased":["Armaments"],"campfire_rested":2,"item_purchase_floors":[14],"current_hp_per_floor":[79,79,79,80,60,60,14,38,38,44,68,62,59,59,59,18,80,80,80,84,84,84,84,84,84,84,84,84,84,84,88,88,48,88,86,76,76,47,0,0],"gold":162,"neow_bonus":"RANDOM_COLORLESS","is_daily":false,"chose_seed":false,"campfire_upgraded":6,"win_rate":0.0,"timestamp":1614296625,"path_taken":["M","$","?","M","?","R","E","R","T","M","R","?","M","?","R","BOSS","M","?","?","?","$","R","?","R","T","R","?","R","$","?","R","BOSS","M","M","?","M","M"],"items_purchased_type":["Card"],"build_version":"2020-12-22","purchased_purges":4,"victory":false,"max_hp_per_floor":[80,80,80,80,80,80,80,80,80,80,80,80,80,80,80,80,80,80,80,84,84,84,84,84,84,84,84,84,84,84,88,88,88,88,92,92,92,94,94,94],"card_choices":[{"not_picked":["PanicButton","Replay:Parry"],"picked":"Swift Strike","floor":0},{"not_picked":["Havoc","Reckless Charge"],"picked":"Iron Wave","floor":1},{"not_picked":["Dropkick","Wild Strike"],"picked":"Battle Trance","floor":4},{"not_picked":["Run Through","Rampage"],"picked":"Entrench","floor":5},{"not_picked":["Warcry","Spot Weakness","Brutality"],"picked":"SKIP","floor":7},{"not_picked":["Hemokinesis","Wild Strike","Sword Boomerang"],"picked":"SKIP","floor":10},{"not_picked":["Defy Death","Run Through"],"picked":"Pommel Strike","floor":12},{"not_picked":["Warcry","Anger"],"picked":"Body Slam","floor":13},{"not_picked":["Hemogenesis","Fiend Fire"],"picked":"Feed","floor":16},{"not_picked":["Clash+1","Anger+1"],"picked":"Flex","floor":18},{"not_picked":["Twin Strike","Clash"],"picked":"Evolve","floor":20},{"not_picked":["Replay:Undeath\u0027s Touch","Cleave"],"picked":"Flame Barrier+1","floor":24},{"not_picked":["Wild Strike","Exhume"],"picked":"Thunderclap","floor":31},{"not_picked":["Disarm+1","Twin Strike+1"],"picked":"Metallicize+1","floor":35},{"not_picked":["Dual Wield","Armaments"],"picked":"Clothesline+1","floor":36},{"not_picked":["Sword Boomerang","Heavy Blade+1","Thunderclap"],"picked":"SKIP","floor":38}],"player_experience":39108,"relics_obtained":[{"floor":5,"key":"infinitespire:ShieldingShard"},{"floor":7,"key":"PreservedInsect"},{"floor":9,"key":"Whetstone"}],"event_choices":[{"damage_healed":0,"gold_gain":0,"player_choice":"Ignored","damage_taken":0,"max_hp_gain":0,"max_hp_loss":0,"event_name":"Liars Game","floor":3,"gold_loss":0},{"damage_healed":0,"gold_gain":100,"player_choice":"Pray","damage_taken":0,"max_hp_gain":0,"max_hp_loss":0,"event_name":"Golden Shrine","floor":19,"gold_loss":0},{"damage_healed":0,"gold_gain":0,"player_choice":"Opened","damage_taken":0,"relics_obtained":["ReplayTheSpireMod:TigerMarble"],"max_hp_gain":0,"max_hp_loss":0,"event_name":"The Mausoleum","floor":21,"gold_loss":0,"cards_obtained":["Writhe"]},{"damage_healed":0,"gold_gain":0,"player_choice":"Rummage","damage_taken":0,"relics_obtained":["WarpedTongs"],"max_hp_gain":0,"max_hp_loss":0,"event_name":"Accursed Blacksmith","floor":28,"gold_loss":0,"cards_obtained":["Pain"]}],"is_beta":false,"boss_relics":[{"not_picked":["infinitespire:Cupcake","ReplayTheSpireMod:SealedPack"],"picked":"ChewingGum"},{"not_picked":["halation:PinkAlligatorPlush","Replay:Drink Me"],"picked":"Velvet Choker"}],"items_purged_floors":[2,14,22,30],"is_endless":false,"potions_floor_spawned":[4,12,13,20,24],"killed_by":"4 Shapes","ascension_level":3}}