{"host":"hbrjinenk1akq1dy","time":1614263975,"event":{"mods":["AchievementEnabler","BaseMod","Bestiary","Colored Map","Colored Powertips","Curses Come First","Highlight Path","Minty Spire (QoL Compilation)","Permanent Neow","Quick Restart","StSLib","SuperFastMode"],"gold_per_floor":[119,119,133,146,71,103,122,155,155,455,472,472,484,484,484,556,556,571,641,93,363,91,119,139,174,201,233,244,244,274,274,274,346,346,365,365,365,69,86,114,15,45,98,131,146,163,189,204,204,204],"floor_reached":51,"language":"ENG","playtime":1906,"items_purged":["Defend_R","Strike_R","Strike_R","Strike_R"],"score":1492,"play_id":"ab766b50-88fd-48d1-af30-dd021bf52eab","local_time":"20210225223935","is_ascension_mode":true,"campfire_choices":[{"floor":12.0,"key":"REST"},{"data":"Feed","floor":15.0,"key":"SMITH"},{"data":"Blood for Blood","floor":29.0,"key":"SMITH"},{"floor":32.0,"key":"REST"},{"data":"J.A.X.","floor":49,"key":"SMITH"}],"circlet_count":0,"master_deck":["AscendersBane","Defend_R+1","Defend_R+1","Defend_R","Bash+1","Clothesline","Combust","Uppercut+1","Feed+1","Reaper+1","Blood for Blood+1","Ghostly Armor+1","Inflame","Shrug It Off","J.A.X.+1","Reaper","Burning Pact+1","Pommel Strike+1","Pummel+1","Shockwave+1","Dark Embrace+1","Rupture+1","Corruption","Shrug It Off","Perfected Strike+1"],"relics":["Burning Blood","Happy Flower","Tiny Chest","Red Skull","Sundial","Old Coin","Black Star","Pantograph","TungstenRod","PreservedInsect","War Paint","Anchor","StrikeDummy","Meat on the Bone","Prayer Wheel","Vajra","Nunchaku","Dead Branch","Bronze Scales","Kunai","Mark of Pain","Molten Egg 2","Potion Belt","Oddly Smooth Stone","Dream Catcher","Orichalcum","Whetstone","Ice Cream","Ancient Tea Set","Turnip","Centennial Puzzle","Pen Nib"],"acts_visited":["Exordium","TheCity","TheBeyond"],"potions_floor_usage":[45,48],"damage_taken":[{"damage":5.0,"enemies":"2 Louse","floor":1.0,"turns":4.0},{"damage":4.0,"enemies":"Jaw Worm","floor":3.0,"turns":3.0},{"damage":7.0,"enemies":"Small Slimes","floor":4.0,"turns":3.0},{"damage":17.0,"enemies":"Lagavulin","floor":6.0,"turns":7.0},{"damage":12.0,"enemies":"Blue Slaver","floor":7.0,"turns":3.0},{"damage":17.0,"enemies":"Gremlin Nob","floor":8.0,"turns":4.0},{"damage":6.0,"enemies":"Red Slaver","floor":11.0,"turns":3.0},{"damage":6.0,"enemies":"Looter","floor":13.0,"turns":4.0},{"damage":29.0,"enemies":"Slime Boss","floor":16.0,"turns":8.0},{"damage":20.0,"enemies":"Chosen","floor":18.0,"turns":6.0},{"damage":43.0,"enemies":"Slavers","floor":23.0,"turns":5.0},{"damage":13.0,"enemies":"2 Thieves","floor":24.0,"turns":3.0},{"damage":30.0,"enemies":"Gremlin Leader","floor":25.0,"turns":5.0},{"damage":5.0,"enemies":"Book of Stabbing","floor":27.0,"turns":4.0},{"damage":25.0,"enemies":"3 Cultists","floor":28.0,"turns":5.0},{"damage":62.0,"enemies":"Gremlin Leader","floor":30.0,"turns":4.0},{"damage":79.0,"enemies":"Champ","floor":33.0,"turns":10.0},{"damage":45.0,"enemies":"3 Darklings","floor":35.0,"turns":4.0},{"damage":4.0,"enemies":"3 Shapes","floor":39.0,"turns":4.0},{"damage":20,"enemies":"Giant Head","floor":40,"turns":6},{"damage":32,"enemies":"Nemesis","floor":42,"turns":7},{"damage":25,"enemies":"Reptomancer","floor":44,"turns":7},{"damage":30,"enemies":"Writhing Mass","floor":45,"turns":5},{"damage":6,"enemies":"Maw","floor":46,"turns":6},{"damage":19,"enemies":"Sphere and 2 Shapes","floor":48,"turns":5},{"damage":18,"enemies":"Donu and Deca","floor":50,"turns":5}],"seed_played":"-6672435779463889444","potions_obtained":[{"floor":3.0,"key":"BlessingOfTheForge"},{"floor":4.0,"key":"BlessingOfTheForge"},{"floor":6.0,"key":"BlessingOfTheForge"},{"floor":13.0,"key":"FairyPotion"},{"floor":18.0,"key":"SteroidPotion"},{"floor":25.0,"key":"GamblersBrew"},{"floor":27.0,"key":"AttackPotion"},{"floor":39.0,"key":"BloodPotion"},{"floor":42,"key":"Regen Potion"},{"floor":44,"key":"SteroidPotion"},{"floor":45,"key":"Energy Potion"}],"is_trial":false,"path_per_floor":["M","?","M","M","$","E","M","E","T","?","M","R","M","?","R","B",null,"M","T","$","?","$","E","M","E","T","E","M","R","E","?","R","B",null,"M","T","?","$","M","E","?","E","T","E","M","M","T","M","R","B",null],"character_chosen":"IRONCLAD","items_purchased":["TungstenRod","PreservedInsect","War Paint","Potion Belt"],"campfire_rested":2,"item_purchase_floors":[20,20,22,38],"current_hp_per_floor":[73,66,68,67,67,56,50,39,39,21,21,45,48,48,48,25,69,61,61,61,38,38,22,49,36,36,53,65,65,38,38,66,67,91,80,80,80,80,86,76,76,66,66,75,97,97,97,106,106,99],"gold":204,"neow_bonus":"RANDOM_COMMON_RELIC","is_daily":false,"chose_seed":false,"campfire_upgraded":3,"win_rate":0.0,"timestamp":1614263975,"path_taken":["M","?","M","M","?","E","M","E","T","?","M","R","?","?","R","BOSS","M","?","$","?","$","E","?","E","T","E","M","R","E","?","R","BOSS","M","?","?","$","?","E","?","E","T","E","M","M","?","M","R","BOSS"],"items_purchased_type":["Relic","Relic","Relic","Relic"],"build_version":"2020-12-22","purchased_purges":4,"victory":true,"max_hp_per_floor":[80,80,80,80,80,80,80,80,80,80,80,80,83,83,83,83,83,83,83,83,83,83,83,87,87,87,91,95,95,95,95,95,99,99,99,99,99,99,103,107,107,107,107,107,107,107,107,107,107,111],"card_choices":[{"not_picked":["Twin Strike","True Grit"],"picked":"Clothesline","floor":1.0},{"not_picked":["Heavy Blade","Clothesline","Anger"],"picked":"SKIP","floor":3.0},{"not_picked":["Feel No Pain","Wild Strike","Rupture"],"picked":"SKIP","floor":4.0},{"not_picked":["Burning Pact","Clothesline"],"picked":"Combust","floor":6.0},{"not_picked":["Dropkick","Flex"],"picked":"Uppercut","floor":7.0},{"not_picked":["Sword Boomerang","Flex","Iron Wave"],"picked":"SKIP","floor":8.0},{"not_picked":["Cleave","Pommel Strike"],"picked":"Feed","floor":11.0},{"not_picked":["Flex","Cleave","Armaments"],"picked":"SKIP","floor":13.0},{"not_picked":["Barricade","Feed"],"picked":"Reaper","floor":16.0},{"not_picked":["Havoc","Infernal Blade","Blood for Blood"],"picked":"SKIP","floor":18.0},{"not_picked":["Havoc","Infernal Blade"],"picked":"Blood for Blood","floor":18.0},{"not_picked":["Carnage+1","Dark Embrace"],"picked":"Ghostly Armor+1","floor":23.0},{"not_picked":["Anger","Body Slam","Wild Strike"],"picked":"SKIP","floor":24.0},{"not_picked":["Thunderclap","Warcry","Havoc"],"picked":"SKIP","floor":25.0},{"not_picked":["Armaments","Twin Strike"],"picked":"Inflame","floor":27.0},{"not_picked":["Rupture","Bloodletting"],"picked":"Shrug It Off","floor":28.0},{"not_picked":["Evolve","Clash","Sword Boomerang"],"picked":"SKIP","floor":28.0},{"not_picked":["Dark Embrace","Clash","Sword Boomerang"],"picked":"SKIP","floor":30.0},{"not_picked":["Immolate","Berserk"],"picked":"Reaper","floor":33.0},{"not_picked":["Fire Breathing","Searing Blow+1"],"picked":"Burning Pact+1","floor":35.0},{"not_picked":["Warcry","Armaments"],"picked":"Pommel Strike+1","floor":35.0},{"not_picked":["Feel No Pain","Havoc"],"picked":"Pummel+1","floor":39.0},{"not_picked":["Headbutt+1","Shockwave+1","Perfected Strike+1"],"picked":"SKIP","floor":39.0},{"not_picked":["Headbutt+1","Perfected Strike+1"],"picked":"Shockwave+1","floor":39.0},{"not_picked":["Clothesline+1","Body Slam+1"],"picked":"Dark Embrace+1","floor":40},{"not_picked":["Burning Pact","Twin Strike+1"],"picked":"Rupture+1","floor":42},{"not_picked":["Feel No Pain+1","Twin Strike+1","Cleave+1"],"picked":"SKIP","floor":44},{"not_picked":["Battle Trance","Iron Wave+1"],"picked":"Corruption","floor":45},{"not_picked":["Headbutt+1","Twin Strike+1","Havoc"],"picked":"SKIP","floor":45},{"not_picked":["True Grit","Flex"],"picked":"Shrug It Off","floor":46},{"not_picked":["Clothesline+1","Twin Strike+1","Sword Boomerang+1"],"picked":"SKIP","floor":46},{"not_picked":["Searing Blow+1","Heavy Blade+1"],"picked":"Perfected Strike+1","floor":48},{"not_picked":["Rage","Twin Strike+1","Second Wind"],"picked":"SKIP","floor":48}],"player_experience":284544,"relics_obtained":[{"floor":6.0,"key":"Tiny Chest"},{"floor":8.0,"key":"Red Skull"},{"floor":9.0,"key":"Sundial"},{"floor":19.0,"key":"Pantograph"},{"floor":23.0,"key":"Anchor"},{"floor":23.0,"key":"StrikeDummy"},{"floor":25.0,"key":"Meat on the Bone"},{"floor":25.0,"key":"Prayer Wheel"},{"floor":26.0,"key":"Vajra"},{"floor":27.0,"key":"Nunchaku"},{"floor":27.0,"key":"Dead Branch"},{"floor":30.0,"key":"Bronze Scales"},{"floor":30.0,"key":"Kunai"},{"floor":36.0,"key":"Molten Egg 2"},{"floor":40,"key":"Oddly Smooth Stone"},{"floor":40,"key":"Dream Catcher"},{"floor":42,"key":"Whetstone"},{"floor":42,"key":"Ice Cream"},{"floor":43,"key":"Ancient Tea Set"},{"floor":44,"key":"Turnip"},{"floor":44,"key":"Centennial Puzzle"},{"floor":47,"key":"Pen Nib"}],"event_choices":[{"cards_removed":["Strike_R"],"damage_healed":0.0,"max_hp_gain":0.0,"max_hp_loss":0.0,"gold_gain":0.0,"event_name":"Golden Wing","player_choice":"Card Removal","floor":2.0,"gold_loss":0.0,"damage_taken":7.0},{"damage_healed":0.0,"max_hp_gain":0.0,"max_hp_loss":0.0,"gold_gain":0.0,"event_name":"Scrap Ooze","player_choice":"Success","floor":10.0,"gold_loss":0.0,"damage_taken":18.0,"relics_obtained":["Old Coin"]},{"damage_healed":0.0,"max_hp_gain":0.0,"max_hp_loss":0.0,"gold_gain":0.0,"event_name":"Living Wall","player_choice":"Grow","floor":14.0,"gold_loss":0.0,"damage_taken":0.0,"cards_upgraded":["Uppercut"]},{"damage_healed":0.0,"max_hp_gain":0.0,"max_hp_loss":0.0,"gold_gain":270.0,"event_name":"Knowing Skull","player_choice":"GOLD GOLD GOLD ","floor":21.0,"potions_obtained":[],"gold_loss":0.0,"damage_taken":27.0,"cards_obtained":[]},{"damage_healed":0.0,"max_hp_gain":0.0,"max_hp_loss":0.0,"gold_gain":0.0,"event_name":"Drug Dealer","player_choice":"Obtain J.A.X.","floor":31.0,"gold_loss":0.0,"damage_taken":0.0,"cards_obtained":["J.A.X."]},{"cards_removed":["Strike_R"],"damage_healed":0.0,"max_hp_gain":0.0,"max_hp_loss":0.0,"gold_gain":0.0,"event_name":"Purifier","player_choice":"Purged","floor":37.0,"gold_loss":0.0,"damage_taken":0.0},{"damage_healed":0,"gold_gain":0,"player_choice":"Paid Gold","damage_taken":0,"relics_obtained":["Orichalcum"],"max_hp_gain":0,"max_hp_loss":0,"event_name":"WeMeetAgain","floor":41,"gold_loss":99}],"is_beta":false,"boss_relics":[{"not_picked":["Runic Cube","Runic Pyramid"],"picked":"Black Star"},{"not_picked":["Velvet Choker","Black Blood"],"picked":"Mark of Pain"}],"items_purged_floors":[5,20,22,38],"is_endless":false,"potions_floor_spawned":[3,4,6,13,16,18,25,27,39,42,44,45],"ascension_level":13}}