{"host":"d44gy1wvr06n5dy0","time":1614284145,"event":{"mods":["BaseMod","Better Altar","Better Match","Better Note","Better Sensory Stone","Better Skull","Better Third Choice","Downfall","GifTheSpireLib","Minty Spire (QoL Compilation)","Relic Stats","StSLib","The Animator","The Construct","The Disciple","The Servant 0.9.4"],"gold_per_floor":[99,2,18,35,110,110,157,221,250,274,74,83,83,105,124,236,236,236,255,174,203,226,226,280,305,305,329,338,379,402,430,452,566,566,466,492,515,534,559,559,612,424,445,488,488,512,532,573,600,600,600,639,33,33,33,33],"floor_reached":57,"language":"ENG","playtime":5878,"items_purged":["Pain","Slimebound:Strike_Slimebound"],"score":1391,"play_id":"084d9969-404f-4cec-840b-df4db9580d8e","local_time":"20210225131545","is_ascension_mode":true,"campfire_choices":[{"data":"Slimebound:Split","floor":1,"key":"SMITH"},{"floor":6,"key":"RECALL"},{"data":"Slimebound:RollThrough","floor":11,"key":"SMITH"},{"floor":13,"key":"REST"},{"data":"Slimebound:GoopSpray","floor":18,"key":"SMITH"},{"data":"Slimebound:Nibble","floor":23,"key":"SMITH"},{"data":"Slimebound:ServeAndProtect","floor":26,"key":"SMITH"},{"data":"Slimebound:TagTeam","floor":35,"key":"SMITH"},{"data":"Slimebound:Grow","floor":40,"key":"SMITH"},{"data":"Slimebound:LevelUp","floor":45,"key":"SMITH"},{"data":"Slimebound:MassRepurpose","floor":54,"key":"SMITH"}],"circlet_count":0,"master_deck":["Slimebound:Strike_Slimebound","Slimebound:Strike_Slimebound","Slimebound:Tackle","Slimebound:Defend_Slimebound","Slimebound:Defend_Slimebound","Slimebound:Defend_Slimebound","Slimebound:Defend_Slimebound","Slimebound:Split+1","Slimebound:CorrosiveSpit","Slimebound:SplitAcid","Slimebound:GoopSpray+1","Slimebound:SpikyOuterGoop","Slimebound:RainOfGoop","Slimebound:RollThrough+1","Slimebound:LivingWall","Slimebound:Repurpose","Slimebound:ServeAndProtect+1","Slimebound:AcidTongue","Slimebound:OozeBath","Slimebound:SplitAcid+1","Slimebound:LeechEnergy","Slimebound:Nibble+1","Slimebound:SplitLeeching+1","Slimebound:SplitLeeching+1","Slimebound:Grow+1","Slimebound:GoopTackle","Slimebound:Prepare","Slimebound:SlimeSpikes","Slimebound:Teamwork","Slimebound:TagTeam+1","Slimebound:SplitAcid","Slimebound:Nibble+1","Slimebound:AcidTongue+1","Slimebound:Repurpose","Slimebound:SlimeBrawl","Slimebound:LevelUp+1","Slimebound:Prepare+1","Slimebound:Nibble+1","Slimebound:SplitMire","Slimebound:Nibble+1","Slimebound:SlimeBrawl","Slimebound:SplitBruiser","Slimebound:Recollect+1","Slimebound:MassRepurpose+1","Slimebound:LevelUp","Slimebound:SplitLeeching","Slimebound:RollThrough"],"relics":["Slimebound:AbsorbEndCombat","CaptainsWheel","CeramicFish","Slimebound:MaxSlimesRelic","Centennial Puzzle","downfall:HeartBlessingRed","downfall:HeartBlessingGreen","WarpedTongs","construct:ClawGrip","Orichalcum","Letter Opener","bronze:MakeshiftBattery","downfall:HeartBlessingBlue","Smiling Mask","Oddly Smooth Stone","Calipers","Thread and Needle","Boot","Bag of Preparation","Bag of Marbles"],"acts_visited":["Exordium","TheCity","TheBeyond","TheEnding"],"potions_floor_usage":[19,22,22,29,33,42,44,48,55,55],"damage_taken":[{"damage":8,"enemies":"downfall:FleeingMerchant","floor":2,"turns":4},{"damage":0,"enemies":"Small Slimes","floor":3,"turns":3},{"damage":0,"enemies":"2 Louse","floor":4,"turns":2},{"damage":11,"enemies":"3 Sentries","floor":8,"turns":6},{"damage":17,"enemies":"Gremlin Nob","floor":9,"turns":5},{"damage":3,"enemies":"Cultist","floor":10,"turns":3},{"damage":1,"enemies":"Red Slaver","floor":14,"turns":4},{"damage":0,"enemies":"3 Louse","floor":15,"turns":4},{"damage":7,"enemies":"SI_SHIV_ARCHETYPE","floor":16,"turns":7},{"damage":8,"enemies":"3 Byrds","floor":19,"turns":4},{"damage":3,"enemies":"downfall:FleeingMerchant","floor":20,"turns":4},{"damage":20,"enemies":"downfall:LooterAlt2","floor":21,"turns":2},{"damage":0,"enemies":"Snecko","floor":22,"turns":4},{"damage":8,"enemies":"Centurion and Healer","floor":25,"turns":6},{"damage":0,"enemies":"Book of Stabbing","floor":29,"turns":5},{"damage":4,"enemies":"Shelled Parasite and Fungi","floor":30,"turns":3},{"damage":3,"enemies":"Snecko","floor":31,"turns":6},{"damage":6,"enemies":"Centurion and Healer","floor":32,"turns":5},{"damage":17,"enemies":"IC_MUSHROOM_ARCHETYPE","floor":33,"turns":5},{"damage":0,"enemies":"3 Shapes","floor":36,"turns":5},{"damage":0,"enemies":"Orb Walker","floor":37,"turns":3},{"damage":11,"enemies":"Spire Growth","floor":38,"turns":4},{"damage":6,"enemies":"Writhing Mass","floor":39,"turns":6},{"damage":0,"enemies":"downfall:FleeingMerchant","floor":42,"turns":4},{"damage":0,"enemies":"Sphere and 2 Shapes","floor":43,"turns":3},{"damage":0,"enemies":"Reptomancer","floor":44,"turns":6},{"damage":0,"enemies":"Transient","floor":46,"turns":5},{"damage":1,"enemies":"3 Darklings","floor":47,"turns":3},{"damage":0,"enemies":"Giant Head","floor":48,"turns":7},{"damage":11,"enemies":"4 Shapes","floor":49,"turns":4},{"damage":4,"enemies":"DF_ARCHETYPE_ORBS","floor":50,"turns":8},{"damage":0,"enemies":"downfall:CharBossMerchant","floor":52,"turns":7},{"damage":0,"enemies":"downfall:NeowBoss","floor":55,"turns":11},{"damage":35,"enemies":"downfall:NeowBossFinal","floor":56,"turns":11}],"seed_played":"616116337913494750","potions_obtained":[{"floor":3,"key":"hexamod:SoulburnPotion"},{"floor":4,"key":"ColorlessPotion"},{"floor":9,"key":"ColorlessPotion"},{"floor":21,"key":"SneckoOil"},{"floor":22,"key":"Block Potion"},{"floor":31,"key":"Slimebound:SlimedPotion"},{"floor":33,"key":"sneckomod:MuddlingPotion"},{"floor":37,"key":"Weak Potion"},{"floor":43,"key":"Guardian:BlockOnCardUsePotion"},{"floor":46,"key":"SkillPotion"},{"floor":48,"key":"CultistPotion"}],"is_trial":false,"path_per_floor":["R","$","M","M","?","R","T","?","E","M","R","?","R","M","M","B",null,"R","M","$","M","M","R","T","M","R","T","?","E","M","M","M","B",null,"R","M","M","M","M","R","T","$","M","E","R","M","M","E","M","B",null,"E","$","R","B","B",null],"character_chosen":"SLIMEBOUND","items_purchased":["Slimebound:GoopSpray","Slimebound:SpikyOuterGoop","Oddly Smooth Stone","Slimebound:LevelUp","Slimebound:MassRepurpose","Slimebound:LevelUp","Bag of Preparation","Bag of Marbles","Slimebound:SplitLeeching","Slimebound:RollThrough"],"campfire_rested":1,"item_purchase_floors":[2,2,42,42,53,53,53,53,53,53],"current_hp_per_floor":[59,55,59,59,59,59,59,56,43,42,42,42,59,59,59,59,59,59,55,59,45,51,51,51,51,51,51,51,57,55,56,53,42,59,69,69,69,60,60,60,60,66,68,69,69,69,68,69,64,68,69,69,69,69,69,34],"gold":33,"neow_bonus":"ONE_RARE_RELIC","is_daily":false,"chose_seed":false,"campfire_upgraded":9,"win_rate":0.0,"timestamp":1614284145,"path_taken":["R","$","M","M","?","R","T","?","E","M","R","?","R","M","M","BOSS","R","M","$","M","?","R","T","M","R","?","?","E","M","?","M","BOSS","R","M","?","M","M","R","T","$","?","E","R","M","M","E","M","BOSS","E","$","R","BOSS","BOSS"],"items_purchased_type":["Card","Card","Relic","Card","Card","Card","Relic","Relic","Card","Card"],"build_version":"2020-12-22","purchased_purges":2,"victory":true,"max_hp_per_floor":[59,59,59,59,59,59,59,59,59,59,59,59,59,59,59,59,59,59,59,59,59,59,59,59,59,59,59,59,59,59,59,59,59,59,69,69,69,69,69,69,69,69,69,69,69,69,69,69,69,69,69,69,69,69,69,69],"relic_stats":{"Centennial Puzzle":[51],"counters":[34,160],"CeramicFish":306,"Bag of Preparation":[4],"Letter Opener":[413],"Orichalcum":[12],"Smiling Mask":50,"Boot":[0],"obtain_stats":[{"construct:ClawGrip":17,"Calipers":44,"downfall:HeartBlessingRed":11,"CeramicFish":7,"Oddly Smooth Stone":42,"downfall:HeartBlessingGreen":11,"Thread and Needle":48,"Bag of Preparation":53,"Letter Opener":29,"Orichalcum":24,"Smiling Mask":41,"Boot":52,"WarpedTongs":12,"CaptainsWheel":0,"Centennial Puzzle":9,"Slimebound:MaxSlimesRelic":8,"downfall:HeartBlessingBlue":35,"Slimebound:AbsorbEndCombat":0,"Bag of Marbles":53,"bronze:MakeshiftBattery":34},{"construct:ClawGrip":9,"Calipers":26,"downfall:HeartBlessingRed":6,"CeramicFish":3,"Oddly Smooth Stone":24,"downfall:HeartBlessingGreen":6,"Thread and Needle":29,"Bag of Preparation":32,"Letter Opener":15,"Orichalcum":13,"Smiling Mask":23,"Boot":32,"WarpedTongs":6,"CaptainsWheel":0,"Centennial Puzzle":5,"Slimebound:MaxSlimesRelic":4,"downfall:HeartBlessingBlue":19,"Slimebound:AbsorbEndCombat":0,"Bag of Marbles":32,"bronze:MakeshiftBattery":19},{"construct:ClawGrip":36,"Calipers":107,"downfall:HeartBlessingRed":22,"CeramicFish":9,"Oddly Smooth Stone":99,"downfall:HeartBlessingGreen":22,"Thread and Needle":121,"Bag of Preparation":140,"Letter Opener":60,"Orichalcum":50,"Smiling Mask":95,"Boot":140,"WarpedTongs":22,"CaptainsWheel":0,"Centennial Puzzle":19,"Slimebound:MaxSlimesRelic":15,"downfall:HeartBlessingBlue":78,"Slimebound:AbsorbEndCombat":0,"Bag of Marbles":140,"bronze:MakeshiftBattery":78}],"WarpedTongs":[138]},"card_choices":[{"not_picked":["Slimebound:Schlurp","Slimebound:SlimeSlap"],"picked":"Slimebound:SplitAcid","floor":2},{"not_picked":["Slimebound:HungryTackle","Slimebound:PressTheAttack"],"picked":"Slimebound:RainOfGoop","floor":3},{"not_picked":["Slimebound:Schlurp","Slimebound:SplitMire"],"picked":"Slimebound:RollThrough","floor":4},{"not_picked":["Slimebound:SplitLeeching","Slimebound:ForwardTackle"],"picked":"Slimebound:LivingWall","floor":8},{"not_picked":["Slimebound:RejuvenatingLick","Slimebound:DisruptingSlam","Slimebound:ItLooksTasty"],"picked":"SKIP","floor":9},{"not_picked":["Slimebound:Prepare","Slimebound:LivingWall"],"picked":"Slimebound:Repurpose","floor":10},{"not_picked":["Slimebound:ForwardTackle","Slimebound:LeechingTouch"],"picked":"Slimebound:ServeAndProtect","floor":14},{"not_picked":["Slimebound:ServeAndProtect","Slimebound:LeechEnergy"],"picked":"Slimebound:AcidTongue","floor":15},{"not_picked":["Slimebound:DuplicatedForm","Slimebound:SlimeSlap"],"picked":"Slimebound:OozeBath","floor":16},{"not_picked":["Slimebound:SpikyOuterGoop","Slimebound:PressTheAttack"],"picked":"Slimebound:SplitAcid+1","floor":19},{"not_picked":["Slimebound:ComboTackle","Slimebound:RejuvenatingLick"],"picked":"Slimebound:LeechEnergy","floor":20},{"not_picked":["Slimebound:Replication","Slimebound:SplitAcid"],"picked":"Slimebound:Nibble","floor":21},{"not_picked":["Slimebound:SpikyOuterGoop","Slimebound:MassFeed"],"picked":"Slimebound:SplitLeeching+1","floor":22},{"not_picked":["Slimebound:ComboTackle","Slimebound:ViciousTackle"],"picked":"Slimebound:SplitLeeching+1","floor":25},{"not_picked":["Slimebound:FinishingTackle","Slimebound:HauntingLick"],"picked":"Slimebound:GoopTackle","floor":29},{"not_picked":["Slimebound:ItLooksTasty","Slimebound:FlameTackle"],"picked":"Slimebound:Prepare","floor":30},{"not_picked":["Slimebound:HauntingLick","Slimebound:DivideAndConquer"],"picked":"Slimebound:SlimeSpikes","floor":31},{"not_picked":["Slimebound:LeechEnergy","Slimebound:LeechingTouch+1"],"picked":"Slimebound:Teamwork","floor":32},{"not_picked":["Slimebound:LeechLife","Slimebound:OozeBath"],"picked":"Slimebound:TagTeam","floor":33},{"not_picked":["Slimebound:RollThrough","Slimebound:FormOfPuddle"],"picked":"Slimebound:SplitAcid","floor":36},{"not_picked":["Slimebound:LivingWall","Slimebound:ProtectTheBoss+1"],"picked":"Slimebound:Nibble+1","floor":37},{"not_picked":["Slimebound:RollThrough+1","Slimebound:DisruptingSlam+1"],"picked":"Slimebound:AcidTongue+1","floor":38},{"not_picked":["Slimebound:Schlurp+1","Slimebound:HauntingLick+1"],"picked":"Slimebound:Repurpose","floor":39},{"not_picked":["Slimebound:ComboTackle","Slimebound:SplitLeeching"],"picked":"Slimebound:SlimeBrawl","floor":42},{"not_picked":["Slimebound:GrowthPunch","Slimebound:ComboTackle"],"picked":"Slimebound:Prepare+1","floor":43},{"not_picked":["Slimebound:ProtectTheBoss+1","Slimebound:HungryTackle+1"],"picked":"Slimebound:Nibble+1","floor":44},{"not_picked":["Slimebound:WasteNot","Slimebound:FlameTackle+1"],"picked":"Slimebound:SplitMire","floor":46},{"not_picked":["Slimebound:LeechingTouch+1","Slimebound:PressTheAttack+1"],"picked":"Slimebound:Nibble+1","floor":47},{"not_picked":["Slimebound:Equalize+1","Slimebound:SplitSpecialist+1"],"picked":"Slimebound:SlimeBrawl","floor":48},{"not_picked":["Slimebound:PressTheAttack","Slimebound:SlimeSpikes+1"],"picked":"Slimebound:SplitBruiser","floor":49},{"not_picked":["Slimebound:Dissolve+1","Slimebound:Nibble"],"picked":"Slimebound:Recollect+1","floor":52}],"player_experience":421366,"relics_obtained":[{"floor":7,"key":"CeramicFish"},{"floor":8,"key":"Slimebound:MaxSlimesRelic"},{"floor":9,"key":"Centennial Puzzle"},{"floor":24,"key":"Orichalcum"},{"floor":29,"key":"Letter Opener"},{"floor":41,"key":"Smiling Mask"},{"floor":44,"key":"Calipers"},{"floor":48,"key":"Thread and Needle"},{"floor":52,"key":"Boot"}],"event_choices":[{"damage_healed":0,"gold_gain":0,"player_choice":"Rummage","damage_taken":0,"relics_obtained":["WarpedTongs"],"max_hp_gain":0,"max_hp_loss":0,"event_name":"Accursed Blacksmith","floor":12,"gold_loss":0,"cards_obtained":["Pain"]},{"cards_removed":["Slimebound:Nibble"],"damage_healed":0,"gold_gain":0,"player_choice":"Take \u0026 Give","damage_taken":0,"max_hp_gain":0,"max_hp_loss":0,"event_name":"betterNote:BetterNote","floor":28,"gold_loss":0,"cards_obtained":["Slimebound:Grow"]}],"is_beta":false,"boss_relics":[{"not_picked":["construct:WeddingRing","Busted Crown"],"picked":"construct:ClawGrip"},{"not_picked":["Velvet Choker","Coffee Dripper"],"picked":"bronze:MakeshiftBattery"}],"items_purged_floors":[20,53],"is_endless":false,"potions_floor_spawned":[3,4,9,10,21,22,31,33,37,43,46,48,49],"ascension_level":1}}