{"host":"5ffrjkuvgrxgllwx","time":1614279588,"event":{"mods":["AchievementEnabler","BaseMod","Colored Map","Colored Powertips","Minty Spire (QoL Compilation)","Quick Restart","Rare Cards Sparkle","StSLib","everything is the same but u backflip on backflip"],"gold_per_floor":[110,35,35,35,49,77,96,125,196,38,56,56,206,206,206,279,279,298,314,92,92,49,49,49,49],"floor_reached":24,"language":"ENG","playtime":688,"items_purged":["Decay"],"score":374,"play_id":"903ad590-4500-41ad-ba39-a5003680bf61","local_time":"20210225135948","is_ascension_mode":true,"campfire_choices":[{"floor":15,"key":"REST"},{"floor":23,"key":"REST"}],"circlet_count":0,"master_deck":["AscendersBane","Strike_R","Strike_R","Strike_R+1","Defend_R","Defend_R","Defend_R+1","Defend_R","Bash+1","Twin Strike","Battle Trance","Clothesline","Reaper","Fire Breathing","Reaper","Armaments","Doubt","Berserk","Cleave","Sentinel+1","Flame Barrier"],"relics":["Cursed Key","Unceasing Top","Nunchaku","Mercury Hourglass","SacredBark","Brimstone"],"acts_visited":["Exordium","TheCity"],"potions_floor_usage":[8,16,18,24,24],"damage_taken":[{"damage":1,"enemies":"Cultist","floor":1,"turns":3},{"damage":11,"enemies":"2 Louse","floor":5,"turns":3},{"damage":15,"enemies":"Gremlin Nob","floor":6,"turns":4},{"damage":5,"enemies":"Small Slimes","floor":7,"turns":3},{"damage":20,"enemies":"3 Sentries","floor":8,"turns":5},{"damage":8,"enemies":"Red Slaver","floor":11,"turns":3},{"damage":27,"enemies":"Hexaghost","floor":16,"turns":10},{"damage":47,"enemies":"Spheric Guardian","floor":18,"turns":5},{"damage":44,"enemies":"Shell Parasite","floor":19,"turns":7},{"damage":67,"enemies":"Book of Stabbing","floor":24,"turns":5}],"seed_played":"-3682870226855980949","potions_obtained":[{"floor":1,"key":"Fruit Juice"},{"floor":7,"key":"Fire Potion"},{"floor":8,"key":"BloodPotion"},{"floor":18,"key":"GamblersBrew"}],"is_trial":false,"path_per_floor":["M","?","?","?","M","E","M","E","T","$","M","$","?","?","R","B",null,"M","M","$","?","$","R","E"],"character_chosen":"IRONCLAD","items_purchased":["Reaper","Brimstone","Explosive Potion","Flame Barrier"],"campfire_rested":2,"item_purchase_floors":[10,20,20,22],"current_hp_per_floor":[67,67,67,67,56,41,44,41,41,41,45,45,45,21,45,24,66,56,24,24,24,24,48,0,0],"gold":49,"neow_bonus":"BOSS_RELIC","is_daily":false,"chose_seed":false,"campfire_upgraded":0,"win_rate":0.0,"timestamp":1614279588,"path_taken":["M","?","?","?","M","E","M","E","T","$","?","$","?","?","R","BOSS","M","M","$","?","?","R","E"],"items_purchased_type":["Card","Relic","Potion","Card"],"build_version":"2020-12-22","purchased_purges":1,"victory":false,"max_hp_per_floor":[75,75,75,75,75,75,75,80,80,80,80,80,80,80,80,80,80,80,80,80,80,80,80,80,80],"card_choices":[{"not_picked":["Dropkick","Bloodletting"],"picked":"Twin Strike","floor":1},{"not_picked":["True Grit","Clash"],"picked":"Clothesline","floor":5},{"not_picked":["Power Through","Spot Weakness"],"picked":"Reaper","floor":6},{"not_picked":["Flex","Thunderclap"],"picked":"Fire Breathing","floor":7},{"not_picked":["Headbutt","Clash","True Grit"],"picked":"SKIP","floor":8},{"not_picked":["Shrug It Off","Rupture"],"picked":"Armaments","floor":11},{"not_picked":["Reaper","Impervious"],"picked":"Berserk","floor":16},{"not_picked":["Anger","Blood for Blood"],"picked":"Cleave","floor":18},{"not_picked":["Body Slam","Havoc"],"picked":"Sentinel+1","floor":19}],"player_experience":1407866,"relics_obtained":[{"floor":6,"key":"Unceasing Top"},{"floor":8,"key":"Nunchaku"},{"floor":9,"key":"Mercury Hourglass"}],"event_choices":[{"cards_removed":["Strike_R"],"damage_healed":0,"gold_gain":0,"player_choice":"Card Removal","damage_taken":0,"max_hp_gain":0,"max_hp_loss":0,"event_name":"The Cleric","floor":2,"gold_loss":75},{"damage_healed":0,"gold_gain":0,"cards_transformed":["Strike_R"],"player_choice":"Change","damage_taken":0,"max_hp_gain":0,"max_hp_loss":0,"event_name":"Living Wall","floor":3,"gold_loss":0,"cards_obtained":["Battle Trance"]},{"damage_healed":0,"gold_gain":0,"player_choice":"Upgraded","damage_taken":0,"max_hp_gain":0,"max_hp_loss":0,"event_name":"Upgrade Shrine","floor":4,"gold_loss":0,"cards_upgraded":["Bash"]},{"damage_healed":0,"gold_gain":150,"player_choice":"AGREE","damage_taken":0,"max_hp_gain":0,"max_hp_loss":0,"event_name":"Liars Game","floor":13,"gold_loss":0,"cards_obtained":["Doubt"]},{"damage_healed":0,"gold_gain":0,"player_choice":"Entered Light","damage_taken":24,"max_hp_gain":0,"max_hp_loss":0,"event_name":"Shining Light","floor":14,"gold_loss":0,"cards_upgraded":["Defend_R","Strike_R"]},{"damage_healed":0,"gold_gain":0,"player_choice":"Ignored","damage_taken":0,"max_hp_gain":0,"max_hp_loss":0,"event_name":"N\u0027loth","floor":21,"gold_loss":0}],"is_beta":false,"boss_relics":[{"not_picked":["Coffee Dripper","Black Star"],"picked":"SacredBark"}],"items_purged_floors":[10],"is_endless":false,"potions_floor_spawned":[1,7,8,18],"killed_by":"Book of Stabbing","ascension_level":17}}