{"host":"dn6kke80v5f7isus","time":1614262281,"event":{"mods":["AchievementEnabler","Act Like it!","Bard","BaseMod","Colored Powertips","Custom Start","Defuse TimeMaze Blight","Energized Spire","Gremlin Skip","Highlight Path","Hubris","Infinite Spire","Marisa????????","Marked Mod","Minty Spire (QoL Compilation)","Quick Restart","Rare Cards Sparkle","Reliquary","Replay The Spire","StSLib","The Administrix","The Servant 0.9.4","Uncapped","Unceasing Turn Reminder"],"gold_per_floor":[114,114,124,141,141,141,141],"floor_reached":6,"language":"ENG","playtime":72,"items_purged":[],"score":38,"play_id":"5b6ba0b3-5c06-4617-85a8-b2c5ea5bb5c9","local_time":"20210225091121","is_ascension_mode":true,"campfire_choices":[],"circlet_count":0,"master_deck":["bard:Strike","bard:Strike","bard:Strike","bard:Strike","bard:Defend","bard:Defend","bard:Defend","bard:Defend","bard:Riposte","bard:Inspire","bard:FaerieFire","bard:Demoralize"],"relics":["bard:PitchPipe","bard:BagPipes","NeowsBlessing","reliquary:TuningFork","hubris:Icosahedron"],"acts_visited":["Exordium"],"potions_floor_usage":[],"damage_taken":[{"damage":0,"enemies":"Cultist","floor":1,"turns":1},{"damage":0,"enemies":"2 Louse","floor":3,"turns":2},{"damage":0,"enemies":"Small Slimes","floor":4,"turns":1},{"damage":10,"enemies":"Lagavulin","floor":6,"turns":1}],"seed_played":"7169931932488144464","potions_obtained":[{"floor":3,"key":"Block Potion"},{"floor":4,"key":"Dexterity Potion"}],"is_trial":false,"path_per_floor":["M","?","M","M","?","E"],"character_chosen":"BARD","items_purchased":[],"campfire_rested":0,"item_purchase_floors":[],"current_hp_per_floor":[70,70,70,70,70,60,60],"gold":141,"neow_bonus":"THREE_ENEMY_KILL","is_daily":false,"chose_seed":false,"campfire_upgraded":0,"win_rate":0.0,"timestamp":1614262281,"path_taken":["M","?","?","M","?","E"],"items_purchased_type":[],"build_version":"2020-12-22","purchased_purges":0,"victory":false,"max_hp_per_floor":[70,70,70,70,70,70,70],"card_choices":[{"not_picked":["bard:Blink","bard:HarmoniousVoice","bard:Parry"],"picked":"SKIP","floor":1},{"not_picked":["bard:QuickSong","bard:Accelerando"],"picked":"bard:FaerieFire","floor":3},{"not_picked":["bard:PhantasmalForce","bard:ViciousMockery"],"picked":"bard:Demoralize","floor":4}],"player_experience":515847,"relics_obtained":[{"floor":2,"key":"reliquary:TuningFork"}],"event_choices":[{"damage_healed":0,"gold_gain":0,"player_choice":"Relic","damage_taken":0,"max_hp_gain":0,"max_hp_loss":0,"event_name":"Wheel of Change","floor":2,"gold_loss":0}],"is_beta":false,"boss_relics":[],"items_purged_floors":[],"is_endless":false,"potions_floor_spawned":[3,4],"killed_by":"Lagavulin","ascension_level":1}}