{"host":"v54ek091sdz7ha6h","time":1614255549,"event":{"mods":["BaseMod","Colored Map","Colored Powertips","Custom Start","DeckTracker","Highlight Path","KOR Keyword Fix","Minty Spire (QoL Compilation)","Random Character Button","Rare Cards Sparkle","Relic Stats","StSLib","SuperFastMode","everything is the same but u backflip on backflip"],"gold_per_floor":[115,115,65,79,4,4,79,112,112,124,158,158,168,185,185,287,287,302,302,302,314,359,359,389,659,741,98,110,10,22,35,35,135,135,155,202,202,220,43,43,63,73,146,146,146],"floor_reached":44,"language":"KOR","playtime":1165,"items_purged":["Strike_P","FlyingSleeves","EmptyFist+1","Eruption+1"],"score":538,"play_id":"8d246c6b-978a-46ef-8366-d19b5f7ad7d4","local_time":"20210225211909","is_ascension_mode":false,"campfire_choices":[{"data":"SignatureMove","floor":6.0,"key":"SMITH"},{"data":"Worship","floor":12.0,"key":"SMITH"},{"data":"CrushJoints","floor":15.0,"key":"SMITH"},{"data":"Pray","floor":23.0,"key":"SMITH"},{"floor":32.0,"key":"RECALL"},{"data":"Fasting2","floor":40.0,"key":"SMITH"}],"circlet_count":0,"master_deck":["Vigilance+1","Brilliance","SignatureMove+1","FlurryOfBlows+1","CrushJoints+1","Worship+1","MentalFortress+1","LessonLearned","Establishment+1","SpiritShield","EmptyBody","Pray+1","WindmillStrike","Meditate","Vault+1","Worship+1","Pray+1","Fasting2+1","LikeWater+1"],"relics":["PureWater","Blood Vial","TeardropLocket","Lantern","The Courier","Nloth\u0027s Gift","Strawberry","Dream Catcher","Omamori","ClockworkSouvenir","Eternal Feather","Bag of Marbles","VioletLotus","TungstenRod","Ornamental Fan"],"acts_visited":["Exordium","TheCity","TheBeyond"],"potions_floor_usage":[],"damage_taken":[{"damage":0.0,"enemies":"Small Slimes","floor":1.0,"turns":1.0},{"damage":0.0,"enemies":"Jaw Worm","floor":4.0,"turns":1.0},{"damage":17.0,"enemies":"3 Sentries","floor":8.0,"turns":4.0},{"damage":0.0,"enemies":"Cultist","floor":10.0,"turns":1.0},{"damage":0.0,"enemies":"Lagavulin","floor":11.0,"turns":4.0},{"damage":0.0,"enemies":"Exordium Thugs","floor":13.0,"turns":2.0},{"damage":0.0,"enemies":"Looter","floor":14.0,"turns":2.0},{"damage":25.0,"enemies":"Hexaghost","floor":16.0,"turns":6.0},{"damage":19.0,"enemies":"Shell Parasite","floor":18.0,"turns":4.0},{"damage":3.0,"enemies":"Chosen","floor":21.0,"turns":2.0},{"damage":12.0,"enemies":"Gremlin Leader","floor":24.0,"turns":4.0},{"damage":0.0,"enemies":"Snake Plant","floor":28.0,"turns":2.0},{"damage":4.0,"enemies":"Snecko","floor":30.0,"turns":3.0},{"damage":0.0,"enemies":"3 Cultists","floor":31.0,"turns":3.0},{"damage":27.0,"enemies":"Champ","floor":33.0,"turns":6.0},{"damage":9.0,"enemies":"3 Darklings","floor":35.0,"turns":4.0},{"damage":29.0,"enemies":"2 Orb Walkers","floor":36.0,"turns":4.0},{"damage":0.0,"enemies":"Orb Walker","floor":38.0,"turns":2.0},{"damage":32.0,"enemies":"3 Darklings","floor":41.0,"turns":5.0},{"damage":11.0,"enemies":"Writhing Mass","floor":42.0,"turns":4.0},{"damage":15,"enemies":"Maw","floor":44,"turns":2}],"seed_played":"-1822282244662249636","potions_obtained":[{"floor":1.0,"key":"AttackPotion"},{"floor":10.0,"key":"DistilledChaos"},{"floor":13.0,"key":"FearPotion"},{"floor":16.0,"key":"StancePotion"},{"floor":18.0,"key":"FearPotion"},{"floor":24.0,"key":"LiquidMemories"},{"floor":28.0,"key":"Swift Potion"},{"floor":30.0,"key":"Explosive Potion"},{"floor":35.0,"key":"Weak Potion"},{"floor":41.0,"key":"LiquidMemories"}],"is_trial":false,"path_per_floor":["M","?","?","M","$","R","?","E","T","M","E","R","M","M","R","B",null,"M","?","?","M","T","R","E","?","T","$","M","$","M","M","R","B",null,"M","?","?","M","$","R","M","M","T","M"],"character_chosen":"WATCHER","items_purchased":["Omamori","ClockworkSouvenir","Eternal Feather","Bag of Marbles","Fasting2"],"campfire_rested":0,"item_purchase_floors":[27,27,27,27,39],"current_hp_per_floor":[65,65,65,65,65,65,54,37,37,39,41,41,43,45,45,22,65,46,46,46,45,52,52,42,15,15,15,17,17,15,17,26,1,72,63,36,36,38,38,47,17,8,8,0,0],"gold":146,"neow_bonus":"TRANSFORM_TWO_CARDS","is_daily":false,"chose_seed":false,"campfire_upgraded":5,"win_rate":0.0,"timestamp":1614255549,"path_taken":["M","?","?","M","?","R","?","E","T","?","E","R","M","M","R","BOSS","M","?","?","?","?","R","E","?","T","$","M","$","?","M","R","BOSS","M","?","?","?","$","R","?","M","T","M"],"items_purchased_type":["Relic","Relic","Relic","Relic","Card"],"build_version":"2020-12-22","purchased_purges":4,"victory":false,"max_hp_per_floor":[65,65,65,65,65,65,65,65,65,65,65,65,65,65,65,65,65,65,65,65,65,72,72,72,72,72,72,72,72,72,72,72,72,72,72,72,72,72,72,72,72,72,72,72,72],"relic_stats":{"Blood Vial":32,"Dream Catcher":0,"counters":[21,66],"Ornamental Fan":[0],"Eternal Feather":18,"VioletLotus":[8],"Nloth\u0027s Gift":1,"obtain_stats":[{"Lantern":11,"Eternal Feather":27,"The Courier":19,"Omamori":27,"TeardropLocket":9,"ClockworkSouvenir":27,"Blood Vial":8,"Dream Catcher":24,"Ornamental Fan":43,"Strawberry":22,"Pandora\u0027s Box":17,"VioletLotus":34,"Nloth\u0027s Gift":20,"Bag of Marbles":27,"PureWater":0,"TungstenRod":36},{"Lantern":5,"Eternal Feather":11,"The Courier":9,"Omamori":11,"TeardropLocket":3,"ClockworkSouvenir":11,"Blood Vial":3,"Dream Catcher":11,"Ornamental Fan":20,"Strawberry":10,"Pandora\u0027s Box":8,"VioletLotus":15,"Nloth\u0027s Gift":9,"Bag of Marbles":11,"PureWater":0,"TungstenRod":17},{"Lantern":11,"Eternal Feather":31,"The Courier":25,"Omamori":31,"TeardropLocket":6,"ClockworkSouvenir":31,"Blood Vial":6,"Dream Catcher":31,"Ornamental Fan":64,"Strawberry":27,"Pandora\u0027s Box":21,"VioletLotus":45,"Nloth\u0027s Gift":25,"Bag of Marbles":31,"PureWater":0,"TungstenRod":53}],"TungstenRod":10},"card_choices":[{"not_picked":["Vengeance","BowlingBash"],"picked":"FlurryOfBlows","floor":1.0},{"not_picked":["BattleHymn","JustLucky"],"picked":"CrushJoints","floor":4.0},{"not_picked":["Swivel","Vengeance","Wireheading"],"picked":"SKIP","floor":8.0},{"not_picked":["SashWhip","Wireheading"],"picked":"Worship","floor":10.0},{"not_picked":["ForeignInfluence","CutThroughFate","WreathOfFlame"],"picked":"SKIP","floor":11.0},{"not_picked":["Evaluate","Halt"],"picked":"MentalFortress","floor":13.0},{"not_picked":["Fasting2","Blasphemy","Sanctity"],"picked":"SKIP","floor":14.0},{"not_picked":["DeusExMachina","Blasphemy"],"picked":"LessonLearned","floor":16.0},{"not_picked":["FlyingSleeves","SashWhip"],"picked":"EmptyBody","floor":18.0},{"not_picked":["BowlingBash","Halt"],"picked":"Pray","floor":21.0},{"not_picked":["Establishment","Swivel","Conclude"],"picked":"SKIP","floor":24.0},{"not_picked":["Nirvana","ForeignInfluence"],"picked":"WindmillStrike","floor":28.0},{"not_picked":["Halt","ForeignInfluence","CrushJoints"],"picked":"SKIP","floor":30.0},{"not_picked":["FlyingSleeves","Swivel+1"],"picked":"Meditate","floor":31.0},{"not_picked":["LessonLearned","Ragnarok"],"picked":"Vault","floor":33.0},{"not_picked":["Halt","Weave+1"],"picked":"Worship","floor":35.0},{"not_picked":["Wallop+1","CrushJoints+1"],"picked":"Pray+1","floor":38.0},{"not_picked":["Prostrate+1","Halt"],"picked":"LikeWater+1","floor":41.0},{"not_picked":["FlurryOfBlows+1","JustLucky+1","Indignation+1"],"picked":"SKIP","floor":42.0}],"player_experience":1502039,"relics_obtained":[{"floor":8.0,"key":"Blood Vial"},{"floor":9.0,"key":"TeardropLocket"},{"floor":11.0,"key":"Lantern"},{"floor":22.0,"key":"Strawberry"},{"floor":24.0,"key":"Dream Catcher"},{"floor":36.0,"key":"TungstenRod"},{"floor":43.0,"key":"Ornamental Fan"}],"event_choices":[{"damage_healed":0.0,"max_hp_gain":0.0,"max_hp_loss":0.0,"gold_gain":0.0,"event_name":"Living Wall","player_choice":"Grow","floor":2.0,"gold_loss":0.0,"damage_taken":0.0,"cards_upgraded":["Eruption"]},{"cards_removed":["Strike_P"],"damage_healed":0.0,"max_hp_gain":0.0,"max_hp_loss":0.0,"gold_gain":0.0,"event_name":"The Cleric","player_choice":"Card Removal","floor":3.0,"gold_loss":50.0,"damage_taken":0.0},{"damage_healed":0.0,"max_hp_gain":0.0,"max_hp_loss":0.0,"gold_gain":75.0,"event_name":"World of Goop","player_choice":"Gather Gold","floor":7.0,"gold_loss":0.0,"damage_taken":11.0},{"damage_healed":0.0,"max_hp_gain":0.0,"max_hp_loss":0.0,"gold_gain":0.0,"event_name":"The Mausoleum","player_choice":"Opened","floor":19.0,"gold_loss":0.0,"damage_taken":0.0,"relics_obtained":["The Courier"]},{"damage_healed":0.0,"max_hp_gain":0.0,"max_hp_loss":0.0,"gold_gain":0.0,"event_name":"N\u0027loth","player_choice":"Traded Relic","floor":20.0,"relics_lost":["Pandora\u0027s Box"],"gold_loss":0.0,"damage_taken":0.0,"relics_obtained":["Nloth\u0027s Gift"]},{"damage_healed":0.0,"max_hp_gain":0.0,"max_hp_loss":0.0,"gold_gain":270.0,"event_name":"Knowing Skull","player_choice":"GOLD GOLD GOLD ","floor":25.0,"potions_obtained":[],"gold_loss":0.0,"damage_taken":27.0,"cards_obtained":[]},{"damage_healed":0.0,"max_hp_gain":0.0,"max_hp_loss":0.0,"gold_gain":0.0,"event_name":"Mysterious Sphere","player_choice":"Fight","floor":36.0,"gold_loss":0.0,"damage_taken":0.0},{"damage_healed":0.0,"max_hp_gain":0.0,"max_hp_loss":0.0,"gold_gain":0.0,"event_name":"NoteForYourself","player_choice":"Ignored","floor":37.0,"gold_loss":0.0,"damage_taken":0.0}],"is_beta":false,"boss_relics":[{"not_picked":["Ectoplasm","Coffee Dripper"],"picked":"Pandora\u0027s Box"},{"not_picked":["SlaversCollar","Snecko Eye"],"picked":"VioletLotus"}],"items_purged_floors":[5,27,29,39],"is_endless":false,"potions_floor_spawned":[1,10,13,16,18,24,28,30,35,41],"killed_by":"Maw","ascension_level":0}}