{"host":"c9ttvwlbe8exn2np","time":1614266337,"event":{"mods":["BaseMod","Library of Ruina","Library of Ruina Extra","Minty Spire (QoL Compilation)","Quick Restart","StSLib","SuperFastMode"],"gold_per_floor":[368,368,368,543,563,598,618,653,680,680,680,694,722,741,741,841,841,860,878,892,892,892,920,931,961,961,986,986,998,1023,1123,1123,1228,1228,1238,1288,1288,1299,589,623,623,623,676,676,676,711,711,148,148,148,148,148,148,79,110,110],"floor_reached":57,"language":"KOR","playtime":1231,"items_purged":["DegradedChain","Doubt"],"score":2097,"play_id":"82d6a39e-2eea-4e29-9a4c-ab7df2c9f7fe","local_time":"20210226001857","is_ascension_mode":true,"campfire_choices":[{"data":"DegradedShockwave","floor":10,"key":"SMITH"},{"data":"DegradedPillar","floor":15,"key":"SMITH"},{"data":"DegradedLock","floor":28,"key":"SMITH"},{"data":"LeRegole","floor":32,"key":"SMITH"},{"data":"Apotheosis","floor":41,"key":"SMITH"},{"floor":47,"key":"RECALL"},{"floor":49,"key":"DIG"},{"floor":53,"key":"DIG"}],"circlet_count":0,"master_deck":["DegradedFairy","DegradedChain","DegradedLock+1","DegradedPillar+1","DegradedPillar","DegradedShockwave+1","GrazeTheGrass","Unlock1","DaringDecision","GuidanceOfTheGears","Purity","OpportunitySpotted","HighSpeedStabbing","LeRegole+1","Parry2+1","WillOfThePrescript+1","SinglePointStab","YouOnlyLiveOnce","Gigigig","IronWall","Faith","HandleRequest","EnergyShield","Multislash","GoinFirst","FormingStorm","SunsetBlade+1","CoordinatedAssault","LoosenUp+1","Apotheosis+1","GroundSmash","Rewind+1","Panache","PuppetBlockade","EnergyStrike+1"],"relics":["PageOfLibrarian","PageOfSnowWhitesApple","PreservedInsect","MealTicket","PageOfSingingMachine","SlaversCollar","Centennial Puzzle","Boot","Bronze Scales","Kunai","PageOfMercenary","Ice Cream","White Beast Statue","PageOfBlackSwan","Shovel","PageOfTodaysShyLook","Chemical X","Potion Belt","StrikeDummy","Oddly Smooth Stone","PageOfLittleHelper","PageOfTheKnightOfDespair","Pen Nib","Medical Kit","PageOfLaetitia","Ornamental Fan","PageOfTheQueenOfHatred"],"acts_visited":["Exordium","TheCity","TheBeyond","TheEnding"],"potions_floor_usage":[56,56,56,56],"damage_taken":[{"damage":3,"enemies":"Small Slimes","floor":1,"turns":1},{"damage":0,"enemies":"Jaw Worm","floor":5,"turns":1},{"damage":0,"enemies":"Lagavulin","floor":6,"turns":2},{"damage":0,"enemies":"Cultist","floor":7,"turns":1},{"damage":0,"enemies":"Gremlin Nob","floor":8,"turns":1},{"damage":0,"enemies":"Looter","floor":12,"turns":1},{"damage":0,"enemies":"Lagavulin","floor":13,"turns":2},{"damage":0,"enemies":"Exordium Wildlife","floor":14,"turns":1},{"damage":0,"enemies":"The Guardian","floor":16,"turns":4},{"damage":12,"enemies":"Shell Parasite","floor":18,"turns":2},{"damage":0,"enemies":"Spheric Guardian","floor":19,"turns":1},{"damage":0,"enemies":"Centurion and Healer","floor":20,"turns":2},{"damage":6,"enemies":"Book of Stabbing","floor":23,"turns":2},{"damage":0,"enemies":"Snecko","floor":24,"turns":2},{"damage":0,"enemies":"Gremlin Leader","floor":25,"turns":2},{"damage":0,"enemies":"Slavers","floor":27,"turns":3},{"damage":0,"enemies":"Snake Plant","floor":29,"turns":3},{"damage":2,"enemies":"Book of Stabbing","floor":30,"turns":2},{"damage":0,"enemies":"Colosseum Slavers","floor":31,"turns":2},{"damage":0,"enemies":"Colosseum Nobs","floor":31,"turns":2},{"damage":0,"enemies":"Automaton","floor":33,"turns":4},{"damage":0,"enemies":"3 Darklings","floor":35,"turns":2},{"damage":0,"enemies":"2 Orb Walkers","floor":36,"turns":2},{"damage":0,"enemies":"3 Shapes","floor":38,"turns":2},{"damage":0,"enemies":"Giant Head","floor":40,"turns":5},{"damage":0,"enemies":"Nemesis","floor":46,"turns":1},{"damage":2,"enemies":"Donu and Deca","floor":50,"turns":3},{"damage":0,"enemies":"Shield and Spear","floor":55,"turns":1},{"damage":0,"enemies":"The Heart","floor":56,"turns":3}],"seed_played":"3305441418242425843","potions_obtained":[{"floor":1,"key":"Regen Potion"},{"floor":7,"key":"Explosive Potion"},{"floor":8,"key":"FearPotion"},{"floor":19,"key":"Block Potion"},{"floor":40,"key":"Regen Potion"},{"floor":46,"key":"DistilledChaos"}],"is_trial":false,"path_per_floor":["M","?","?","?","M","E","M","E","T","R","?","M","E","M","R","B",null,"M","M","M","?","?","E","M","E","T","E","R","M","E","?","R","B",null,"M","?","?","M","$","E","R","?","T","?","T","E","R","$","R","B",null,null,"R","$","E","B",null],"character_chosen":"Librarian","items_purchased":["PageOfTodaysShyLook","Apotheosis","Chemical X","Potion Belt","Pen Nib","Panache","Medical Kit","PuppetBlockade"],"campfire_rested":0,"item_purchase_floors":[39,39,39,39,48,48,48,54],"current_hp_per_floor":[57,50,43,43,43,43,43,43,43,43,43,43,43,43,43,43,90,78,78,78,78,78,72,72,72,72,72,72,72,70,70,70,70,90,90,90,85,85,85,85,85,85,85,85,85,85,85,85,85,83,83,85,85,85,85,85],"gold":110,"neow_bonus":"TWO_FIFTY_GOLD","is_daily":false,"chose_seed":false,"campfire_upgraded":5,"win_rate":0.0,"timestamp":1614266337,"path_taken":["M","?","?","?","M","E","M","E","T","R","?","M","E","?","R","BOSS","M","M","M","?","?","E","M","E","T","E","R","M","E","?","R","BOSS","M","?","?","M","$","E","R","?","T","?","?","E","R","$","R","BOSS","R","$","E","BOSS"],"items_purchased_type":["Relic","Card","Relic","Relic","Relic","Card","Relic","Card"],"build_version":"2020-12-22","purchased_purges":2,"victory":true,"max_hp_per_floor":[90,90,90,90,90,90,90,90,90,90,90,90,90,90,90,90,90,90,90,90,90,90,90,90,90,90,90,90,90,90,90,90,90,90,90,90,85,85,85,85,85,85,85,85,85,85,85,85,85,85,85,85,85,85,85,85],"card_choices":[{"not_picked":["BiAn","FleetFootsteps","DestructiveImpact","SnakeSlit","YoureAHindrance","Diversion","Pound","Guardian_lor"],"picked":"GrazeTheGrass","floor":1},{"not_picked":["SinglePointStab","EnergyShield","IngredientHunt","SuppressingShot","Reload","ButterflySlash","ClassAndRespect","HandleRequest"],"picked":"FrontalAssault","floor":5},{"not_picked":["Endure","EnergyBeam","SnakesPrey","Wallop_lor","Reload","UpbeatPerformance","Parry2","SummaryJudgment"],"picked":"Unlock1","floor":6},{"not_picked":["AlloutWar","GrazeTheGrass","GaleKick","HandlingWork","AGoldenOpportunity","StrongStrike","SnakesPrey","InkOver"],"picked":"DaringDecision","floor":7},{"not_picked":["SnakeSlit","SweepTheBackstreets","ShockRound","ScatteringSlash","BackAttack","DarkCloud","FleetFootsteps","Outburst"],"picked":"GuidanceOfTheGears","floor":8},{"not_picked":["UpbeatPerformance","Diversion","CircusKnives","SpearedSweep","Overpower","GuardingStance","Rewind","FervidEmotions","Tttonst"],"picked":"SKIP","floor":12},{"not_picked":["Eradication","ClassAndRespect","EmotionalTurbulence","GreatSerpentsImpact","FleetEdge","FierceCharge","FocusFire","NightInTheBackstreets"],"picked":"HighSpeedStabbing","floor":13},{"not_picked":["DefenseOrder","FleetEdge","SharpNails","SilentMist","TendonChords","Rewind","Quickness","PreemptiveStrike","Diversion"],"picked":"SKIP","floor":14},{"not_picked":["EnergyBeam","Cruelty"],"picked":"LeRegole","floor":16},{"not_picked":["AbsorbImpact+1","NightInTheBackstreets","Unlock1","MindPrepared","SmokingPipe","TheArtOfRapidSteps","Castigation","MultiBlock+1"],"picked":"Parry2+1","floor":18},{"not_picked":["QuickAttack","Quickness","StrikeDown","ChargeUp","BiAn","EnergyShield+1","FleetEdge","Multislash"],"picked":"WillOfThePrescript+1","floor":19},{"not_picked":["SmokingPipe","MultiHit","ChiWen","DevastatingThrash","SteelKnuckles","Overpower","FierceCharge","Pound","FleetEdge+1"],"picked":"SKIP","floor":20},{"not_picked":["PreemptiveStrike","Parry2","DarkCloud+1","Ripple+1","DestructiveImpact","Eject","SharpenedBlade","GaleKick"],"picked":"IronWall","floor":23},{"not_picked":["Parry2+1","InkOver","MultiHit","InhaleSmoke","SerpentineBarrier","ICanCookAnything","Diversion+1","DaringDecision"],"picked":"Faith","floor":24},{"not_picked":["Wallop_lor","KeepItFresh","FlashOfSunup","EnergyStrike","WillBeTasty","Decapitation","StructuralAnalysis","BizarreAttack+1"],"picked":"HandleRequest","floor":25},{"not_picked":["SmokingPipe","VioletBlade+1","GreatSerpentsImpact","WillOfThePrescript","HardRehearsal","DaringDecision","Zzzzzap","TraceOfFumes"],"picked":"EnergyShield","floor":27},{"not_picked":["ExtractFuel","InnerArdor","AutomatedMovement","EnergyShield","SnakeSlit+1","SunsetBlade","DriedUp","WaitUp+1"],"picked":"Multislash","floor":29},{"not_picked":["SerpentSwordTechnique","GuardingStance","QuickAttack","ButterflySlash","Slice_lor","MultiHit","DarkCloud","Parry"],"picked":"GoinFirst","floor":30},{"not_picked":["LeRegole","Commandeering"],"picked":"FormingStorm","floor":33},{"not_picked":["Quickness","DarkCloud","SharpNails","MultiHit+1","BladeWhirl+1","Endure","AsThePrescriptOrders","BackAttack"],"picked":"SunsetBlade+1","floor":35},{"not_picked":["DriedUp","StrongStrike+1","RushDown+1","Outburst+1","QuickAttack+1","InkOver+1","FlamingDragonFist","Wallop_lor+1"],"picked":"CoordinatedAssault","floor":36},{"not_picked":["JiaoTu","Parry2","IngredientHunt","GreatSerpentsImpact","FierceOnslaught+1","SunsetBlade","EndlessBattle+1","RhinoRam+1"],"picked":"LoosenUp+1","floor":38},{"not_picked":["EndlessBattle","StructuralAnalysis+1","QuickAttack","DeepDrag","FlashingStrike+1","Reload+1","Quickness+1","DefenseOrder"],"picked":"GroundSmash","floor":40},{"not_picked":["RulesOfTheBackstreets+1","IngredientHunt+1","BackAttack+1","Wallop_lor+1","ShockRound+1","DesperateStruggle","ViolentFlame+1","StrongStrike"],"picked":"Rewind+1","floor":46},{"not_picked":["EnergyShield+1","EnergyBeam","InhaleSmoke","Faith","QuickSuppression","Rewind+1","SnakeSlit+1","Track"],"picked":"EnergyStrike+1","floor":55}],"player_experience":559242,"relics_obtained":[{"floor":6,"key":"PreservedInsect"},{"floor":8,"key":"MealTicket"},{"floor":13,"key":"PageOfSingingMachine"},{"floor":23,"key":"Centennial Puzzle"},{"floor":25,"key":"Boot"},{"floor":26,"key":"Bronze Scales"},{"floor":27,"key":"Kunai"},{"floor":30,"key":"PageOfMercenary"},{"floor":31,"key":"Ice Cream"},{"floor":31,"key":"White Beast Statue"},{"floor":36,"key":"Shovel"},{"floor":40,"key":"StrikeDummy"},{"floor":43,"key":"Oddly Smooth Stone"},{"floor":45,"key":"PageOfLittleHelper"},{"floor":46,"key":"PageOfTheKnightOfDespair"},{"floor":49,"key":"PageOfLaetitia"},{"floor":53,"key":"Ornamental Fan"},{"floor":55,"key":"PageOfTheQueenOfHatred"}],"event_choices":[{"damage_healed":0,"gold_gain":0,"player_choice":"Success","damage_taken":7,"relics_obtained":["PageOfSnowWhitesApple"],"max_hp_gain":0,"max_hp_loss":0,"event_name":"Scrap Ooze","floor":2,"gold_loss":0},{"cards_removed":["Regret"],"damage_healed":0,"gold_gain":0,"player_choice":"Card Removal","damage_taken":7,"max_hp_gain":0,"max_hp_loss":0,"event_name":"Golden Wing","floor":3,"gold_loss":0},{"damage_healed":0,"gold_gain":175,"player_choice":"AGREE","damage_taken":0,"max_hp_gain":0,"max_hp_loss":0,"event_name":"Liars Game","floor":4,"gold_loss":0,"cards_obtained":["Doubt"]},{"damage_healed":0,"gold_gain":0,"player_choice":"2 cards matched","damage_taken":0,"max_hp_gain":0,"max_hp_loss":0,"event_name":"Match and Keep!","floor":11,"gold_loss":0,"cards_obtained":["Purity","OpportunitySpotted"]},{"damage_healed":0,"gold_gain":0,"player_choice":"Read","damage_taken":0,"max_hp_gain":0,"max_hp_loss":0,"event_name":"The Library","floor":21,"gold_loss":0,"cards_obtained":["SinglePointStab"]},{"damage_healed":0,"gold_gain":0,"cards_transformed":["DegradedFairy","DegradedFairy"],"player_choice":"Became Test Subject","damage_taken":0,"max_hp_gain":0,"max_hp_loss":0,"event_name":"Drug Dealer","floor":22,"gold_loss":0,"cards_obtained":["YouOnlyLiveOnce","Gigigig"]},{"damage_healed":0,"gold_gain":0,"player_choice":"Fight","damage_taken":0,"max_hp_gain":0,"max_hp_loss":0,"event_name":"Colosseum","floor":31,"gold_loss":0},{"damage_healed":0,"gold_gain":0,"player_choice":"Fought Nobs","damage_taken":0,"max_hp_gain":0,"max_hp_loss":0,"event_name":"Colosseum","floor":31,"gold_loss":0},{"damage_healed":0,"gold_gain":0,"player_choice":"Fight","damage_taken":0,"max_hp_gain":0,"max_hp_loss":0,"event_name":"Mysterious Sphere","floor":36,"gold_loss":0},{"damage_healed":0,"gold_gain":0,"player_choice":"Max HP","damage_taken":0,"max_hp_gain":0,"max_hp_loss":5,"event_name":"Winding Halls","floor":37,"gold_loss":0},{"damage_healed":0,"gold_gain":0,"player_choice":"Ignored","damage_taken":0,"max_hp_gain":0,"max_hp_loss":0,"event_name":"Tomb of Lord Red Mask","floor":42,"gold_loss":0},{"cards_removed":["FrontalAssault"],"damage_healed":0,"gold_gain":0,"player_choice":"Removed Skill","damage_taken":0,"max_hp_gain":0,"max_hp_loss":0,"event_name":"Falling","floor":44,"gold_loss":0}],"is_beta":false,"boss_relics":[{"not_picked":["SacredBark","Runic Pyramid"],"picked":"SlaversCollar"},{"not_picked":["Philosopher\u0027s Stone","Empty Cage"],"picked":"PageOfBlackSwan"}],"items_purged_floors":[39,48],"is_endless":false,"potions_floor_spawned":[1,7,8,19,24,30,31,33,35,36,38,40,46,55],"ascension_level":2}}