{"host":"pletss163z7s8pvv","time":1614216275,"event":{"mods":["AchievementEnabler","Act Like it!","AlwaysNeverKeys","BaseMod","Better Altar","Better Match","Better Note","Better Sensory Stone","Better Skull","Better Third Choice","BetterRewards","Bossed Relics","CapriCore","ChefMod","Colored Map","Colored Powertips","Conspire","Dio Mod","Displayed Cursed Tome","Energized Spire","Evolution","Gensokyo","GifTheSpireLib","Hallownest","Hermit","Ironclad Rager","Jedi Mod","Marisa????????","Marked Mod","Minty Spire (QoL Compilation)","Reliquary","Replay The Spire","Retaliation","Ruina","Spicy Shops","StS++","StSLib","The Administrix","The Alterego","The Animator","The Blue Laboratory","The Bug Knight","The Construct","The Cursed","The Disciple","The Forsaken","The Hierophant","The Necromancer","The Saiyan","The Vixen","The Wild Card","TheVacant","Transform Curses"],"gold_per_floor":[116,131,131,131,131,169,188,188,188,188,207,207,226,2,2,2,2,2,2,2,2,2,2],"floor_reached":22,"language":"ENG","playtime":1517,"items_purged":[],"score":382,"play_id":"fcb380c4-4923-4266-b151-d6c3dcd62b69","local_time":"20210224192435","daily_mods":["Insanity","Time Dilation","Night Terrors"],"is_ascension_mode":false,"campfire_choices":[{"floor":8,"key":"REST"},{"floor":10,"key":"REST"},{"data":"theWildCard:Odin","floor":12,"key":"SMITH"},{"data":"AdministrixMod:BegetEternity","floor":15,"key":"SMITH"}],"circlet_count":0,"master_deck":["AdministrixMod:ImmortalGrace","AdministrixMod:LightOfYourLife","AdministrixMod:NoblePath","AdministrixMod:FuneraryRites","AdministrixMod:PassageOfAges","AdministrixMod:ImmortalPurity","AdministrixMod:LightOfYourLife","AdministrixMod:SyncreticSurge","AdministrixMod:Untouchable","AdministrixMod:BishamonBlessing","AdministrixMod:ImmortalGrace","AdministrixMod:MixOfMercury","AdministrixMod:XianArts","AdministrixMod:Transition","AdministrixMod:DreamsMausoleum","AdministrixMod:RisingSunPrince","AdministrixMod:ImmortalGrace","AdministrixMod:Transition","AdministrixMod:LightOfYourLife","AdministrixMod:Transition","AdministrixMod:QuietConspiracy","AdministrixMod:ImmortalPurity","AdministrixMod:ImmortalPurity","AdministrixMod:NewWardrobe","AdministrixMod:RegentEdict","AdministrixMod:SyncreticSurge","AdministrixMod:LightOfYourLife","AdministrixMod:CenturiesAscent","AdministrixMod:PassageOfAges","AdministrixMod:PlateOfAntiquity","AdministrixMod:HiddenPower","AdministrixMod:RegentEdict","AdministrixMod:PlateOfAntiquity","AdministrixMod:RegentEdict","AdministrixMod:SealAway","AdministrixMod:BishamonBlessing","AdministrixMod:Transition","AdministrixMod:WickedPunishment","AdministrixMod:Wuji","AdministrixMod:BegetEternity+1","AdministrixMod:SyncreticPlunge","AdministrixMod:NoblePath","AdministrixMod:ShadowPlay","AdministrixMod:PassageOfAges","AdministrixMod:ExtolVirtue","AdministrixMod:Transcension","AdministrixMod:UnstableVigor","AdministrixMod:WickedPunishment","AdministrixMod:ArmillarySphere","AdministrixMod:ImmortalPurity","AdministrixMod:CrackingPangu","theWildCard:Odin+1","AdministrixMod:Convergence","AdministrixMod:TouchOfCinnabar","AdministrixMod:RebukeDesires+1","AdministrixMod:CrackingPangu+1","AdministrixMod:FearOfDeath","AdministrixMod:PassageOfAges+1","AdministrixMod:LifeforceNet+1","CurseOfTheBell"],"relics":["AdministrixMod:ConductorRitualBaton","EVO:Axolotl","Golden Idol","Snack Pack","Lizard Tail","Molten Egg 2","jedi:ominousloannote","Akabeko","Calling Bell","MealTicket","theForsaken:ScaryMask","TungstenRod","alterego_mod:SomeoneToFightFor"],"acts_visited":["Exordium","TheCity"],"potions_floor_usage":[6,7,16,16,18],"damage_taken":[{"damage":13,"enemies":"2 Louse","floor":1,"turns":3},{"damage":11,"enemies":"conspire:RoseBush","floor":2,"turns":3},{"damage":16,"enemies":"Replay:BlueRogue","floor":6,"turns":7},{"damage":12,"enemies":"Small Slimes","floor":7,"turns":4},{"damage":11,"enemies":"3 Louse","floor":11,"turns":2},{"damage":0,"enemies":"Looter","floor":13,"turns":3},{"damage":0,"enemies":"Fading Forest","floor":16,"turns":11},{"damage":17,"enemies":"3 Byrds","floor":18,"turns":6},{"damage":18,"enemies":"Snake Plant","floor":22,"turns":5}],"seed_played":"3523290589944034342","potions_obtained":[{"floor":2,"key":"StSpp:SecondWindPotion"},{"floor":6,"key":"Regen Potion"},{"floor":7,"key":"BlessingOfTheForge"},{"floor":16,"key":"DDmod:CleansePotion"}],"is_trial":false,"path_per_floor":["M","M","?","?","T","E","M","R","T","R","M","R","M","$","R","B",null,"M","?","?","?","M"],"character_chosen":"TheAdministrix","items_purchased":["jedi:ominousloannote","Akabeko","AttackPotion","AdministrixMod:FearOfDeath","AdministrixMod:PassageOfAges+1","Regen Potion"],"campfire_rested":2,"item_purchase_floors":[14,14,14,14,14,14],"current_hp_per_floor":[53,42,42,26,26,12,12,61,61,56,47,47,49,49,49,56,56,56,56,56,56,40,40],"gold":2,"neow_bonus":"","is_daily":true,"chose_seed":false,"campfire_upgraded":2,"win_rate":0.0,"timestamp":1614216275,"path_taken":["M","M","?","?","?","E","?","R","T","R","M","R","M","$","R","BOSS","M","?","?","?","M"],"items_purchased_type":["Relic","Relic","Potion","Card","Card","Potion"],"build_version":"2020-12-22","purchased_purges":0,"victory":false,"max_hp_per_floor":[66,66,66,66,66,66,66,61,61,56,56,56,56,56,56,56,56,56,56,56,56,56,56],"card_choices":[{"not_picked":["AdministrixMod:RisingSunPrince","AdministrixMod:LightOfYourLife","AdministrixMod:DiversionaryTactic"],"picked":"SKIP","floor":1},{"not_picked":["AdministrixMod:PlateOfAntiquity","AdministrixMod:PassageOfAges"],"picked":"AdministrixMod:CrackingPangu","floor":2},{"not_picked":["AdministrixMod:PassageOfAges","AdministrixMod:ExtolVirtue"],"picked":"AdministrixMod:Convergence","floor":6},{"not_picked":["AdministrixMod:ShadowPlay","AdministrixMod:BloodBargain"],"picked":"AdministrixMod:TouchOfCinnabar","floor":7},{"not_picked":["AdministrixMod:Wuji","AdministrixMod:SealAway"],"picked":"AdministrixMod:RebukeDesires+1","floor":11},{"not_picked":["AdministrixMod:Transition","AdministrixMod:TouchOfCinnabar"],"picked":"AdministrixMod:CrackingPangu+1","floor":13},{"not_picked":["AdministrixMod:DeathByGlamour","AdministrixMod:ImmortalClarity"],"picked":"AdministrixMod:LifeforceNet+1","floor":16},{"not_picked":["AdministrixMod:QuietConspiracy","AdministrixMod:TouchOfCinnabar","AdministrixMod:BloodlessSapphire"],"picked":"SKIP","floor":18}],"player_experience":556938,"relics_obtained":[{"floor":5,"key":"Snack Pack"},{"floor":6,"key":"Lizard Tail"},{"floor":9,"key":"Molten Egg 2"},{"floor":17,"key":"MealTicket"},{"floor":17,"key":"theForsaken:ScaryMask"},{"floor":17,"key":"TungstenRod"}],"event_choices":[{"damage_healed":0,"gold_gain":0,"player_choice":"Take Damage","damage_taken":16,"relics_obtained":["Golden Idol"],"max_hp_gain":0,"max_hp_loss":0,"event_name":"Golden Idol","floor":4,"gold_loss":0},{"damage_healed":0,"gold_gain":0,"player_choice":"Leave","damage_taken":0,"max_hp_gain":0,"max_hp_loss":0,"event_name":"conspire:Investor","floor":19,"gold_loss":0},{"damage_healed":0,"gold_gain":0,"player_choice":"Choice 2","damage_taken":0,"relics_obtained":["alterego_mod:SomeoneToFightFor"],"max_hp_gain":0,"max_hp_loss":0,"event_name":"Secret Garden","floor":20,"gold_loss":0},{"damage_healed":0,"gold_gain":0,"player_choice":"Ignored","damage_taken":0,"max_hp_gain":0,"max_hp_loss":0,"event_name":"Vampires","floor":21,"gold_loss":0}],"is_beta":false,"boss_relics":[{"not_picked":["Coffee Dripper","Philosopher\u0027s Stone"],"picked":"Calling Bell"}],"items_purged_floors":[],"is_endless":false,"potions_floor_spawned":[2,6,7,16],"killed_by":"Snake Plant","ascension_level":0}}