{"host":"1vqon1dbpr5c1qll","time":1614248170,"event":{"mods":["2.2 Compatiblity","AchievementEnabler","BaseMod","BetterRewards","Colored Map","Hermit","Highlight Path","Lobotomy","Minty Spire (QoL Compilation)","Permanent Neow","Quick Restart","Random Character Button","Replay The Spire","StSLib","SuperFastMode","The Cursed","The Servant 0.9.4","everything is the same but u backflip on backflip"],"gold_per_floor":[111,121,135,145,145,173,188,188,188,220,42,54,73,173,173,268,268,278,293,307,307,11,41,41,68,68,97,97,126,0,20,20,116,116,135,145,145,0,0,30,62,74,110,122,165,177,220,340,352,364],"floor_reached":51,"language":"KOR","playtime":3387,"items_purged":["Pain"],"score":1335,"play_id":"5f14a14e-475e-4c29-9d33-a2345b9c508f","local_time":"20210225191610","is_ascension_mode":true,"campfire_choices":[{"floor":8.0,"key":"REST"},{"floor":15.0,"key":"REST"},{"floor":28,"key":"REST"},{"floor":32,"key":"REST"},{"data":"Madness","floor":42,"key":"SMITH"},{"data":"Madness","floor":44,"key":"SMITH"},{"data":"TheCursedMod:CursedAmulet","floor":46,"key":"SMITH"},{"data":"TheCursedMod:WearCloak","floor":49,"key":"SMITH"}],"circlet_count":0,"master_deck":["TheCursedMod:Strike_TheCursed","TheCursedMod:Strike_TheCursed","TheCursedMod:Strike_TheCursed","TheCursedMod:Strike_TheCursed","TheCursedMod:Defend_TheCursed+1","TheCursedMod:Defend_TheCursed","TheCursedMod:Defend_TheCursed+1","TheCursedMod:Defend_TheCursed+1","TheCursedMod:CursedWand","TheCursedMod:CleanUpWorkshop","TheCursedMod:Dregs","TheCursedMod:SmokeScreen","TheCursedMod:TacticalStrike","TheCursedMod:StingEye","TheCursedMod:VitalStrike","TheCursedMod:AntiAging","TheCursedMod:HellfireBreathing","TheCursedMod:Mangle+1","TheCursedMod:Stigma","TheCursedMod:ForbiddenAlchemy+1","TheCursedMod:CursedShiv","TheCursedMod:SurpriseAttack","TheCursedMod:ShockAndAwe+1","TheCursedMod:DarkBarrier+1","TheCursedMod:ManaBullet+1","TheCursedMod:CursedBoomerang","TheCursedMod:Stretching","TheCursedMod:CursedBlade","TheCursedMod:WearCloak+1","TheCursedMod:NeowsMight+1","TheCursedMod:OutForBlood+1","TheCursedMod:CursedAmulet","TheCursedMod:Hemoplague+1","TheCursedMod:CursedShiv","TheCursedMod:CursedAmulet+1","TheCursedMod:HellsGateOpen+1","TheCursedMod:AbyssShockwave","TheCursedMod:CursedRelics+1","TheCursedMod:CursedShiv","TheCursedMod:CursedStaff+1","TheCursedMod:CursedAmulet+1","TheCursedMod:RapidMovement+1","TheCursedMod:StunningStrike+1","TheCursedMod:ReleasedStrength+1","TheCursedMod:SpitefulStrike","TheCursedMod:CursedShiv","TheCursedMod:SpitefulStrike","Madness+1","Madness+1","TheCursedMod:TacticalStrike+1","TheCursedMod:Mangle+1","TheCursedMod:TacticalStrike","Hallucinations","TheCursedMod:VoidForm+1","TheCursedMod:HellfireBreathing+1","Hallucinations","TheCursedMod:CircleOfCorruption+1","TheCursedMod:Mangle+1"],"relics":["TheCursedMod:BlackMagic101","Prayer Wheel","Golden Egg","War Paint","Gremlin Food","Cursed Key","Toy Ornithopter","Anchor","ReplayTheSpireMod:Ninjato","Enchiridion","Replay:Bottled Flurry","Chameleon Ring","HornCleat","Replay:Bottled Steam","SacredBark","Red Mask","MawBank","Art of War","Singing Bowl","Onion Ring","Pen Nib"],"acts_visited":["Exordium","TheCity","TheBeyond"],"potions_floor_usage":[27,27,29,29,29,29,31,33,33,33,40,40,40,40,41,41,41,41,41,41,45,50,50,50,50,50,50],"damage_taken":[{"damage":7.0,"enemies":"Jaw Worm","floor":1.0,"turns":5.0},{"damage":0.0,"enemies":"Cultist","floor":2.0,"turns":3.0},{"damage":0.0,"enemies":"Small Slimes","floor":3.0,"turns":3.0},{"damage":9.0,"enemies":"Gremlin Gang","floor":4.0,"turns":6.0},{"damage":30.0,"enemies":"Lagavulin","floor":6.0,"turns":6.0},{"damage":0.0,"enemies":"3 Louse","floor":7.0,"turns":3.0},{"damage":12.0,"enemies":"Replay:BlueRogue","floor":10.0,"turns":8.0},{"damage":0.0,"enemies":"Exordium Wildlife","floor":12.0,"turns":5.0},{"damage":3.0,"enemies":"Looter","floor":13.0,"turns":3.0},{"damage":28.0,"enemies":"Fading Forest","floor":16.0,"turns":11.0},{"damage":6.0,"enemies":"3 Byrds","floor":18.0,"turns":5.0},{"damage":3.0,"enemies":"2 Thieves","floor":19.0,"turns":4.0},{"damage":13.0,"enemies":"Cultist and Chosen","floor":20.0,"turns":6.0},{"damage":48.0,"enemies":"Gremlin Leader","floor":23.0,"turns":7.0},{"damage":0.0,"enemies":"Book of Stabbing","floor":25.0,"turns":2.0},{"damage":1,"enemies":"Gremlin Leader","floor":27,"turns":3},{"damage":7,"enemies":"Book of Stabbing","floor":29,"turns":3},{"damage":0,"enemies":"Snecko","floor":31,"turns":2},{"damage":0,"enemies":"Champ","floor":33,"turns":9},{"damage":0,"enemies":"3 Darklings","floor":35,"turns":5},{"damage":6,"enemies":"3 Shapes","floor":36,"turns":6},{"damage":0,"enemies":"Giant Head","floor":40,"turns":5},{"damage":0,"enemies":"Maw","floor":41,"turns":6},{"damage":5,"enemies":"Reptomancer","floor":45,"turns":4},{"damage":3,"enemies":"Giant Head","floor":47,"turns":6},{"damage":29,"enemies":"Time Eater","floor":50,"turns":8}],"seed_played":"1197623617527153537","potions_obtained":[{"floor":4.0,"key":"EssenceOfSteel"},{"floor":5.0,"key":"FairyPotion"},{"floor":5.0,"key":"AttackPotion"},{"floor":7.0,"key":"Block Potion"},{"floor":12.0,"key":"Weak Potion"},{"floor":13.0,"key":"Explosive Potion"},{"floor":16.0,"key":"Block Potion"},{"floor":19.0,"key":"Milkshake"},{"floor":20.0,"key":"Elixir"},{"floor":27,"key":"Swift Potion"},{"floor":40,"key":"SneckoOil"},{"floor":47,"key":"SmokeBomb"}],"is_trial":false,"path_per_floor":["M","M","M","M","?","E","M","R","T","E","$","M","M","?","R","B",null,"M","M","M","?","$","E","?","E","T","E","R","E","$","M","R","B",null,"M","M","?","?","$","E","M","R","T","R","E","R","E","?","R","B",null],"character_chosen":"THE_CURSED","items_purchased":["TheCursedMod:DarkBarrier","TheCursedMod:ManaBullet","Toy Ornithopter","Anchor","Dexterity Potion"],"campfire_rested":4,"item_purchase_floors":[11,11,22,22,30],"current_hp_per_floor":[47,47,47,40,40,12,14,38,38,28,28,30,29,29,55,35,74,70,69,58,40,40,17,1,11,11,20,49,62,62,67,96,100,100,100,96,83,83,83,102,104,104,104,104,99,99,96,96,96,95],"gold":376,"neow_bonus":"ONE_RARE_RELIC","is_daily":false,"chose_seed":false,"campfire_upgraded":4,"win_rate":0.0,"timestamp":1614248170,"path_taken":["M","M","M","M","?","E","M","R","T","E","?","?","M","?","R","BOSS","M","M","?","?","$","E","?","E","T","E","R","E","?","?","R","BOSS","M","M","?","?","$","E","M","R","T","R","E","R","E","?","R","BOSS"],"items_purchased_type":["Card","Card","Relic","Relic","Potion"],"build_version":"2020-12-22","purchased_purges":1,"victory":true,"max_hp_per_floor":[75,75,75,77,77,79,81,81,81,83,83,85,87,87,87,87,87,89,91,93,98,98,98,98,98,98,98,98,98,98,98,98,100,100,100,102,102,102,102,102,104,104,104,104,104,104,104,104,104,104],"card_choices":[{"not_picked":["TheCursedMod:VitalStrike","TheCursedMod:Obscuration"],"picked":"TheCursedMod:SmokeScreen","floor":1.0},{"not_picked":["TheCursedMod:Stretching","TheCursedMod:RapidMovement"],"picked":"TheCursedMod:TacticalStrike","floor":1.0},{"not_picked":["TheCursedMod:HellfireBreathing","TheCursedMod:Torture"],"picked":"TheCursedMod:StingEye","floor":2.0},{"not_picked":["TheCursedMod:CursedMace","TheCursedMod:RavingStaff"],"picked":"TheCursedMod:VitalStrike","floor":2.0},{"not_picked":["TheCursedMod:Stretching","TheCursedMod:Torture"],"picked":"TheCursedMod:AntiAging","floor":3.0},{"not_picked":["TheCursedMod:RavingStaff","TheCursedMod:FleshFromBone"],"picked":"TheCursedMod:HellfireBreathing","floor":3.0},{"not_picked":["TheCursedMod:FleshFromBone","TheCursedMod:CircleOfFlame"],"picked":"TheCursedMod:Mangle","floor":4.0},{"not_picked":["TheCursedMod:Wield","TheCursedMod:StingEye"],"picked":"TheCursedMod:Stigma","floor":4.0},{"not_picked":["TheCursedMod:CursedShiv","TheCursedMod:SurpriseAttack"],"picked":"TheCursedMod:ForbiddenAlchemy","floor":6.0},{"not_picked":["TheCursedMod:Hemoplague","TheCursedMod:CircleOfFocus"],"picked":"TheCursedMod:CursedShiv","floor":7.0},{"not_picked":["TheCursedMod:ReleasedStrength","TheCursedMod:ShockAndAwe"],"picked":"TheCursedMod:SurpriseAttack","floor":7.0},{"not_picked":["TheCursedMod:ReleasedKnowledge","TheCursedMod:SmokeScreen"],"picked":"TheCursedMod:ShockAndAwe","floor":10.0},{"not_picked":["TheCursedMod:BloodBarrier","TheCursedMod:Stretching"],"picked":"TheCursedMod:CursedBoomerang","floor":12.0},{"not_picked":["TheCursedMod:VitalStrike","TheCursedMod:SurpriseAttack"],"picked":"TheCursedMod:Stretching","floor":12.0},{"not_picked":["TheCursedMod:Torture","TheCursedMod:CursedShiv"],"picked":"TheCursedMod:CursedBlade","floor":13.0},{"not_picked":["TheCursedMod:ParallelWorld","TheCursedMod:CursedStaff"],"picked":"TheCursedMod:WearCloak","floor":13.0},{"not_picked":["TheCursedMod:ManaCirculation","TheCursedMod:DarkBarrier"],"picked":"TheCursedMod:NeowsMight","floor":16.0},{"not_picked":["TheCursedMod:RapidMovement","TheCursedMod:Wield"],"picked":"TheCursedMod:OutForBlood","floor":18.0},{"not_picked":["TheCursedMod:Stigma","TheCursedMod:TacticalStrike"],"picked":"TheCursedMod:CursedAmulet","floor":18.0},{"not_picked":["TheCursedMod:SmokeScreen+1","TheCursedMod:SaltUponWound"],"picked":"TheCursedMod:Hemoplague+1","floor":19.0},{"not_picked":["TheCursedMod:SurpriseAttack","TheCursedMod:CursedBoomerang"],"picked":"TheCursedMod:CursedShiv","floor":19.0},{"not_picked":["TheCursedMod:SurpriseAttack","TheCursedMod:SmokeScreen"],"picked":"TheCursedMod:CursedAmulet","floor":20.0},{"not_picked":["TheCursedMod:SurpriseAttack","TheCursedMod:WearCloak"],"picked":"TheCursedMod:HellsGateOpen+1","floor":20.0},{"not_picked":["TheCursedMod:SaltUponWound+1","TheCursedMod:Stretching"],"picked":"TheCursedMod:AbyssShockwave","floor":23.0},{"not_picked":["TheCursedMod:CircleOfBlood+1","TheCursedMod:SpreadPlague"],"picked":"TheCursedMod:CursedRelics","floor":25.0},{"not_picked":["TheCursedMod:SmokeScreen","TheCursedMod:SpitefulPlan"],"picked":"TheCursedMod:CursedShiv","floor":27},{"not_picked":["TheCursedMod:RavingStaff","TheCursedMod:WearCloak"],"picked":"TheCursedMod:CursedStaff+1","floor":29},{"not_picked":["TheCursedMod:ManaBullet+1","TheCursedMod:HellsGateOpen"],"picked":"TheCursedMod:CursedAmulet+1","floor":31},{"not_picked":["TheCursedMod:CursedAmulet","TheCursedMod:Obscuration"],"picked":"TheCursedMod:RapidMovement","floor":31},{"not_picked":["TheCursedMod:OutForBlood","TheCursedMod:CollectTribute"],"picked":"TheCursedMod:StunningStrike","floor":33},{"not_picked":["TheCursedMod:Obscuration+1","TheCursedMod:SpreadPlague"],"picked":"TheCursedMod:ReleasedStrength+1","floor":35},{"not_picked":["TheCursedMod:CursedMace+1","TheCursedMod:Evocation+1"],"picked":"TheCursedMod:SpitefulStrike","floor":35},{"not_picked":["TheCursedMod:CircleOfWindfury+1","TheCursedMod:SpreadPlague"],"picked":"TheCursedMod:CursedShiv","floor":36},{"not_picked":["TheCursedMod:CircleOfAmplification","TheCursedMod:SpitefulPlan"],"picked":"TheCursedMod:SpitefulStrike","floor":36},{"not_picked":["TheCursedMod:CursedMace","TheCursedMod:Torture+1"],"picked":"TheCursedMod:TacticalStrike+1","floor":40},{"not_picked":["TheCursedMod:TacticalStrike","TheCursedMod:SmokeScreen+1"],"picked":"TheCursedMod:Mangle+1","floor":41},{"not_picked":["TheCursedMod:Stigma","TheCursedMod:BloodBarrier+1"],"picked":"TheCursedMod:TacticalStrike","floor":41},{"not_picked":["TheCursedMod:RapidMovement+1","TheCursedMod:AbyssShockwave"],"picked":"TheCursedMod:VoidForm","floor":45},{"not_picked":["TheCursedMod:AbyssShockwave+1","TheCursedMod:SurpriseAttack+1"],"picked":"TheCursedMod:HellfireBreathing+1","floor":47},{"not_picked":["TheCursedMod:HellfireBreathing","TheCursedMod:BloodBarrier+1"],"picked":"TheCursedMod:CircleOfCorruption+1","floor":48},{"not_picked":["TheCursedMod:TacticalStrike+1","TheCursedMod:CursedBoomerang+1"],"picked":"TheCursedMod:Mangle+1","floor":48}],"player_experience":1016545,"relics_obtained":[{"floor":6.0,"key":"Golden Egg"},{"floor":9.0,"key":"War Paint"},{"floor":10.0,"key":"Gremlin Food"},{"floor":23.0,"key":"ReplayTheSpireMod:Ninjato"},{"floor":24.0,"key":"Enchiridion"},{"floor":25.0,"key":"Replay:Bottled Flurry"},{"floor":26.0,"key":"Chameleon Ring"},{"floor":27,"key":"HornCleat"},{"floor":29,"key":"Replay:Bottled Steam"},{"floor":40,"key":"MawBank"},{"floor":43,"key":"Art of War"},{"floor":45,"key":"Singing Bowl"},{"floor":47,"key":"Onion Ring"},{"floor":48,"key":"Pen Nib"}],"event_choices":[{"damage_healed":0.0,"max_hp_gain":0.0,"max_hp_loss":0.0,"gold_gain":0.0,"event_name":"Lab","player_choice":"Got Potions","floor":5.0,"gold_loss":0.0,"damage_taken":0.0},{"damage_healed":0.0,"max_hp_gain":0.0,"max_hp_loss":0.0,"gold_gain":100.0,"event_name":"Golden Shrine","player_choice":"Pray","floor":14.0,"gold_loss":0.0,"damage_taken":0.0},{"damage_healed":0.0,"max_hp_gain":5.0,"max_hp_loss":0.0,"gold_gain":0.0,"event_name":"Forgotten Altar","player_choice":"Shed Blood","floor":21.0,"gold_loss":0.0,"damage_taken":23.0},{"damage_healed":0.0,"max_hp_gain":0.0,"max_hp_loss":0.0,"gold_gain":0.0,"event_name":"Cursed Tome","player_choice":"Obtained Book","floor":24.0,"gold_loss":0.0,"damage_taken":16.0},{"damage_healed":0,"gold_gain":0,"player_choice":"Embrace Madness","damage_taken":13,"max_hp_gain":0,"max_hp_loss":0,"event_name":"Winding Halls","floor":37,"gold_loss":0,"cards_obtained":["Madness","Madness"]},{"damage_healed":0,"gold_gain":0,"player_choice":"Paid","damage_taken":0,"relics_obtained":["Red Mask"],"max_hp_gain":0,"max_hp_loss":0,"event_name":"Tomb of Lord Red Mask","floor":38,"gold_loss":145}],"is_beta":false,"boss_relics":[{"not_picked":["Replay:Wanted Poster","Fusion Hammer"],"picked":"Cursed Key"},{"not_picked":["TheCursedMod:BlackMagicAdvanced","Empty Cage"],"picked":"SacredBark"}],"items_purged_floors":[30],"is_endless":false,"potions_floor_spawned":[4,7,12,13,16,19,20,27,40,47],"ascension_level":5}}