{"host":"51f9r4o9zca2xpvz","time":1614252009,"event":{"mods":["AchievementEnabler","BaseMod","Minty Spire (QoL Compilation)"],"gold_per_floor":[114,114,189,42,7,41,66,66,66,41,66,85,85,104,104,223,223,244,244,244,244,244,244,244,169,219,240,275,290,290,333,333,333,333],"floor_reached":33,"language":"ENG","playtime":2960,"items_purged":[],"score":333,"play_id":"e9e9487f-364c-4584-8aa9-29ad246883ca","local_time":"20210225032009","is_ascension_mode":false,"campfire_choices":[{"data":"EmptyFist","floor":8,"key":"SMITH"},{"floor":15,"key":"REST"},{"data":"Shame","floor":23,"key":"PURGE"},{"data":"CrushJoints","floor":32,"key":"SMITH"}],"circlet_count":0,"master_deck":["Defend_P","Defend_P","Defend_P","Defend_P","Eruption","Vigilance+1","EmptyFist+1","Evaluate","ThirdEye","CrushJoints+1","SignatureMove+1","EmptyBody","Judgement","RitualDagger","Bite","Bite","Bite","Bite","Bite"],"relics":["PureWater","Golden Idol","ClockworkSouvenir","Peace Pipe","Toy Ornithopter","Busted Crown","Oddly Smooth Stone","Happy Flower","Regal Pillow","Bronze Scales","HornCleat"],"acts_visited":["Exordium","TheCity"],"potions_floor_usage":[30,31,33,33],"damage_taken":[{"damage":1,"enemies":"Cultist","floor":1,"turns":4},{"damage":31,"enemies":"Gremlin Nob","floor":6,"turns":5},{"damage":0,"enemies":"Small Slimes","floor":7,"turns":3},{"damage":0,"enemies":"2 Louse","floor":11,"turns":2},{"damage":11,"enemies":"Blue Slaver","floor":12,"turns":3},{"damage":0,"enemies":"Red Slaver","floor":14,"turns":4},{"damage":10,"enemies":"Slime Boss","floor":16,"turns":6},{"damage":5,"enemies":"3 Byrds","floor":18,"turns":4},{"damage":0,"enemies":"Spheric Guardian","floor":27,"turns":1},{"damage":15,"enemies":"Gremlin Leader","floor":28,"turns":6},{"damage":21,"enemies":"Chosen and Byrds","floor":29,"turns":6},{"damage":0,"enemies":"Snake Plant","floor":30,"turns":1},{"damage":24,"enemies":"Slavers","floor":31,"turns":4},{"damage":78,"enemies":"Champ","floor":33,"turns":10}],"seed_played":"-6484313715875449272","potions_obtained":[{"floor":1,"key":"Strength Potion"},{"floor":11,"key":"SmokeBomb"},{"floor":14,"key":"GamblersBrew"},{"floor":31,"key":"FearPotion"}],"is_trial":false,"path_per_floor":["M","?","?","$","?","E","M","R","T","$","M","M","?","M","R","B",null,"M","$","?","?","?","R","?","?","T","M","E","M","M","E","R","B"],"character_chosen":"WATCHER","items_purchased":["ClockworkSouvenir","CrushJoints"],"campfire_rested":1,"item_purchase_floors":[4,10],"current_hp_per_floor":[78,59,48,48,67,36,36,36,36,36,36,25,9,9,32,22,79,74,74,68,55,55,55,55,55,55,55,52,36,41,32,32,0,0],"gold":333,"neow_bonus":"TEN_PERCENT_HP_BONUS","is_daily":false,"chose_seed":false,"campfire_upgraded":2,"win_rate":0.0,"timestamp":1614252009,"path_taken":["M","?","?","$","?","E","M","R","T","?","M","?","?","M","R","BOSS","M","$","?","?","?","R","?","?","T","M","E","M","M","E","R","BOSS"],"items_purchased_type":["Relic","Card"],"build_version":"2020-12-22","purchased_purges":0,"victory":false,"max_hp_per_floor":[79,79,79,79,79,79,79,79,79,79,79,79,79,79,79,79,79,79,79,79,55,55,55,55,55,55,55,55,55,55,55,55,55,55],"card_choices":[{"not_picked":["WaveOfTheHand","Halt"],"picked":"EmptyFist","floor":1},{"not_picked":["Study","Crescendo"],"picked":"Evaluate","floor":6},{"not_picked":["ClearTheMind","Meditate"],"picked":"ThirdEye","floor":7},{"not_picked":["ThirdEye","FlurryOfBlows"],"picked":"SignatureMove","floor":11},{"not_picked":["FlyingSleeves","SashWhip"],"picked":"EmptyBody","floor":12},{"not_picked":["EmptyBody","Protect","Fasting2"],"picked":"SKIP","floor":14},{"not_picked":["MasterReality","Brilliance"],"picked":"Judgement","floor":16},{"not_picked":["EmptyFist+1"],"picked":"SKIP","floor":18},{"not_picked":["EmptyBody"],"picked":"SKIP","floor":27},{"not_picked":["Adaptation"],"picked":"SKIP","floor":28},{"not_picked":["Evaluate+1"],"picked":"SKIP","floor":29},{"not_picked":["Collect+1"],"picked":"SKIP","floor":31}],"player_experience":27890,"relics_obtained":[{"floor":6,"key":"Peace Pipe"},{"floor":9,"key":"Toy Ornithopter"},{"floor":26,"key":"Regal Pillow"},{"floor":28,"key":"Bronze Scales"},{"floor":31,"key":"HornCleat"}],"event_choices":[{"damage_healed":0,"gold_gain":0,"player_choice":"Take Damage","damage_taken":19,"relics_obtained":["Golden Idol"],"max_hp_gain":0,"max_hp_loss":0,"event_name":"Golden Idol","floor":2,"gold_loss":0},{"damage_healed":0,"gold_gain":75,"player_choice":"Gather Gold","damage_taken":11,"max_hp_gain":0,"max_hp_loss":0,"event_name":"World of Goop","floor":3,"gold_loss":0},{"damage_healed":19,"gold_gain":0,"player_choice":"Healed","damage_taken":0,"max_hp_gain":0,"max_hp_loss":0,"event_name":"The Cleric","floor":5,"gold_loss":35},{"damage_healed":0,"gold_gain":0,"player_choice":"Entered Light","damage_taken":16,"max_hp_gain":0,"max_hp_loss":0,"event_name":"Shining Light","floor":13,"gold_loss":0,"cards_upgraded":["Vigilance","SignatureMove"]},{"damage_healed":0,"gold_gain":0,"player_choice":"Joined the Cult","damage_taken":6,"max_hp_gain":0,"max_hp_loss":0,"event_name":"Nest","floor":20,"gold_loss":0,"cards_obtained":["RitualDagger"]},{"damage_healed":0,"gold_gain":0,"player_choice":"Became a vampire","damage_taken":0,"max_hp_gain":0,"max_hp_loss":24,"event_name":"Vampires","floor":21,"gold_loss":0,"cards_obtained":["Bite","Bite","Bite","Bite","Bite"]},{"damage_healed":0,"gold_gain":0,"player_choice":"Stole Relic","damage_taken":0,"relics_obtained":["Oddly Smooth Stone"],"max_hp_gain":0,"max_hp_loss":0,"event_name":"Addict","floor":22,"gold_loss":0,"cards_obtained":["Shame"]},{"damage_healed":0,"gold_gain":0,"player_choice":"Opened","damage_taken":0,"relics_obtained":["Happy Flower"],"max_hp_gain":0,"max_hp_loss":0,"event_name":"The Mausoleum","floor":24,"gold_loss":0,"cards_obtained":["Writhe"]},{"cards_removed":["Writhe"],"damage_healed":0,"gold_gain":0,"player_choice":"Gave Gold","damage_taken":0,"max_hp_gain":0,"max_hp_loss":0,"event_name":"Beggar","floor":25,"gold_loss":75}],"is_beta":false,"boss_relics":[{"not_picked":["Snecko Eye","Fusion Hammer"],"picked":"Busted Crown"}],"items_purged_floors":[],"is_endless":false,"potions_floor_spawned":[1,11,14,16,18,30,31],"killed_by":"Champ","ascension_level":0}}