{"host":"61r95uy0hn86b9iu","time":1614215926,"event":{"mods":["AchievementEnabler","BaseMod","Better Vampires","BetterRewards","Colored Powertips","Hubris","Minty Spire (QoL Compilation)","Shop Mod","StSLib"],"gold_per_floor":[115,115,23,94,94,94,119,135,135,153,153,170,202,212,212,289,289,269,287,304,354,369,369,27,55,55,73,73,73,73,96,96,96,96],"floor_reached":33,"language":"ENG","playtime":1021,"items_purged":["Strike_B"],"score":731,"play_id":"4e972f59-0449-4087-ba8a-82a59cc51455","local_time":"20210224191846","is_ascension_mode":true,"campfire_choices":[{"data":"Apotheosis","floor":6.0,"key":"SMITH"},{"floor":11.0,"key":"REST"},{"floor":15.0,"key":"REST"},{"floor":23,"key":"REST"},{"floor":32,"key":"REST"}],"circlet_count":0,"master_deck":["AscendersBane","Strike_B+1","Strike_B+1","Strike_B+1","Defend_B+1","Defend_B+1","Defend_B+1","Defend_B+1","Zap","Dualcast","Apotheosis+1","Turbo","Streamline","Glacier","Capacitor","Conserve Battery","Sunder","Consume","Core Surge","Multi-Cast","Self Repair+1","Barrage","Panacea","Static Discharge"],"relics":["Cracked Core","Omamori","hubris:RGBLights","Eternal Feather","Oddly Smooth Stone","hubris:MysteriousPyramids","Toy Ornithopter","SlaversCollar","Art of War","InkBottle","Enchiridion","Happy Flower"],"acts_visited":["Exordium","TheCity"],"potions_floor_usage":[19,19,22,25,27],"damage_taken":[{"damage":0.0,"enemies":"2 Louse","floor":1.0,"turns":2.0},{"damage":51.0,"enemies":"Gremlin Nob","floor":7.0,"turns":5.0},{"damage":0.0,"enemies":"Cultist","floor":8.0,"turns":4.0},{"damage":0.0,"enemies":"Jaw Worm","floor":10.0,"turns":3.0},{"damage":6.0,"enemies":"2 Fungi Beasts","floor":12.0,"turns":2.0},{"damage":5.0,"enemies":"Lagavulin","floor":13.0,"turns":6.0},{"damage":5.0,"enemies":"Exordium Wildlife","floor":14.0,"turns":3.0},{"damage":6.0,"enemies":"The Guardian","floor":16.0,"turns":10.0},{"damage":22.0,"enemies":"2 Thieves","floor":18.0,"turns":4.0},{"damage":33,"enemies":"3 Byrds","floor":19,"turns":5},{"damage":24,"enemies":"Snake Plant","floor":20,"turns":4},{"damage":0,"enemies":"3 Cultists","floor":22,"turns":4},{"damage":36,"enemies":"Slavers","floor":25,"turns":6},{"damage":13,"enemies":"Snecko","floor":27,"turns":6},{"damage":52,"enemies":"Automaton","floor":33,"turns":6}],"seed_played":"5092853574094653818","potions_obtained":[{"floor":8.0,"key":"Block Potion"},{"floor":12.0,"key":"SpeedPotion"},{"floor":14.0,"key":"LiquidBronze"},{"floor":16.0,"key":"BlessingOfTheForge"},{"floor":18.0,"key":"Swift Potion"},{"floor":19,"key":"ColorlessPotion"},{"floor":20,"key":"PowerPotion"},{"floor":25,"key":"DistilledChaos"}],"is_trial":false,"path_per_floor":["M","?","$","T","$","R","E","M","T","M","R","M","E","M","R","B",null,"M","M","M","?","M","R","$","E","T","M","?","?","$","T","R","B"],"character_chosen":"DEFECT","items_purchased":["Apotheosis","Omamori","Capacitor","Streamline","Capacitor","Conserve Battery","Art of War","Panacea"],"campfire_rested":4,"item_purchase_floors":[0,0,0,0,3,3,24,24],"current_hp_per_floor":[41,71,71,71,71,71,20,20,20,20,50,44,39,34,67,66,70,48,35,11,11,16,49,49,28,28,30,9,9,9,9,42,0,0],"gold":96,"neow_bonus":"","is_daily":false,"chose_seed":false,"campfire_upgraded":1,"win_rate":0.0,"timestamp":1614215926,"path_taken":["M","?","$","?","$","R","E","M","T","?","R","M","E","M","R","BOSS","M","M","M","?","M","R","$","E","T","?","?","?","?","?","R","BOSS"],"items_purchased_type":["Card","Relic","Card","Card","Card","Card","Relic","Card"],"build_version":"2020-12-22","purchased_purges":1,"victory":false,"max_hp_per_floor":[71,71,71,71,71,71,71,71,71,71,71,71,71,71,71,71,71,71,71,71,71,71,71,71,71,71,71,71,71,71,71,71,71,71],"card_choices":[{"not_picked":["Hello World","Coolheaded"],"picked":"Glacier","floor":1.0},{"not_picked":["Lockon","Go for the Eyes"],"picked":"Sunder","floor":7.0},{"not_picked":["Loop","Stack","Go for the Eyes"],"picked":"SKIP","floor":8.0},{"not_picked":["Rebound","Compile Driver","Streamline"],"picked":"SKIP","floor":10.0},{"not_picked":["Hologram","Ball Lightning"],"picked":"Consume","floor":12.0},{"not_picked":["Melter","Gash"],"picked":"Core Surge","floor":13.0},{"not_picked":["Steam","Hello World","Stack"],"picked":"SKIP","floor":14.0},{"not_picked":["hubris:SpecializedCircuitry","All For One"],"picked":"Multi-Cast","floor":16.0},{"not_picked":["Reinforced Body","Conserve Battery"],"picked":"Self Repair+1","floor":18.0},{"not_picked":["Conserve Battery","Self Repair+1","Scrape"],"picked":"SKIP","floor":19},{"not_picked":["Barrage","Beam Cell","Go for the Eyes"],"picked":"SKIP","floor":20},{"not_picked":["Beam Cell","Go for the Eyes"],"picked":"Barrage","floor":20},{"not_picked":["Streamline","Leap","Static Discharge"],"picked":"SKIP","floor":22},{"not_picked":["Consume","Redo"],"picked":"Static Discharge","floor":25},{"not_picked":["Static Discharge","Aggregate","FTL"],"picked":"SKIP","floor":27}],"player_experience":3399833,"relics_obtained":[{"floor":4.0,"key":"Eternal Feather"},{"floor":7.0,"key":"Oddly Smooth Stone"},{"floor":9.0,"key":"hubris:MysteriousPyramids"},{"floor":13.0,"key":"Toy Ornithopter"},{"floor":25,"key":"InkBottle"},{"floor":28,"key":"Enchiridion"},{"floor":31,"key":"Happy Flower"}],"event_choices":[{"cards_removed":["Capacitor"],"damage_healed":30.0,"max_hp_gain":0.0,"max_hp_loss":0.0,"gold_gain":0.0,"event_name":"Bonfire Elementals","player_choice":"Offered Uncommon","floor":2.0,"gold_loss":0.0,"damage_taken":0.0},{"damage_healed":0,"gold_gain":50,"player_choice":"Pray","damage_taken":0,"max_hp_gain":0,"max_hp_loss":0,"event_name":"Golden Shrine","floor":21,"gold_loss":0},{"damage_healed":0,"gold_gain":0,"player_choice":"Obtained Book","damage_taken":21,"max_hp_gain":0,"max_hp_loss":0,"event_name":"Cursed Tome","floor":28,"gold_loss":0},{"damage_healed":0,"gold_gain":0,"player_choice":"Simplicity","damage_taken":0,"max_hp_gain":0,"max_hp_loss":0,"event_name":"Back to Basics","floor":29,"gold_loss":0,"cards_upgraded":["Strike_B","Strike_B","Strike_B","Defend_B","Defend_B","Defend_B","Defend_B"]}],"is_beta":false,"boss_relics":[{"not_picked":["Runic Dome","Snecko Eye"],"picked":"SlaversCollar"}],"items_purged_floors":[24],"is_endless":false,"potions_floor_spawned":[8,12,14,16,18,19,20,25],"killed_by":"Automaton","ascension_level":19}}