{"host":"bnpj5ln693dhfj4y","time":1614255966,"event":{"mods":["AchievementEnabler","BaseMod","Colored Map","Colored Powertips","DeckTracker","Highlight Path","Minty Spire (QoL Compilation)","Weighted Paths"],"gold_per_floor":[117,127,147,162,262,262,51,51,51,110,155,205,205,262,262,397,397,443,483,526,441,50,112,112,112,112,112,112,152,194,256,256,387,387,468,504,529,529],"floor_reached":37,"language":"ENG","playtime":4920,"items_purged":["Defend_P","Strike_P"],"score":546,"play_id":"b679de71-6ce9-467c-96b0-86a09930ca54","local_time":"20210225132606","is_ascension_mode":false,"campfire_choices":[{"data":"Wallop","floor":6,"key":"SMITH"},{"data":"Wish","floor":8,"key":"SMITH"},{"data":"DevaForm","floor":13,"key":"SMITH"},{"data":"1","floor":15,"key":"LIFT"},{"floor":25,"key":"REST"},{"data":"Ghostly","floor":28,"key":"SMITH"},{"data":"Ghostly","floor":32,"key":"SMITH"}],"circlet_count":0,"master_deck":["Strike_P","Strike_P","Strike_P","Defend_P","Defend_P","Defend_P","Eruption+1","Vigilance","Wallop+1","Evaluate","CrushJoints","WindmillStrike","Wish+1","Perseverance","DevaForm+1","Prostrate","PathToVictory","DeusExMachina","TalkToTheHand","MentalFortress+1","BowlingBash+1","Decay","Ghostly+1","Ghostly+1","Ghostly","Ghostly","Ghostly","ForeignInfluence","ClearTheMind+1","Wish","CurseOfTheBell","Wireheading+1"],"relics":["PureWater","FossilizedHelix","Girya","Centennial Puzzle","Runic Pyramid","Pocketwatch","Calipers","Art of War","Vajra","Kunai","Calling Bell","CeramicFish","Gremlin Horn","Dead Branch"],"acts_visited":["Exordium","TheCity","TheBeyond"],"potions_floor_usage":[4,14,20,23,37],"damage_taken":[{"damage":0,"enemies":"Small Slimes","floor":1,"turns":2},{"damage":2,"enemies":"Cultist","floor":2,"turns":3},{"damage":0,"enemies":"Jaw Worm","floor":3,"turns":2},{"damage":2,"enemies":"Large Slime","floor":4,"turns":7},{"damage":4,"enemies":"3 Sentries","floor":10,"turns":9},{"damage":9,"enemies":"Looter","floor":11,"turns":3},{"damage":8,"enemies":"3 Louse","floor":12,"turns":4},{"damage":0,"enemies":"Gremlin Nob","floor":14,"turns":4},{"damage":26,"enemies":"The Guardian","floor":16,"turns":11},{"damage":10,"enemies":"Spheric Guardian","floor":18,"turns":5},{"damage":15,"enemies":"2 Thieves","floor":19,"turns":4},{"damage":3,"enemies":"Centurion and Healer","floor":20,"turns":6},{"damage":33,"enemies":"Book of Stabbing","floor":23,"turns":6},{"damage":5,"enemies":"3 Cultists","floor":29,"turns":6},{"damage":6,"enemies":"Shelled Parasite and Fungi","floor":30,"turns":6},{"damage":12,"enemies":"Slavers","floor":31,"turns":8},{"damage":0,"enemies":"Collector","floor":33,"turns":9},{"damage":7,"enemies":"3 Darklings","floor":35,"turns":8},{"damage":3,"enemies":"3 Shapes","floor":36,"turns":10},{"damage":100002,"enemies":"3 Darklings","floor":37,"turns":6}],"seed_played":"4543581779699766868","potions_obtained":[{"floor":1,"key":"Ambrosia"},{"floor":2,"key":"SneckoOil"},{"floor":10,"key":"SpeedPotion"},{"floor":12,"key":"Strength Potion"},{"floor":14,"key":"LiquidMemories"},{"floor":18,"key":"Fruit Juice"},{"floor":29,"key":"SpeedPotion"},{"floor":35,"key":"LiquidBronze"}],"is_trial":false,"path_per_floor":["M","M","M","M","?","R","$","R","T","E","M","M","R","E","R","B",null,"M","M","M","?","$","E","?","R","T","?","R","M","M","E","R","B",null,"M","M","M"],"character_chosen":"WATCHER","items_purchased":["Wish","Calipers"],"campfire_rested":1,"item_purchase_floors":[7,22],"current_hp_per_floor":[72,70,70,68,68,68,68,68,68,64,55,47,47,47,47,21,72,62,47,44,44,44,16,16,39,39,38,38,33,27,15,15,15,38,31,28,0,0],"gold":529,"neow_bonus":"UPGRADE_CARD","is_daily":false,"chose_seed":false,"campfire_upgraded":5,"win_rate":0.0,"timestamp":1614255966,"path_taken":["M","M","M","M","?","R","?","R","T","E","M","?","R","E","R","BOSS","M","M","M","?","$","E","?","R","T","?","R","M","M","E","R","BOSS","M","M","M"],"items_purchased_type":["Card","Relic"],"build_version":"2020-12-22","purchased_purges":2,"victory":false,"max_hp_per_floor":[72,72,72,72,72,72,72,72,72,72,72,72,72,72,72,72,72,72,72,72,72,72,77,77,77,77,38,38,38,38,38,38,38,38,38,38,38,38],"card_choices":[{"not_picked":["Protect","FollowUp"],"picked":"Wallop","floor":1},{"not_picked":["Consecrate","EmptyBody"],"picked":"Evaluate","floor":2},{"not_picked":["JustLucky","ClearTheMind"],"picked":"CrushJoints","floor":3},{"not_picked":["SignatureMove","ClearTheMind"],"picked":"WindmillStrike","floor":4},{"not_picked":["MentalFortress","SignatureMove"],"picked":"Perseverance","floor":10},{"not_picked":["JustLucky","SashWhip"],"picked":"DevaForm","floor":11},{"not_picked":["CrushJoints","EmptyBody"],"picked":"Prostrate","floor":12},{"not_picked":["Study","EmptyMind"],"picked":"PathToVictory","floor":14},{"not_picked":["Ragnarok","Judgement"],"picked":"DeusExMachina","floor":16},{"not_picked":["JustLucky","EmptyMind"],"picked":"TalkToTheHand","floor":18},{"not_picked":["Nirvana","Perseverance","Protect"],"picked":"SKIP","floor":19},{"not_picked":["CarveReality","SandsOfTime+1"],"picked":"MentalFortress+1","floor":20},{"not_picked":["Prostrate","Scrawl"],"picked":"BowlingBash+1","floor":23},{"not_picked":["Consecrate","Vengeance","BowlingBash"],"picked":"SKIP","floor":29},{"not_picked":["CrushJoints","FlurryOfBlows"],"picked":"ForeignInfluence","floor":30},{"not_picked":["ThirdEye","Wireheading"],"picked":"ClearTheMind+1","floor":31},{"not_picked":["MasterReality","Ragnarok"],"picked":"Wish","floor":33},{"not_picked":["LikeWater+1","ThirdEye+1"],"picked":"Wireheading+1","floor":35},{"not_picked":["Perseverance+1","ThirdEye+1","Protect"],"picked":"SKIP","floor":36}],"player_experience":387665,"relics_obtained":[{"floor":9,"key":"FossilizedHelix"},{"floor":10,"key":"Girya"},{"floor":14,"key":"Centennial Puzzle"},{"floor":23,"key":"Art of War"},{"floor":26,"key":"Vajra"},{"floor":31,"key":"Kunai"},{"floor":34,"key":"CeramicFish"},{"floor":34,"key":"Gremlin Horn"},{"floor":34,"key":"Dead Branch"}],"event_choices":[{"damage_healed":0,"gold_gain":100,"player_choice":"Pray","damage_taken":0,"max_hp_gain":0,"max_hp_loss":0,"event_name":"Golden Shrine","floor":5,"gold_loss":0},{"damage_healed":0,"gold_gain":0,"player_choice":"Obtained Relic","damage_taken":0,"relics_obtained":["Pocketwatch"],"max_hp_gain":0,"max_hp_loss":0,"event_name":"Addict","floor":21,"gold_loss":85},{"damage_healed":0,"gold_gain":0,"player_choice":"Smashed Altar","damage_taken":0,"max_hp_gain":0,"max_hp_loss":0,"event_name":"Forgotten Altar","floor":24,"gold_loss":0,"cards_obtained":["Decay"]},{"damage_healed":0,"gold_gain":0,"player_choice":"Became a Ghost","damage_taken":0,"max_hp_gain":0,"max_hp_loss":39,"event_name":"Ghosts","floor":27,"gold_loss":0,"cards_obtained":["Ghostly","Ghostly","Ghostly","Ghostly","Ghostly"]}],"is_beta":false,"boss_relics":[{"not_picked":["Busted Crown","Tiny House"],"picked":"Runic Pyramid"},{"not_picked":["Philosopher\u0027s Stone","Sozu"],"picked":"Calling Bell"}],"items_purged_floors":[7,22],"is_endless":false,"potions_floor_spawned":[1,2,10,12,14,18,19,29,35],"killed_by":"3 Darklings","ascension_level":0}}