{"host":"2l5k2wp87eek7qja","time":1614262111,"event":{"mods":["BaseMod","Colored Map","Minty Spire (QoL Compilation)","Relic Stats"],"gold_per_floor":[109,126,126,126,126,126,155,155,155,230,255,74,74,74],"floor_reached":13,"language":"ENG","playtime":419,"items_purged":["Strike_G"],"score":162,"play_id":"1a6018fe-ffdd-43d4-8958-65f8703e77d0","local_time":"20210225160831","is_ascension_mode":true,"campfire_choices":[{"data":"Flechettes","floor":6,"key":"SMITH"},{"data":"Footwork","floor":8,"key":"SMITH"}],"circlet_count":0,"master_deck":["AscendersBane","Strike_G","Strike_G","Strike_G+1","Defend_G","Defend_G","Defend_G","Defend_G","Defend_G","Survivor+1","Neutralize","Wraith Form v2+1","Footwork+1","Flechettes+1","All Out Attack","Quick Slash","Wraith Form v2+1"],"relics":["Ring of the Snake","The Courier","CeramicFish","DollysMirror"],"acts_visited":["Exordium"],"potions_floor_usage":[7,13],"damage_taken":[{"damage":2.0,"enemies":"2 Louse","floor":1.0,"turns":3.0},{"damage":4,"enemies":"Small Slimes","floor":2,"turns":5},{"damage":5,"enemies":"Gremlin Nob","floor":7,"turns":6},{"damage":0,"enemies":"Cultist","floor":11,"turns":3},{"damage":12,"enemies":"Lagavulin","floor":13,"turns":7}],"seed_played":"-2152650727509878593","potions_obtained":[{"floor":1.0,"key":"ColorlessPotion"},{"floor":2,"key":"Explosive Potion"},{"floor":7,"key":"Swift Potion"}],"is_trial":false,"path_per_floor":["M","M","?","?","?","R","E","R","T","?","M","$","E"],"character_chosen":"THE_SILENT","items_purchased":["DollysMirror"],"campfire_rested":0,"item_purchase_floors":[12],"current_hp_per_floor":[57,53,46,28,28,28,23,23,23,12,12,12,0,0],"gold":74,"neow_bonus":"THREE_RARE_CARDS","is_daily":false,"chose_seed":false,"campfire_upgraded":2,"win_rate":0.0,"timestamp":1614262111,"path_taken":["M","M","?","?","?","R","E","R","T","?","M","$","E"],"items_purchased_type":["Relic"],"build_version":"2020-12-22","purchased_purges":1,"victory":false,"max_hp_per_floor":[60,60,60,60,60,60,60,60,60,60,60,60,60,60],"relic_stats":{"counters":[5,24],"CeramicFish":18,"obtain_stats":[{"DollysMirror":12,"CeramicFish":9,"The Courier":7,"Ring of the Snake":0},{"DollysMirror":4,"CeramicFish":3,"The Courier":3,"Ring of the Snake":0},{"DollysMirror":17,"CeramicFish":14,"The Courier":14,"Ring of the Snake":0}],"Ring of the Snake":[10]},"card_choices":[{"not_picked":["Envenom","Die Die Die"],"picked":"Wraith Form v2","floor":0.0},{"not_picked":["Eviscerate","Sucker Punch"],"picked":"Footwork","floor":1.0},{"not_picked":["Prepared","Well Laid Plans"],"picked":"Flechettes","floor":2},{"not_picked":["Infinite Blades","Bane"],"picked":"All Out Attack","floor":7},{"not_picked":["Endless Agony","Reflex"],"picked":"Quick Slash","floor":11}],"player_experience":892139,"relics_obtained":[{"floor":7,"key":"The Courier"},{"floor":9,"key":"CeramicFish"}],"event_choices":[{"cards_removed":["Strike_G"],"damage_healed":0,"gold_gain":0,"player_choice":"Card Removal","damage_taken":7,"max_hp_gain":0,"max_hp_loss":0,"event_name":"Golden Wing","floor":3,"gold_loss":0},{"damage_healed":0,"gold_gain":0,"player_choice":"Entered Light","damage_taken":18,"max_hp_gain":0,"max_hp_loss":0,"event_name":"Shining Light","floor":4,"gold_loss":0,"cards_upgraded":["Survivor","Strike_G"]},{"damage_healed":0,"gold_gain":0,"player_choice":"Grow","damage_taken":0,"max_hp_gain":0,"max_hp_loss":0,"event_name":"Living Wall","floor":5,"gold_loss":0,"cards_upgraded":["Wraith Form v2"]},{"damage_healed":0,"gold_gain":75,"player_choice":"Gather Gold","damage_taken":11,"max_hp_gain":0,"max_hp_loss":0,"event_name":"World of Goop","floor":10,"gold_loss":0}],"is_beta":false,"boss_relics":[],"items_purged_floors":[12],"is_endless":false,"potions_floor_spawned":[1,2,7],"killed_by":"Lagavulin","ascension_level":20}}