{"host":"dyzdf8svqmiivg97","time":1614264962,"event":{"mods":["AchievementEnabler","BaseMod","Colored Map","DeckTracker","Minty Spire (QoL Compilation)","Quick Restart","Rare Cards Sparkle","SuperFastMode"],"gold_per_floor":[116,116,133,146,162,162,178,178,201,230,251,265,265,284,284,356,356,356],"floor_reached":17,"language":"KOR","playtime":417,"items_purged":[],"score":270,"play_id":"2084150d-562c-4a34-b497-64f627143114","local_time":"20210225235602","is_ascension_mode":true,"campfire_choices":[{"data":"Eruption","floor":6,"key":"SMITH"},{"data":"Conclude","floor":8,"key":"SMITH"},{"floor":13,"key":"REST"},{"data":"Scrawl","floor":15,"key":"SMITH"}],"circlet_count":0,"master_deck":["AscendersBane","Strike_P","Strike_P","Strike_P","Strike_P","Defend_P","Defend_P","Defend_P","Defend_P","Eruption+1","Vigilance","Meditate","FollowUp","Conclude+1","Scrawl+1","EmptyMind","Vault"],"relics":["PureWater","Lizard Tail","Centennial Puzzle","Art of War","Odd Mushroom","Empty Cage"],"acts_visited":["Exordium","TheCity"],"potions_floor_usage":[14,16,16],"damage_taken":[{"damage":6,"enemies":"2 Louse","floor":1,"turns":4},{"damage":2,"enemies":"Jaw Worm","floor":3,"turns":3},{"damage":2,"enemies":"Cultist","floor":4,"turns":3},{"damage":13,"enemies":"Exordium Wildlife","floor":5,"turns":3},{"damage":7,"enemies":"Exordium Thugs","floor":7,"turns":3},{"damage":5,"enemies":"3 Sentries","floor":10,"turns":2},{"damage":0,"enemies":"The Mushroom Lair","floor":11,"turns":3},{"damage":6,"enemies":"Lots of Slimes","floor":12,"turns":2},{"damage":0,"enemies":"Large Slime","floor":14,"turns":2},{"damage":28,"enemies":"The Guardian","floor":16,"turns":10}],"seed_played":"1635450670055999635","potions_obtained":[{"floor":10,"key":"Dexterity Potion"},{"floor":12,"key":"Energy Potion"},{"floor":14,"key":"Fire Potion"},{"floor":16,"key":"Ancient Potion"}],"is_trial":false,"path_per_floor":["M","?","M","M","M","R","M","R","T","E","?","M","R","M","R","B",null],"character_chosen":"WATCHER","items_purchased":[],"campfire_rested":1,"item_purchase_floors":[],"current_hp_per_floor":[55,48,46,44,31,31,24,24,24,19,19,13,33,33,33,5,52,52],"gold":356,"neow_bonus":"ONE_RARE_RELIC","is_daily":false,"chose_seed":false,"campfire_upgraded":3,"win_rate":0.0,"timestamp":1614264962,"path_taken":["M","?","M","M","M","R","M","R","T","E","?","M","R","M","R","BOSS"],"items_purchased_type":[],"build_version":"2020-12-22","purchased_purges":0,"victory":false,"max_hp_per_floor":[68,68,68,68,68,68,68,68,68,68,68,68,68,68,68,68,68,68],"card_choices":[{"not_picked":["ThirdEye","CrushJoints","Weave"],"picked":"SKIP","floor":1},{"not_picked":["EmptyMind","SashWhip"],"picked":"Meditate","floor":3},{"not_picked":["CutThroughFate","Evaluate","Consecrate"],"picked":"SKIP","floor":4},{"not_picked":["PathToVictory","BowlingBash"],"picked":"FollowUp","floor":5},{"not_picked":["Halt","Nirvana"],"picked":"Conclude","floor":7},{"not_picked":["Crescendo","Sanctity","Prostrate"],"picked":"SKIP","floor":10},{"not_picked":["BowlingBash","SashWhip"],"picked":"Scrawl","floor":11},{"not_picked":["ForeignInfluence","ReachHeaven"],"picked":"EmptyMind","floor":12},{"not_picked":["CrushJoints","FollowUp","Conclude"],"picked":"SKIP","floor":14},{"not_picked":["Judgement","Ragnarok"],"picked":"Vault","floor":16}],"player_experience":607507,"relics_obtained":[{"floor":9,"key":"Centennial Puzzle"},{"floor":10,"key":"Art of War"},{"floor":11,"key":"Odd Mushroom"}],"event_choices":[{"cards_removed":["Shame"],"damage_healed":0,"gold_gain":0,"player_choice":"Card Removal","damage_taken":7,"max_hp_gain":0,"max_hp_loss":0,"event_name":"Golden Wing","floor":2,"gold_loss":0},{"damage_healed":0,"gold_gain":0,"player_choice":"Fought Mushrooms","damage_taken":0,"max_hp_gain":0,"max_hp_loss":0,"event_name":"Mushrooms","floor":11,"gold_loss":0}],"is_beta":false,"boss_relics":[{"not_picked":["Runic Dome","Snecko Eye"],"picked":"Empty Cage"}],"items_purged_floors":[],"is_endless":false,"potions_floor_spawned":[10,12,14,16],"ascension_level":14}}