{"host":"b34lfm0pg36jv5no","time":1614292069,"event":{"mods":["BaseMod","Bestiary","Colored Map","Dark Map","Minty Spire (QoL Compilation)","Relic Stats","ojb\u0027s Info Mod"],"gold_per_floor":[110,110,121,140,215,248,248,213,213,246,262,281,296,318,318,414,414,429,441,20,20,20,46,46,69,92,92,131,149,184,208,208,313,313,326,335,417,426,73,99,99,124,124,149,53,53,67,83,83,83,83,83,10,41,41],"floor_reached":56,"language":"ENG","playtime":7016,"items_purged":["Outmaneuver","Strike_G"],"score":1605,"play_id":"6a62d30f-0ca3-47a4-9bb1-8a277302948d","local_time":"20210225222749","is_ascension_mode":true,"campfire_choices":[{"floor":7,"key":"REST"},{"data":"Blade Dance","floor":15,"key":"SMITH"},{"data":"Blade Dance","floor":24,"key":"SMITH"},{"data":"Accuracy","floor":27,"key":"SMITH"},{"data":"Wraith Form v2","floor":32,"key":"SMITH"},{"data":"Envenom","floor":41,"key":"SMITH"},{"data":"The Bomb","floor":46,"key":"SMITH"},{"floor":49,"key":"RECALL"},{"data":"Calculated Gamble","floor":52,"key":"SMITH"}],"circlet_count":0,"master_deck":["Survivor","Neutralize","The Bomb+1","Blade Dance+1","Dagger Throw","Cloak And Dagger","Envenom+1","Blade Dance+1","Glass Knife","Venomology+1","Unload","Infinite Blades","PiercingWail","Adrenaline","Calculated Gamble+1","Terror","Deflect","Deflect+1","Accuracy+1","Blur+1","Finisher+1","Wraith Form v2+1","Phantasmal Killer+1","Finisher+1","Dodge and Roll","Venomology","Thinking Ahead","PiercingWail","Well Laid Plans","Blur+1"],"relics":["Ring of the Snake","Paper Crane","Tiny Chest","Whetstone","Kunai","Odd Mushroom","Pandora\u0027s Box","ClockworkSouvenir","Bag of Preparation","Calipers","Boot","CeramicFish","Toy Ornithopter","Orichalcum","Anchor","Busted Crown","Eternal Feather","War Paint","Frozen Egg 2","Pocketwatch","Centennial Puzzle"],"acts_visited":["Exordium","TheCity","TheBeyond","TheEnding"],"potions_floor_usage":[6,13,14,16,18,19,19,28,30,31,33,35,35,35,40,44,47,48,50,50,50,50,54,54,55,55,55,55,55],"damage_taken":[{"damage":4,"enemies":"Small Slimes","floor":1,"turns":3},{"damage":3,"enemies":"2 Louse","floor":3,"turns":3},{"damage":0,"enemies":"Jaw Worm","floor":4,"turns":3},{"damage":12,"enemies":"3 Sentries","floor":6,"turns":4},{"damage":13,"enemies":"Gremlin Nob","floor":10,"turns":3},{"damage":5,"enemies":"2 Fungi Beasts","floor":11,"turns":3},{"damage":0,"enemies":"Looter","floor":12,"turns":3},{"damage":0,"enemies":"Red Slaver","floor":13,"turns":3},{"damage":5,"enemies":"The Mushroom Lair","floor":14,"turns":3},{"damage":11,"enemies":"Slime Boss","floor":16,"turns":12},{"damage":20,"enemies":"Shell Parasite","floor":18,"turns":4},{"damage":10,"enemies":"2 Thieves","floor":19,"turns":4},{"damage":1,"enemies":"Gremlin Leader","floor":23,"turns":6},{"damage":7,"enemies":"Shelled Parasite and Fungi","floor":25,"turns":6},{"damage":9,"enemies":"Slavers","floor":28,"turns":5},{"damage":0,"enemies":"Gremlin Leader","floor":30,"turns":4},{"damage":0,"enemies":"Snecko","floor":31,"turns":3},{"damage":2,"enemies":"Champ","floor":33,"turns":9},{"damage":0,"enemies":"3 Shapes","floor":35,"turns":4},{"damage":0,"enemies":"Giant Head","floor":40,"turns":3},{"damage":0,"enemies":"Orb Walker","floor":42,"turns":2},{"damage":0,"enemies":"Nemesis","floor":44,"turns":5},{"damage":2,"enemies":"4 Shapes","floor":47,"turns":6},{"damage":0,"enemies":"Transient","floor":48,"turns":5},{"damage":58,"enemies":"Awakened One","floor":50,"turns":9},{"damage":1,"enemies":"Shield and Spear","floor":54,"turns":8},{"damage":49,"enemies":"The Heart","floor":55,"turns":6}],"seed_played":"-9009590488077690943","potions_obtained":[{"floor":1,"key":"DuplicationPotion"},{"floor":3,"key":"DistilledChaos"},{"floor":6,"key":"PowerPotion"},{"floor":11,"key":"Block Potion"},{"floor":13,"key":"CunningPotion"},{"floor":18,"key":"Poison Potion"},{"floor":30,"key":"Energy Potion"},{"floor":54,"key":"LiquidMemories"}],"is_trial":false,"path_per_floor":["M","?","M","M","?","E","R","?","T","E","M","M","M","?","R","B",null,"M","M","$","T","?","E","R","M","T","R","E","?","E","M","R","B",null,"M","?","T","?","$","E","R","M","T","E","$","R","M","M","R","B",null,"R","$","E","B",null],"character_chosen":"THE_SILENT","items_purchased":["ClockworkSouvenir","Accuracy","Bag of Preparation","War Paint","PiercingWail","Well Laid Plans","GhostInAJar","DuplicationPotion"],"campfire_rested":1,"item_purchase_floors":[20,20,20,39,39,39,45,53],"current_hp_per_floor":[59,34,31,31,20,8,26,41,41,28,23,23,23,18,18,7,49,38,28,28,28,28,27,27,20,20,20,16,16,21,26,26,29,55,63,63,63,63,63,63,63,63,63,63,63,63,63,63,63,15,51,63,63,63,34],"gold":41,"neow_bonus":"RANDOM_COLORLESS_2","is_daily":false,"chose_seed":false,"campfire_upgraded":7,"win_rate":0.0,"timestamp":1614292069,"path_taken":["M","?","M","M","?","E","R","?","T","E","?","M","M","?","R","BOSS","M","M","$","?","?","E","R","M","T","R","E","?","E","M","R","BOSS","M","?","?","?","?","E","R","M","T","E","$","R","M","M","R","BOSS","R","$","E","BOSS"],"items_purchased_type":["Relic","Card","Relic","Relic","Card","Card","Potion","Potion"],"build_version":"2020-12-22","purchased_purges":2,"victory":true,"max_hp_per_floor":[63,63,63,63,63,63,63,63,63,63,63,63,63,63,63,63,63,63,63,63,63,63,63,63,63,63,63,63,63,63,63,63,63,63,63,63,63,63,63,63,63,63,63,63,63,63,63,63,63,63,63,63,63,63,63],"relic_stats":{"counters":[27,129],"CeramicFish":108,"Eternal Feather":12,"Bag of Preparation":[30],"Whetstone":["Strike_G","Strike_G"],"Orichalcum":[36],"War Paint":["Phantasmal Killer","Venomology"],"Boot":[112],"Centennial Puzzle":[3],"Busted Crown":16,"Tiny Chest":2,"Pandora\u0027s Box":["Venomology","Concentrate","Unload","Infinite Blades","Outmaneuver","PiercingWail","Adrenaline","Calculated Gamble","Terror","Infinite Blades"],"Kunai":[86],"obtain_stats":[{"Calipers":21,"CeramicFish":23,"Eternal Feather":37,"Bag of Preparation":20,"Whetstone":9,"Paper Crane":2,"Odd Mushroom":14,"Orichalcum":28,"War Paint":39,"Frozen Egg 2":40,"Boot":22,"ClockworkSouvenir":20,"Anchor":30,"Centennial Puzzle":54,"Busted Crown":34,"Tiny Chest":6,"Pandora\u0027s Box":17,"Kunai":10,"Toy Ornithopter":26,"Ring of the Snake":0,"Pocketwatch":44},{"Calipers":12,"CeramicFish":13,"Eternal Feather":19,"Bag of Preparation":12,"Whetstone":4,"Paper Crane":1,"Odd Mushroom":9,"Orichalcum":15,"War Paint":19,"Frozen Egg 2":20,"Boot":12,"ClockworkSouvenir":12,"Anchor":16,"Centennial Puzzle":26,"Busted Crown":18,"Tiny Chest":4,"Pandora\u0027s Box":10,"Kunai":5,"Toy Ornithopter":14,"Ring of the Snake":0,"Pocketwatch":22},{"Calipers":48,"CeramicFish":54,"Eternal Feather":85,"Bag of Preparation":48,"Whetstone":13,"Paper Crane":3,"Odd Mushroom":28,"Orichalcum":65,"War Paint":85,"Frozen Egg 2":88,"Boot":48,"ClockworkSouvenir":48,"Anchor":69,"Centennial Puzzle":123,"Busted Crown":81,"Tiny Chest":13,"Pandora\u0027s Box":40,"Kunai":16,"Toy Ornithopter":60,"Ring of the Snake":0,"Pocketwatch":95}],"Toy Ornithopter":61,"Ring of the Snake":[54],"Pocketwatch":[3]},"card_choices":[{"not_picked":["Chrysalis","Master of Strategy"],"picked":"The Bomb","floor":0},{"not_picked":["Escape Plan","Deflect","Dodge and Roll"],"picked":"SKIP","floor":1},{"not_picked":["Escape Plan","Deflect","Dodge and Roll"],"picked":"SKIP","floor":1},{"not_picked":["Poisoned Stab","Outmaneuver"],"picked":"Blade Dance","floor":3},{"not_picked":["Quick Slash","Accuracy","PiercingWail"],"picked":"SKIP","floor":4},{"not_picked":["Underhanded Strike","Bane","Infinite Blades"],"picked":"SKIP","floor":6},{"not_picked":["Noxious Fumes","Deflect"],"picked":"Dagger Throw","floor":10},{"not_picked":["Deflect","Outmaneuver","Dagger Throw"],"picked":"SKIP","floor":11},{"not_picked":["Footwork","Bane"],"picked":"Cloak And Dagger","floor":12},{"not_picked":["Heel Hook","Backstab"],"picked":"Envenom","floor":13},{"not_picked":["Sucker Punch","Deflect"],"picked":"Blade Dance","floor":14},{"not_picked":["Grand Finale","Storm of Steel"],"picked":"Glass Knife","floor":16},{"not_picked":["Acrobatics","Well Laid Plans"],"picked":"Deflect","floor":18},{"not_picked":["Flechettes","Acrobatics"],"picked":"Deflect+1","floor":19},{"not_picked":["Expertise+1","Dagger Throw+1","Choke+1"],"picked":"SKIP","floor":23},{"not_picked":["Cloak And Dagger","Acrobatics"],"picked":"Blur+1","floor":25},{"not_picked":["Choke","Storm of Steel"],"picked":"Finisher+1","floor":28},{"not_picked":["Catalyst","Poisoned Stab"],"picked":"Finisher+1","floor":30},{"not_picked":["Deadly Poison","Bane+1"],"picked":"Dodge and Roll","floor":31},{"not_picked":["Adrenaline","Phantasmal Killer"],"picked":"Venomology","floor":33},{"not_picked":["Escape Plan"],"picked":"SKIP","floor":35},{"not_picked":[],"picked":"Thinking Ahead","floor":38},{"not_picked":["Eviscerate+1"],"picked":"SKIP","floor":40},{"not_picked":[],"picked":"Blur+1","floor":42},{"not_picked":["Quick Slash+1"],"picked":"SKIP","floor":44},{"not_picked":["Predator+1"],"picked":"SKIP","floor":47},{"not_picked":["Infinite Blades+1"],"picked":"SKIP","floor":48},{"not_picked":["Eviscerate+1"],"picked":"SKIP","floor":54}],"player_experience":2703828,"relics_obtained":[{"floor":6,"key":"Tiny Chest"},{"floor":9,"key":"Whetstone"},{"floor":10,"key":"Kunai"},{"floor":14,"key":"Odd Mushroom"},{"floor":21,"key":"Calipers"},{"floor":23,"key":"CeramicFish"},{"floor":26,"key":"Toy Ornithopter"},{"floor":28,"key":"Orichalcum"},{"floor":30,"key":"Anchor"},{"floor":37,"key":"Eternal Feather"},{"floor":40,"key":"Frozen Egg 2"},{"floor":44,"key":"Pocketwatch"},{"floor":54,"key":"Centennial Puzzle"}],"event_choices":[{"damage_healed":0,"gold_gain":0,"player_choice":"Success","damage_taken":25,"relics_obtained":["Paper Crane"],"max_hp_gain":0,"max_hp_loss":0,"event_name":"Scrap Ooze","floor":2,"gold_loss":0},{"damage_healed":0,"gold_gain":75,"player_choice":"Gather Gold","damage_taken":11,"max_hp_gain":0,"max_hp_loss":0,"event_name":"World of Goop","floor":5,"gold_loss":0},{"damage_healed":15,"gold_gain":0,"player_choice":"Healed","damage_taken":0,"max_hp_gain":0,"max_hp_loss":0,"event_name":"The Cleric","floor":8,"gold_loss":35},{"damage_healed":0,"gold_gain":0,"player_choice":"Fought Mushrooms","damage_taken":0,"max_hp_gain":0,"max_hp_loss":0,"event_name":"Mushrooms","floor":14,"gold_loss":0},{"damage_healed":0,"gold_gain":0,"player_choice":"Opened","damage_taken":0,"relics_obtained":["Boot"],"max_hp_gain":0,"max_hp_loss":0,"event_name":"The Mausoleum","floor":22,"gold_loss":0,"cards_obtained":["Writhe"]},{"damage_healed":0,"gold_gain":0,"cards_transformed":["Concentrate","Infinite Blades"],"player_choice":"Became Test Subject","damage_taken":0,"max_hp_gain":0,"max_hp_loss":0,"event_name":"Drug Dealer","floor":29,"gold_loss":0,"cards_obtained":["Wraith Form v2","Phantasmal Killer"]},{"cards_removed":["Writhe"],"damage_healed":0,"gold_gain":0,"player_choice":"Took Card","damage_taken":0,"max_hp_gain":0,"max_hp_loss":0,"event_name":"NoteForYourself","floor":36,"gold_loss":0,"cards_obtained":["Strike_G"]},{"damage_healed":0,"gold_gain":0,"player_choice":"Memory 1","damage_taken":0,"max_hp_gain":0,"max_hp_loss":0,"event_name":"SensoryStone","floor":38,"gold_loss":0}],"is_beta":false,"boss_relics":[{"not_picked":["Ectoplasm","Philosopher\u0027s Stone"],"picked":"Pandora\u0027s Box"},{"not_picked":["Black Star","Velvet Choker"],"picked":"Busted Crown"}],"items_purged_floors":[20,39],"is_endless":false,"potions_floor_spawned":[1,3,6,11,13,18,25,30,31,42,48,54],"ascension_level":6}}