{"host":"7fyy23rucerupe6i","time":1614232818,"event":{"mods":["AchievementEnabler","Act Like it!","Aspiration","BaseMod","Better Note","BetterRewards","Colored Map","Colored Powertips","Conspire","Curses Come First","Custom Start","Downfall","Googly Eyes","Marisa£®ÏF”Í°°ƒß¿Ì…≥£©","Minty Spire (QoL Compilation)","Quick Restart","Relic Stats","Shop Mod","ShortenTheSpire","Spicy Shops","StSLib","SuperFastMode","The Blackbeard","The Construct","The Cursed","The Senshi","The Servant 0.9.4"],"gold_per_floor":[113,113,123,273,173,173,173,173],"floor_reached":7,"language":"ZHS","playtime":1786,"items_purged":[],"score":78,"play_id":"5bd5d978-5132-4e49-84a5-ae79bf00dbd7","local_time":"20210225140018","is_ascension_mode":true,"campfire_choices":[{"data":"Eruption","floor":6,"key":"SMITH"}],"circlet_count":0,"master_deck":["AscendersBane","Strike_P","Strike_P","Strike_P","Defend_P","Defend_P","Defend_P","Defend_P","Eruption+1","Vigilance","Halt+1","FollowUp","Blasphemy+1","InnerPeace+1","Doubt","Ghostly+1"],"relics":["PureWater","Toxic Egg 2","Potion Belt","HandDrill","CloakClasp"],"acts_visited":["Exordium"],"potions_floor_usage":[],"damage_taken":[{"damage":0,"enemies":"2 Louse","floor":1,"turns":2},{"damage":0,"enemies":"Small Slimes","floor":3,"turns":2},{"damage":0,"enemies":"Gremlin Nob","floor":7,"turns":2}],"seed_played":"-178171955291903156","potions_obtained":[],"is_trial":false,"path_per_floor":["M","?","M","?","?","R","E"],"character_chosen":"WATCHER","items_purchased":["Toxic Egg 2","Potion Belt","HandDrill","Halt+1"],"campfire_rested":0,"item_purchase_floors":[0,0,0,0],"current_hp_per_floor":[30,30,30,30,30,30,30,30],"gold":173,"neow_bonus":"","is_daily":false,"chose_seed":false,"campfire_upgraded":1,"win_rate":0.0,"timestamp":1614232818,"path_taken":["M","?","M","?","?","R","E"],"items_purchased_type":["Relic","Relic","Relic","Card"],"build_version":"2020-12-22","purchased_purges":0,"victory":false,"max_hp_per_floor":[68,68,68,68,68,68,68,68],"relic_stats":{"counters":[34,95],"HandDrill":[0],"CloakClasp":[11],"obtain_stats":[{"Regal Pillow":0,"aspiration:Lifesprig":12,"CloakClasp":0,"Whetstone":0,"Ancient Tea Set":12,"ClockworkSouvenir":0,"Blood Vial":0,"Lizard Tail":3,"HornCleat":0,"Shovel":0,"Slimebound:StickyStick":0,"Sundial":10,"aspiration:AnachronicSnailShell":6,"Tiny Chest":0,"HandDrill":0,"Kunai":9,"Toxic Egg 2":0,"aspiration:DSix":0,"aspiration:ChemicalBlood":6,"Potion Belt":0,"MerchantsRug":0,"champ:Barbells":12,"Lee\u0027s Waffle":0,"Pear":9,"Golden Idol":2,"PreservedInsect":0,"aspiration:HummingbirdHeart":0,"Guardian:PocketSentry":12,"Frozen Egg 2":9,"Odd Mushroom":11,"Mercury Hourglass":0,"Cauldron":0,"Bronze Scales":8,"Turnip":0,"Bag of Marbles":0,"conspire:BottledYoYo":0,"Membership Card":0,"PureWater":0,"FossilizedHelix":0},{"Regal Pillow":3,"aspiration:Lifesprig":28,"CloakClasp":31,"Whetstone":0,"Ancient Tea Set":13,"ClockworkSouvenir":3,"Blood Vial":15,"Lizard Tail":2,"HornCleat":3,"Shovel":3,"Slimebound:StickyStick":0,"Sundial":27,"aspiration:AnachronicSnailShell":11,"Tiny Chest":0,"HandDrill":31,"Kunai":12,"Toxic Egg 2":31,"aspiration:DSix":7,"aspiration:ChemicalBlood":6,"Potion Belt":0,"MerchantsRug":15,"champ:Barbells":28,"Lee\u0027s Waffle":7,"Pear":21,"Golden Idol":4,"PreservedInsect":3,"aspiration:HummingbirdHeart":7,"Guardian:PocketSentry":28,"Frozen Egg 2":26,"Odd Mushroom":28,"Mercury Hourglass":0,"Cauldron":15,"Bronze Scales":26,"Turnip":15,"Bag of Marbles":7,"conspire:BottledYoYo":23,"Membership Card":23,"PureWater":0,"FossilizedHelix":23},{"Regal Pillow":7,"aspiration:Lifesprig":81,"CloakClasp":89,"Whetstone":0,"Ancient Tea Set":42,"ClockworkSouvenir":7,"Blood Vial":50,"Lizard Tail":5,"HornCleat":7,"Shovel":7,"Slimebound:StickyStick":0,"Sundial":79,"aspiration:AnachronicSnailShell":31,"Tiny Chest":0,"HandDrill":89,"Kunai":34,"Toxic Egg 2":89,"aspiration:DSix":21,"aspiration:ChemicalBlood":16,"Potion Belt":0,"MerchantsRug":50,"champ:Barbells":81,"Lee\u0027s Waffle":21,"Pear":64,"Golden Idol":11,"PreservedInsect":7,"aspiration:HummingbirdHeart":21,"Guardian:PocketSentry":81,"Frozen Egg 2":74,"Odd Mushroom":81,"Mercury Hourglass":0,"Cauldron":50,"Bronze Scales":74,"Turnip":50,"Bag of Marbles":21,"conspire:BottledYoYo":70,"Membership Card":70,"PureWater":0,"FossilizedHelix":70}]},"card_choices":[{"not_picked":["Consecrate","Evaluate+1"],"picked":"FollowUp","floor":1},{"not_picked":["Study","PathToVictory+1"],"picked":"InnerPeace+1","floor":3}],"player_experience":609113,"relics_obtained":[],"event_choices":[{"damage_healed":0,"gold_gain":0,"cards_transformed":["Strike_P"],"player_choice":"Change","damage_taken":0,"max_hp_gain":0,"max_hp_loss":0,"event_name":"Living Wall","floor":2,"gold_loss":0,"cards_obtained":["Blasphemy"]},{"damage_healed":0,"gold_gain":150,"player_choice":"AGREE","damage_taken":0,"max_hp_gain":0,"max_hp_loss":0,"event_name":"Liars Game","floor":4,"gold_loss":0,"cards_obtained":["Doubt"]},{"damage_healed":0,"gold_gain":0,"player_choice":"Argue","damage_taken":0,"max_hp_gain":0,"max_hp_loss":0,"event_name":"conspire:LoneGhost","floor":5,"gold_loss":0}],"is_beta":false,"boss_relics":[],"items_purged_floors":[],"is_endless":false,"potions_floor_spawned":[],"killed_by":"Gremlin Nob","ascension_level":20}}