{"host":"za9ilm1uiwmpmin1","time":1614249917,"event":{"mods":["AchievementEnabler","Act Like it!","BaseMod","Friendly Minions","Gensokyo","KomeijiMod","Library of Ruina","Library of Ruina Extra","Minty Spire (QoL Compilation)","MostiFishMod","StSLib","TestMod","Waifu the Spire"],"gold_per_floor":[115,133,133,58,58,58,58,10,10,26,106,137,137,174,174,277,277,293,48,67,1,33,33,33,442,442,442,468,486,531,555,555,671,671,687,713,738,755,755,791,808,808,808,808,808,828,234,275,275,290,306,306,306,60,93,107],"floor_reached":57,"language":"ZHS","playtime":2933,"items_purged":["LightAttack","LightDefense"],"score":2245,"play_id":"c30df714-4556-4e4e-9db4-960a180d3a24","local_time":"20210225184517","is_ascension_mode":true,"campfire_choices":[{"data":"FrontalAssault","floor":7.0,"key":"SMITH"},{"data":"Faith","floor":13.0,"key":"SMITH"},{"data":"Quickness","floor":15.0,"key":"SMITH"},{"data":"TrashDisposal","floor":24.0,"key":"SMITH"},{"data":"SenseQuarry","floor":27.0,"key":"SMITH"},{"floor":32.0,"key":"RECALL"},{"data":"ExtractFuel","floor":44.0,"key":"SMITH"},{"data":"AutomatedMovement","floor":49.0,"key":"SMITH"},{"data":"SilentMist","floor":53,"key":"SMITH"}],"circlet_count":0,"master_deck":["Dodge","LightAttack","LightDefense","LightDefense","ChargeAndCover","FocusedStrikes","FrontalAssault+1","Faith+1","Quickness+1","Parry2","CrackOfDawn","TrashDisposal+1","UnavoidableGaze+1","SenseQuarry+1","ExtractFuel+1","CoordinatedAssault","Fence","Gensokyo:RisingWorld+1","AutomatedMovement+1","SilentMist+1"],"relics":["PageOfLibrarian","DaveBox","testmod-TestBox","testmod-Acrobat","ChiXiaoBlade","SynthV:TestCard","PageOfAlriune","testmod-Motorcycle","MealTicket","Darkstone Periapt","testmod-CardMagician","PageOfTheQueenOfHatred","PageOfTheKnightOfDespair","PageOfTheKnightOfDespair","PageOfGreed","Art of War","PageOfWrath","PageOfNihil","PatriotShield","Gensokyo:DualWield","ArrowTower","testmod-LifeArmor","BrkXgEgg","BirthdayGift-Icosahedron","BirthdayGift-Tetrahedron","testmod-FatalChain","Vajra","PageOfSpiderBud","DaCapo","testmod-Brilliant"],"acts_visited":["Exordium","Gensokyo:Gensokyo","Gensokyo:Gensokyoer","TheEnding"],"potions_floor_usage":[56,56,56],"damage_taken":[{"damage":0.0,"enemies":"Gensokyo:Python","floor":1.0,"turns":3.0},{"damage":8.0,"enemies":"Gensokyo:Gryphon","floor":2.0,"turns":4.0},{"damage":0.0,"enemies":"Gensokyo:3_Fairies","floor":10.0,"turns":5.0},{"damage":6.0,"enemies":"Gensokyo:Mamizou","floor":12.0,"turns":9.0},{"damage":0.0,"enemies":"Gensokyo:Cirno","floor":14.0,"turns":8.0},{"damage":0.0,"enemies":"Gensokyo:Kokoro","floor":16.0,"turns":11.0},{"damage":7.0,"enemies":"Gensokyo:3_Dogs","floor":18.0,"turns":4.0},{"damage":0.0,"enemies":"Gensokyo:CosmicMonolith","floor":20.0,"turns":3.0},{"damage":13.0,"enemies":"Gensokyo:Swordslinger","floor":22.0,"turns":5.0},{"damage":0.0,"enemies":"Gensokyo:Swordslinger","floor":25.0,"turns":6.0},{"damage":9.0,"enemies":"Gensokyo:Slime_Group","floor":28.0,"turns":4.0},{"damage":0.0,"enemies":"Gensokyo:Wraith","floor":29.0,"turns":3.0},{"damage":9.0,"enemies":"Gensokyo:Tenshi","floor":30.0,"turns":6.0},{"damage":99.0,"enemies":"Gensokyo:Swordslinger","floor":31.0,"turns":9.0},{"damage":1.0,"enemies":"Gensokyo:Kaguya","floor":33.0,"turns":11.0},{"damage":0.0,"enemies":"Gensokyo:AncientGuardian","floor":35.0,"turns":2.0},{"damage":0.0,"enemies":"Gensokyo:3_Bats","floor":36.0,"turns":3.0},{"damage":0.0,"enemies":"Gensokyo:Sharpion","floor":37.0,"turns":1.0},{"damage":3.0,"enemies":"Gensokyo:Sharpion","floor":38.0,"turns":3.0},{"damage":0.0,"enemies":"Gensokyo:Kasen","floor":40.0,"turns":4.0},{"damage":0.0,"enemies":"Gensokyo:AtlasGolem","floor":41.0,"turns":2.0},{"damage":0.0,"enemies":"Gensokyo:3_Boulders","floor":46.0,"turns":1.0},{"damage":1.0,"enemies":"Gensokyo:Doremy","floor":48.0,"turns":2.0},{"damage":5,"enemies":"Gensokyo:Scarlet_Devils","floor":50,"turns":4},{"damage":5,"enemies":"Gensokyo:Scarlet_Devils","floor":51,"turns":4},{"damage":0,"enemies":"Shield and Spear","floor":55,"turns":2},{"damage":0,"enemies":"The Heart","floor":56,"turns":3}],"seed_played":"-230574279453337892","potions_obtained":[{"floor":12.0,"key":"Block Potion"},{"floor":14.0,"key":"Energy Potion"},{"floor":22.0,"key":"Weak Potion"}],"is_trial":false,"path_per_floor":["M","M","?","$","?","T","R","COS","T","M","?","E","R","E","R","B",null,"M","$","M","COS","M","$","R","?","T","R","M","M","E","M","R","B",null,"M","M","M","?","?","E","M","?","T","R","?","M","COS","E","R","B",null,null,"R","$","E","B",null],"character_chosen":"Librarian","items_purchased":["PageOfTheQueenOfHatred","PageOfSpiderBud"],"campfire_rested":0,"item_purchase_floors":[19,54],"current_hp_per_floor":[54,46,46,46,46,46,46,46,46,46,46,40,40,40,40,40,73,84,84,84,84,84,84,84,84,84,84,84,84,79,54,54,74,74,74,74,74,74,74,74,74,74,74,74,74,74,74,74,74,74,74,74,74,74,74,74],"gold":107,"neow_bonus":"REMOVE_CARD","is_daily":false,"chose_seed":false,"campfire_upgraded":8,"win_rate":0.0,"timestamp":1614249917,"path_taken":["M","M","?","?","?","?","R","COS","T","?","?","E","R","E","R","BOSS","M","$","M","COS","M","?","R","?","T","R","?","?","E","M","R","BOSS","M","M","M","?","?","E","?","?","T","R","?","M","COS","E","R","BOSS","R","$","E","BOSS"],"items_purchased_type":["Relic","Relic"],"build_version":"2020-12-22","purchased_purges":2,"victory":true,"max_hp_per_floor":[75,75,75,75,75,75,75,75,75,70,70,68,68,84,84,84,84,84,84,84,84,84,84,84,84,84,84,84,84,84,74,74,74,74,74,74,74,74,74,74,74,74,74,74,74,74,74,74,74,74,74,74,74,74,74,74],"card_choices":[{"not_picked":["FieryDragonSlash","AutonomousRush","GroundSmash","PreemptiveStrike","CutIn","Wallop_lor","CumulusWall","Multislash"],"picked":"FrontalAssault","floor":1.0},{"not_picked":["Unlock1","JiaoTu","RushDown","BattleCommand","FieryWaltz","HandleRequest","Tttonst","Thrust","UnavoidableGaze","Pound"],"picked":"Faith","floor":2.0},{"not_picked":["Thrust","HiddenBlade","StrongStrike","SunsetBlade","Diversion","Gamble","GuidanceOfTheGears","Suppress","Wallop_lor","Parry2"],"picked":"Quickness","floor":5.0},{"not_picked":["UpbeatPerformance","TendonChords","SkitterAway","SinglePointStab","AssaultOrder","BiAn","Parry","QuickSuppression","MultiBlock","SpearedSweep"],"picked":"Parry2","floor":5.0},{"not_picked":["EnergyShield","FleetFootsteps","SerpentSwordTechnique","BattleCommand","PinpointShot","EnergyConversion","ShockRound","QuickSuppression","UpbeatPerformance","Thrust"],"picked":"CrackOfDawn","floor":10.0},{"not_picked":["PuppetBlockade","WildCard","HiddenBlade","InkOver","SuppressingShot","SunsetBlade","CrackOfDawn","DarkCloud","MultiHit","Creak","Wallop_lor"],"picked":"SKIP","floor":12.0},{"not_picked":["BackstreetsDash","SkyClearingCut","AbsorbImpact","WillProduceFineSilk","SerpentSwordTechnique","SunsetBlade","CutIn","WrathOfTorment","Laceration","BackAttack","Parry2"],"picked":"SKIP","floor":14.0},{"not_picked":["Castigation","Disposal","Eradication","Tttonst"],"picked":"TrashDisposal","floor":16.0},{"not_picked":["GoinFirst","BiAn","FierceCharge","ClassAndRespect","SharpSwipe","ToWhereThePrescriptPoints","BayonetCombat","EnergyShield","SturdyDefense","FrontalAssault+1"],"picked":"UnavoidableGaze+1","floor":18.0},{"not_picked":["AlloutWar","ClassAndRespect+1","GuidanceOfTheGears","LeRegole","ScatteringSlash","FrontalAssault","UpbeatPerformance","Wallop_lor","ProselytesBlade+1","ViolentFlame+1","SnakesPrey"],"picked":"SKIP","floor":20.0},{"not_picked":["CircusKnives+1","QuickAttack","HighKick","Rewind","ClassAndRespect","InhaleSmoke","ElectricShock","Commandeering","Quickness+1","SilentMist"],"picked":"SenseQuarry","floor":22.0},{"not_picked":["Execute_lor","FlashingStrike+1","DarkCloud+1","ICanCookAnything","ToWhereThePrescriptPoints","DefenseOrder","Multislash+1","InnerArdor","Thrust","HiddenBlade"],"picked":"ExtractFuel","floor":28.0},{"not_picked":["Eject+1","HandleRequest","SearingSword+1","FleetEdge+1","TraceOfFumes+1","Commandeering","AutomatedMovement","Reload","DarkCloud","HiddenBlade"],"picked":"CoordinatedAssault","floor":29.0},{"not_picked":["EnergyStrike","AutomatedMovement","SavageMode","PreemptiveStrike","Outburst","SerpentSwordTechnique","FieryDragonSlash","BiXi","Eradication","ShrineToMusic","BackAttack"],"picked":"SKIP","floor":30.0},{"not_picked":["EnergyStrike","AutomatedMovement","SavageMode","PreemptiveStrike","Outburst","SerpentSwordTechnique","FieryDragonSlash","BiXi","Eradication","ShrineToMusic","BackAttack"],"picked":"SKIP","floor":30.0},{"not_picked":["StructuralAnalysis","HighKick","StrikeDown","UpbeatPerformance","DesperateStruggle","GoinFirst","ClassAndRespect","Track","Diversion","SunsetBlade+1"],"picked":"Fence","floor":31.0},{"not_picked":["AsThePrescriptOrders","YoureTooSlow","GuardingStance+1","BiteOff","EnergyCycle+1","RushDown+1","Wallop_lor","SharpNails","Diversion","Multislash","FleetEdge+1"],"picked":"SKIP","floor":35.0},{"not_picked":["RulesOfTheBackstreets","Unlock1+1","Reload+1","FrontalAssault+1","SunsetBlade","Execute_lor+1","WildCard","SmokingPipe","EnergyStrike","DarkCloud","ChopItOff+1"],"picked":"SKIP","floor":36.0},{"not_picked":["WillOfThePrescript+1","Parry2","MultiHit","BladeWhirl+1","ReadyUp+1","ProselytesBlade","DesperateStruggle+1","WaitUp","BindingArms+1","QuickAttack","SnakeSlit"],"picked":"SKIP","floor":37.0},{"not_picked":["Gensokyo:UnhurriedMind+1","Gensokyo:RainbowDanmaku+1"],"picked":"Gensokyo:RisingWorld+1","floor":38.0},{"not_picked":["Unlock1","OpportunitySpotted","Creak","StructuralAnalysis","Faith","HiddenBlade+1","EmotionalTurbulence","FlyingSword","Slice_lor+1","BiAn","SomberProcuration"],"picked":"SKIP","floor":40.0},{"not_picked":["BiXi+1","DarkCloud+1","StrikeDown+1","ShockingBlow+1","Thrust","UncannyStrike","QuickSuppression","InnerArdor+1","EnergyStrike","SharpNails","LeRegole"],"picked":"SKIP","floor":41.0},{"not_picked":["AsThePrescriptOrders+1","Parry","Gigigig","ShockRound","LawAndOrder+1","BayonetCombat+1","LossOfSenses+1","CoordinatedAssault","YourShield+1","FierceCharge"],"picked":"AutomatedMovement","floor":46.0},{"not_picked":["Rewind","ElectricShock+1","AssaultOrder+1","WildCard+1","GreatSerpentsImpact","EnergyCycle+1","Riposte+1","AsThePrescriptOrders+1","ToOvercomeCrisis+1","SpearedSweep"],"picked":"SilentMist","floor":48.0},{"not_picked":["PreparedMind+1","ProselytesBlade+1","Parry2","StrongStrike+1","DesperateStruggle","Creak","SpearedSweep","YouOnlyLiveOnce","RepressedFlesh+1","GreatSerpentsImpact","FierceCharge+1"],"picked":"SKIP","floor":55}],"player_experience":773029,"relics_obtained":[{"floor":1.0,"key":"SynthV:TestCard"},{"floor":9.0,"key":"PageOfAlriune"},{"floor":12.0,"key":"testmod-Motorcycle"},{"floor":14.0,"key":"Darkstone Periapt"},{"floor":25.0,"key":"PageOfTheKnightOfDespair"},{"floor":25.0,"key":"PageOfTheKnightOfDespair"},{"floor":26.0,"key":"PageOfGreed"},{"floor":30.0,"key":"PageOfWrath"},{"floor":31.0,"key":"PageOfNihil"},{"floor":40.0,"key":"ArrowTower"},{"floor":43.0,"key":"testmod-LifeArmor"},{"floor":48.0,"key":"testmod-FatalChain"},{"floor":55,"key":"testmod-Brilliant"}],"event_choices":[],"is_beta":false,"boss_relics":[{"not_picked":["HereWithMe","testmod-PortableAltar"],"picked":"testmod-CardMagician"},{"not_picked":["Astrolabe","Calling Bell"],"picked":"PatriotShield"}],"items_purged_floors":[4,54],"is_endless":false,"potions_floor_spawned":[1,12,14,22,30,31,35,36,40],"ascension_level":10}}