{"host":"oi6p1guiqfwwvxym","time":1614227800,"event":{"mods":["BaseMod","Bestiary","Colored Map","Minty Spire (QoL Compilation)","Relic Stats"],"gold_per_floor":[109,120,139,155,155,183,183,218,266,279,38,38,55,90,90,165,165,183,198,10,10,27,82,82,115,115,127,158,158,158,183,183,259,259,275,300,320,320,104,130,142,158,158,177,195,195,195,242,242,242,242],"floor_reached":52,"language":"ENG","playtime":3326,"items_purged":["Strike_R","Strike_R","Strike_R"],"score":2034,"play_id":"cd5bc4f0-dec7-4bf2-a6ec-de0a2893b1aa","local_time":"20210224203640","is_ascension_mode":true,"campfire_choices":[{"floor":7.0,"key":"REST"},{"data":"Inflame","floor":15.0,"key":"SMITH"},{"floor":24.0,"key":"REST"},{"floor":30.0,"key":"REST"},{"data":"Immolate","floor":32.0,"key":"SMITH"},{"data":"Clothesline","floor":46.0,"key":"SMITH"},{"floor":49,"key":"REST"}],"circlet_count":0,"master_deck":["AscendersBane","Strike_R","Defend_R","Defend_R","Defend_R","Defend_R","Bash+1","True Grit","Headbutt+1","Infernal Blade","Inflame+1","Sword Boomerang","Fire Breathing","Shrug It Off","Clothesline+1","Reaper","Flame Barrier+1","Blood for Blood","Battle Trance","Second Wind","Carnage","Immolate+1","Entrench","Limit Break+1","Spot Weakness+1","Flex+1","Master of Strategy+1","True Grit+1"],"relics":["Burning Blood","Oddly Smooth Stone","HornCleat","Red Skull","ClockworkSouvenir","Smiling Mask","Snecko Eye","The Courier","Pear","Incense Burner","Toxic Egg 2","Tiny Chest","Cursed Key","Torii","Ginger","Bottled Tornado"],"acts_visited":["Exordium","TheCity","TheBeyond"],"potions_floor_usage":[48,51],"damage_taken":[{"damage":9.0,"enemies":"Jaw Worm","floor":1.0,"turns":4.0},{"damage":2.0,"enemies":"2 Louse","floor":2.0,"turns":3.0},{"damage":17.0,"enemies":"Cultist","floor":3.0,"turns":4.0},{"damage":12.0,"enemies":"Blue Slaver","floor":4.0,"turns":4.0},{"damage":25.0,"enemies":"Lagavulin","floor":6.0,"turns":6.0},{"damage":0.0,"enemies":"Gremlin Nob","floor":8.0,"turns":2.0},{"damage":0.0,"enemies":"Exordium Thugs","floor":10.0,"turns":3.0},{"damage":0.0,"enemies":"Exordium Wildlife","floor":13.0,"turns":3.0},{"damage":14.0,"enemies":"Lagavulin","floor":14.0,"turns":5.0},{"damage":28.0,"enemies":"Slime Boss","floor":16.0,"turns":5.0},{"damage":0.0,"enemies":"Spheric Guardian","floor":18.0,"turns":3.0},{"damage":20.0,"enemies":"Chosen","floor":19.0,"turns":5.0},{"damage":27.0,"enemies":"Shelled Parasite and Fungi","floor":22.0,"turns":4.0},{"damage":62.0,"enemies":"Gremlin Leader","floor":23.0,"turns":8.0},{"damage":24.0,"enemies":"Book of Stabbing","floor":25.0,"turns":6.0},{"damage":10.0,"enemies":"Sentry and Sphere","floor":27.0,"turns":4.0},{"damage":24.0,"enemies":"Gremlin Leader","floor":28.0,"turns":5.0},{"damage":29.0,"enemies":"Collector","floor":33.0,"turns":8.0},{"damage":2.0,"enemies":"3 Shapes","floor":35.0,"turns":4.0},{"damage":18.0,"enemies":"Mind Bloom Boss Battle","floor":36.0,"turns":4.0},{"damage":1.0,"enemies":"Orb Walker","floor":37.0,"turns":2.0},{"damage":45.0,"enemies":"Giant Head","floor":40.0,"turns":6.0},{"damage":24.0,"enemies":"Spire Growth","floor":41.0,"turns":6.0},{"damage":23.0,"enemies":"4 Shapes","floor":42.0,"turns":5.0},{"damage":66.0,"enemies":"Transient","floor":44.0,"turns":6.0},{"damage":29.0,"enemies":"Sphere and 2 Shapes","floor":45.0,"turns":9.0},{"damage":18,"enemies":"Reptomancer","floor":48,"turns":6},{"damage":54,"enemies":"Time Eater","floor":50,"turns":9},{"damage":53,"enemies":"Donu and Deca","floor":51,"turns":8}],"seed_played":"-2926838700095828018","potions_obtained":[{"floor":2.0,"key":"PowerPotion"},{"floor":3.0,"key":"DistilledChaos"},{"floor":10.0,"key":"Weak Potion"},{"floor":13.0,"key":"Fire Potion"},{"floor":16.0,"key":"FearPotion"},{"floor":22.0,"key":"ColorlessPotion"},{"floor":23.0,"key":"ElixirPotion"},{"floor":37.0,"key":"DistilledChaos"},{"floor":44.0,"key":"Weak Potion"},{"floor":45.0,"key":"ColorlessPotion"}],"is_trial":false,"path_per_floor":["M","M","M","M","?","E","R","E","T","M","$","?","M","E","R","B",null,"M","M","$","?","M","E","R","E","T","M","E","?","R","T","R","B",null,"M","?","M","?","$","E","M","M","T","M","M","R","T","E","R","B","B",null],"character_chosen":"IRONCLAD","items_purchased":["ClockworkSouvenir","Battle Trance","BloodPotion","Master of Strategy+1"],"campfire_rested":4,"item_purchase_floors":[11,20,20,39],"current_hp_per_floor":[72,76,65,59,34,15,39,45,45,51,51,51,57,49,49,27,68,74,67,67,67,68,22,46,42,42,38,52,25,54,54,54,61,88,97,95,97,97,97,58,62,97,97,58,55,55,55,43,72,42,55],"gold":242,"neow_bonus":"TEN_PERCENT_HP_BONUS","is_daily":false,"chose_seed":false,"campfire_upgraded":3,"win_rate":0.0,"timestamp":1614227800,"path_taken":["M","M","M","M","?","E","R","E","T","M","$","?","M","E","R","BOSS","M","M","$","?","M","E","R","E","T","?","E","?","R","?","R","BOSS","M","?","M","?","$","E","M","?","T","M","M","R","?","E","R","BOSS","BOSS"],"items_purchased_type":["Relic","Card","Potion","Card"],"build_version":"2020-12-22","purchased_purges":3,"victory":true,"max_hp_per_floor":[82,82,82,82,82,82,82,82,82,82,82,82,82,82,82,82,82,82,82,82,82,82,82,82,92,92,92,92,97,97,97,97,97,97,97,97,97,97,97,97,97,97,97,97,97,97,97,97,97,97,97],"relic_stats":{"Torii":13,"counters":[29,147],"Snecko Eye":[205,190,193,201],"Tiny Chest":1,"Ginger":[3],"Smiling Mask":100,"Cursed Key":0,"obtain_stats":[{"Pear":25,"Torii":36,"Oddly Smooth Stone":6,"The Courier":23,"Incense Burner":26,"Ginger":40,"Bottled Tornado":48,"Smiling Mask":14,"Cursed Key":34,"Burning Blood":0,"ClockworkSouvenir":11,"HornCleat":8,"Snecko Eye":17,"Tiny Chest":31,"Toxic Egg 2":28,"Red Skull":9},{"Pear":15,"Torii":20,"Oddly Smooth Stone":5,"The Courier":14,"Incense Burner":15,"Ginger":22,"Bottled Tornado":27,"Smiling Mask":9,"Cursed Key":18,"Burning Blood":0,"ClockworkSouvenir":7,"HornCleat":6,"Snecko Eye":10,"Tiny Chest":17,"Toxic Egg 2":17,"Red Skull":6},{"Pear":65,"Torii":90,"Oddly Smooth Stone":21,"The Courier":59,"Incense Burner":65,"Ginger":98,"Bottled Tornado":130,"Smiling Mask":34,"Cursed Key":82,"Burning Blood":0,"ClockworkSouvenir":26,"HornCleat":23,"Snecko Eye":39,"Tiny Chest":74,"Toxic Egg 2":74,"Red Skull":23}],"Burning Blood":166},"card_choices":[{"not_picked":["Rage","Dark Embrace"],"picked":"True Grit","floor":1.0},{"not_picked":["Anger","Thunderclap"],"picked":"Headbutt","floor":2.0},{"not_picked":["Body Slam","Havoc","Entrench"],"picked":"SKIP","floor":3.0},{"not_picked":["Havoc","Inflame"],"picked":"Infernal Blade","floor":4.0},{"not_picked":["Dropkick","Armaments"],"picked":"Inflame","floor":6.0},{"not_picked":["Warcry","Disarm"],"picked":"Sword Boomerang","floor":8.0},{"not_picked":["Rampage","Burning Pact"],"picked":"Fire Breathing","floor":10.0},{"not_picked":["Perfected Strike","Rupture"],"picked":"Shrug It Off","floor":13.0},{"not_picked":["Burning Pact","Power Through"],"picked":"Clothesline","floor":14.0},{"not_picked":["Double Tap","Immolate"],"picked":"Reaper","floor":16.0},{"not_picked":["Cleave","Rage"],"picked":"Flame Barrier+1","floor":18.0},{"not_picked":["Body Slam","Pommel Strike"],"picked":"Blood for Blood","floor":19.0},{"not_picked":["Clash+1","Perfected Strike"],"picked":"Second Wind","floor":22.0},{"not_picked":["Wild Strike","Thunderclap"],"picked":"Carnage","floor":23.0},{"not_picked":["Sword Boomerang","Blood for Blood"],"picked":"Immolate","floor":25.0},{"not_picked":["Seeing Red","Havoc"],"picked":"Entrench","floor":27.0},{"not_picked":["Body Slam+1","Perfected Strike+1","Thunderclap"],"picked":"SKIP","floor":28.0},{"not_picked":["Immolate","Juggernaut"],"picked":"Limit Break+1","floor":33.0},{"not_picked":["Warcry+1","Heavy Blade","Cleave"],"picked":"SKIP","floor":35.0},{"not_picked":["Fire Breathing","Clash"],"picked":"Spot Weakness+1","floor":36.0},{"not_picked":["Sword Boomerang+1","Body Slam"],"picked":"Flex+1","floor":37.0},{"not_picked":["Brutality","Spot Weakness+1","Whirlwind"],"picked":"SKIP","floor":40.0},{"not_picked":["Rage+1","Perfected Strike","Sentinel+1"],"picked":"SKIP","floor":41.0},{"not_picked":["Hemokinesis","Flex+1","Twin Strike+1"],"picked":"SKIP","floor":42.0},{"not_picked":["Sever Soul+1","Body Slam"],"picked":"True Grit+1","floor":44.0},{"not_picked":["Clash+1","Metallicize+1","Cleave"],"picked":"SKIP","floor":45.0},{"not_picked":["Dropkick","Dark Embrace","Sword Boomerang"],"picked":"SKIP","floor":48}],"player_experience":462029,"relics_obtained":[{"floor":6.0,"key":"Oddly Smooth Stone"},{"floor":8.0,"key":"HornCleat"},{"floor":9.0,"key":"Red Skull"},{"floor":14.0,"key":"Smiling Mask"},{"floor":23.0,"key":"The Courier"},{"floor":25.0,"key":"Pear"},{"floor":26.0,"key":"Incense Burner"},{"floor":28.0,"key":"Toxic Egg 2"},{"floor":31.0,"key":"Tiny Chest"},{"floor":36.0,"key":"Torii"},{"floor":40.0,"key":"Ginger"},{"floor":48,"key":"Bottled Tornado"}],"event_choices":[{"damage_healed":0.0,"max_hp_gain":0.0,"max_hp_loss":0.0,"gold_gain":0.0,"event_name":"Shining Light","player_choice":"Entered Light","floor":5.0,"gold_loss":0.0,"damage_taken":25.0,"cards_upgraded":["Headbutt","Bash"]},{"damage_healed":0.0,"max_hp_gain":0.0,"max_hp_loss":0.0,"gold_gain":0.0,"event_name":"Liars Game","player_choice":"Ignored","floor":12.0,"gold_loss":0.0,"damage_taken":0.0},{"cards_removed":["Strike_R"],"damage_healed":0.0,"max_hp_gain":0.0,"max_hp_loss":0.0,"gold_gain":0.0,"event_name":"Bonfire Elementals","player_choice":"Offered Basic","floor":21.0,"gold_loss":0.0,"damage_taken":0.0},{"damage_healed":0.0,"max_hp_gain":5.0,"max_hp_loss":0.0,"gold_gain":0.0,"event_name":"Forgotten Altar","player_choice":"Shed Blood","floor":29.0,"gold_loss":0.0,"damage_taken":32.0},{"damage_healed":0.0,"max_hp_gain":0.0,"max_hp_loss":0.0,"gold_gain":0.0,"event_name":"MindBloom","player_choice":"Fight","floor":36.0,"gold_loss":0.0,"damage_taken":0.0},{"damage_healed":0.0,"max_hp_gain":0.0,"max_hp_loss":0.0,"gold_gain":0.0,"event_name":"Tomb of Lord Red Mask","player_choice":"Ignored","floor":38.0,"gold_loss":0.0,"damage_taken":0.0}],"is_beta":false,"boss_relics":[{"not_picked":["Empty Cage","Ectoplasm"],"picked":"Snecko Eye"},{"not_picked":["Tiny House","Black Star"],"picked":"Cursed Key"}],"items_purged_floors":[11,20,39],"is_endless":false,"potions_floor_spawned":[2,3,10,13,16,22,23,28,37,44,45],"ascension_level":20}}