{"host":"lmshf3swj20gmdor","time":1614235436,"event":{"mods":["2.2 Compatiblity","BaseMod","Conspire","Downfall","Googly Eyes","Hubris","Minty Spire (QoL Compilation)","Replay The Spire","Spikes Relics","StSLib","Synergy Search","The Servant 0.9.4"],"gold_per_floor":[0,15,25,36,62,88,88,138,150,175,187,187,187],"floor_reached":11,"language":"ENG","playtime":461,"items_purged":[],"score":80,"play_id":"b4182e37-a260-4ade-b834-3f2faaf37c91","local_time":"20210225064356","is_ascension_mode":true,"campfire_choices":[{"floor":1.0,"key":"RECALL"}],"circlet_count":0,"master_deck":["bronze:Strike","bronze:Strike","bronze:Strike","bronze:Strike","bronze:Defend","bronze:Defend","bronze:Defend","bronze:Defend","bronze:Replicate","bronze:Goto","bronze:Optimize","bronze:ChosenStrike","bronze:WildBeam"],"relics":["bronze:BronzeCore","Thread and Needle","Art of War","Pet Ghost","Pantograph","Ring of Greed","MawBank","Tiny Chest","bronze:BottledCode"],"acts_visited":["Exordium"],"potions_floor_usage":[11],"damage_taken":[{"damage":1.0,"enemies":"Cultist","floor":2.0,"turns":4.0},{"damage":7.0,"enemies":"Jaw Worm","floor":3.0,"turns":4.0},{"damage":0.0,"enemies":"2 Louse","floor":4.0,"turns":2.0},{"damage":15.0,"enemies":"3 Sentries","floor":6.0,"turns":8.0},{"damage":15,"enemies":"Gremlin Gang","floor":10,"turns":5},{"damage":33,"enemies":"Replay:BlueRogue","floor":11,"turns":5}],"seed_played":"-4134937912293882105","potions_obtained":[{"floor":4.0,"key":"Elixir"}],"is_trial":false,"path_per_floor":["R","M","M","M","T","E","T","?","?","M","E"],"character_chosen":"THE_AUTOMATON","items_purchased":[],"campfire_rested":0,"item_purchase_floors":[],"current_hp_per_floor":[70,69,62,62,62,47,47,47,47,32,0,0,0],"gold":187,"neow_bonus":"ONE_RARE_RELIC","is_daily":false,"chose_seed":false,"campfire_upgraded":0,"win_rate":0.0,"timestamp":1614235436,"path_taken":["R","M","M","?","?","E","T","?","?","M","E"],"items_purchased_type":[],"build_version":"2020-12-22","purchased_purges":0,"victory":false,"max_hp_per_floor":[70,70,70,70,70,70,70,70,60,60,60,60,60],"card_choices":[{"not_picked":["bronze:Turbo","bronze:Allocate","bronze:Return"],"picked":"SKIP","floor":2.0},{"not_picked":["bronze:Turbo","bronze:BuggyMess"],"picked":"bronze:Optimize","floor":3.0},{"not_picked":["bronze:Fortify","bronze:Constructor"],"picked":"bronze:ChosenStrike","floor":4.0},{"not_picked":["bronze:Constructor","bronze:CutThrough"],"picked":"bronze:WildBeam","floor":6.0},{"not_picked":["bronze:DelayedGuard","bronze:Branch","bronze:BitShift"],"picked":"SKIP","floor":10}],"player_experience":842932,"relics_obtained":[{"floor":5.0,"key":"Art of War"},{"floor":6.0,"key":"Pet Ghost"},{"floor":7.0,"key":"Pantograph"},{"floor":8,"key":"Ring of Greed"},{"floor":8,"key":"MawBank"},{"floor":8,"key":"Tiny Chest"}],"event_choices":[],"is_beta":false,"boss_relics":[],"items_purged_floors":[],"is_endless":false,"potions_floor_spawned":[4],"killed_by":"Replay:BlueRogue","ascension_level":2}}