{"host":"p5axfb00mxhraew6","time":1614267473,"event":{"mods":["100% Spire Juice","Abigail Mod","Act Like it!","BaseMod","CapriCore","Friendly Minions","GifTheSpireLib","Jedi Mod","KomeijiMod","Library of Ruina","Library of Ruina Extra","MarisaÅiñ∂âJÅ@ñÇóùçπÅj","Minty Spire (QoL Compilation)","Prisma Mod","ReimuÅiîé??öÎÅj","RemiliaÅiÂQïƒ‰ª?Åj","SOSÅiézîb?îVéqÅj","StSLib","Td1madao Mod","The Alterego","The Immortal","The Problem Sleuth","Yakumo Yukari mod"],"gold_per_floor":[219,232,86,86,102,102,127,127,195,228,239,272,282,302,302,403,403,422,439,457,475,475,509,532,238,238,269,295,295,324,324,324,419,419,433,451,146,106,116,116,146,146,220,251,266,298,313,340,340,340,340,340,340,40,75,75],"floor_reached":57,"language":"ENG","playtime":1638,"items_purged":[],"score":2331,"play_id":"efc62358-3903-4500-84dd-a45a578027af","local_time":"20210226003753","is_ascension_mode":true,"campfire_choices":[{"data":"DegradedShockwave","floor":6,"key":"SMITH"},{"data":"DegradedPillar","floor":15,"key":"SMITH"},{"data":"DegradedPillar","floor":29,"key":"SMITH"},{"data":"DegradedChain","floor":32,"key":"SMITH"},{"data":"DegradedLock","floor":40,"key":"SMITH"},{"floor":42,"key":"RECALL"},{"data":"DegradedChain","floor":49,"key":"SMITH"},{"data":"GuidanceOfTheGears","floor":53,"key":"SMITH"}],"circlet_count":0,"master_deck":["DegradedFairy+1","DegradedFairy","DegradedFairy","DegradedChain+1","DegradedChain+1","DegradedLock+1","DegradedPillar+1","DegradedPillar+1","DegradedShockwave+1","GrazeTheGrass+1","GrazeTheGrass","GrazeTheGrass","FrontalAssault+1","GuidanceOfTheGears+1","GuidanceOfTheGears+1","GrazeTheGrass"],"relics":["PageOfLibrarian","Akabeko","Smiling Mask","PageOfMercenary","PageOfSnowWhitesApple","Bag of Preparation","Black Star","MawBank","Lantern","PageOfSingingMachine","RuthlessExorcism:ReiMu","jedi:crownofsimplicity","WingedGreaves","PageOfLaetitia","Juzu Bracelet","Toy Ornithopter","Mastiff:ReiMu","theSleuth:SaltedMelon","theSleuth:SaltedMelon","jedi:hotpepper","PageOfRedShoes","Potion Belt","Strawberry","Molten Egg 2","Orichalcum","PageOfScarecrow","Nunchaku","Oddly Smooth Stone","jedi:HeartOfTheCards","PageOfApocalypseBird","PageOfTodaysShyLook","ClockworkSouvenir","PageOfBloodbath","Bronze Scales"],"acts_visited":["Exordium","TheCity","TheBeyond","TheEnding"],"potions_floor_usage":[24,56],"damage_taken":[{"damage":0,"enemies":"Cultist","floor":1,"turns":2},{"damage":0,"enemies":"Small Slimes","floor":2,"turns":1},{"damage":0,"enemies":"Jaw Worm","floor":5,"turns":1},{"damage":0,"enemies":"Gremlin Nob","floor":7,"turns":2},{"damage":0,"enemies":"Lagavulin","floor":10,"turns":2},{"damage":0,"enemies":"Gremlin Gang","floor":11,"turns":1},{"damage":0,"enemies":"3 Sentries","floor":12,"turns":1},{"damage":0,"enemies":"Looter","floor":13,"turns":1},{"damage":0,"enemies":"Exordium Thugs","floor":14,"turns":1},{"damage":0,"enemies":"Hexaghost","floor":16,"turns":3},{"damage":0,"enemies":"2 Thieves","floor":18,"turns":2},{"damage":0,"enemies":"3 Byrds","floor":19,"turns":1},{"damage":0,"enemies":"Sentry and Sphere","floor":20,"turns":1},{"damage":0,"enemies":"Shelled Parasite and Fungi","floor":21,"turns":1},{"damage":0,"enemies":"Book of Stabbing","floor":23,"turns":2},{"damage":0,"enemies":"Cultist and Chosen","floor":24,"turns":2},{"damage":0,"enemies":"Gremlin Leader","floor":27,"turns":1},{"damage":0,"enemies":"Book of Stabbing","floor":28,"turns":1},{"damage":0,"enemies":"Slavers","floor":30,"turns":1},{"damage":0,"enemies":"Automaton","floor":33,"turns":3},{"damage":0,"enemies":"3 Darklings","floor":35,"turns":2},{"damage":0,"enemies":"3 Shapes","floor":36,"turns":1},{"damage":0,"enemies":"Writhing Mass","floor":39,"turns":1},{"damage":0,"enemies":"Reptomancer","floor":41,"turns":1},{"damage":0,"enemies":"Nemesis","floor":44,"turns":2},{"damage":0,"enemies":"Spire Growth","floor":45,"turns":1},{"damage":0,"enemies":"Reptomancer","floor":46,"turns":1},{"damage":0,"enemies":"3 Darklings","floor":47,"turns":2},{"damage":0,"enemies":"Nemesis","floor":48,"turns":1},{"damage":0,"enemies":"Donu and Deca","floor":50,"turns":3},{"damage":0,"enemies":"Shield and Spear","floor":55,"turns":1},{"damage":53,"enemies":"The Heart","floor":56,"turns":4}],"seed_played":"-8905678983677588369","potions_obtained":[{"floor":2,"key":"GrandPatriotsElixir:ReiMu"},{"floor":5,"key":"Swift Potion"},{"floor":10,"key":"BlessingOfTheForge"},{"floor":13,"key":"jedi:wingpotion"},{"floor":18,"key":"Energy Potion"},{"floor":24,"key":"Fruit Juice"},{"floor":28,"key":"Explosive Potion"},{"floor":36,"key":"EssenceOfSteel"},{"floor":41,"key":"Swift Potion"},{"floor":46,"key":"SkillPotion"},{"floor":47,"key":"Regen Potion"}],"is_trial":false,"path_per_floor":["M","M","$","?","M","R","E","$","T","E","M","E","M","M","R","B",null,"M","M","M","M","?","E","M","$","T","E","E","R","E","?","R","B",null,"M","M","$","?","M","R","E","R","T","E","M","E","M","E","R","B",null,null,"R","$","E","B",null],"character_chosen":"Librarian","items_purchased":["Akabeko","PageOfSingingMachine","RuthlessExorcism:ReiMu","PageOfRedShoes","PageOfTodaysShyLook","ClockworkSouvenir"],"campfire_rested":0,"item_purchase_floors":[3,25,25,37,54,54],"current_hp_per_floor":[60,60,60,60,60,60,60,60,60,60,60,60,60,60,60,60,90,90,90,90,90,90,90,95,95,95,95,95,95,95,95,97,97,72,72,72,72,72,72,74,78,80,80,80,80,80,80,80,82,82,82,82,84,84,84,64],"gold":75,"neow_bonus":"HUNDRED_GOLD","is_daily":false,"chose_seed":false,"campfire_upgraded":7,"win_rate":0.0,"timestamp":1614267473,"path_taken":["M","?","$","?","?","R","E","$","T","E","M","E","M","M","R","BOSS","M","M","M","M","?","E","M","$","T","E","E","R","E","?","R","BOSS","M","M","$","?","M","R","E","R","T","E","M","E","M","E","R","BOSS","R","$","E","BOSS"],"items_purchased_type":["Relic","Relic","Relic","Relic","Relic","Relic"],"build_version":"2020-12-22","purchased_purges":0,"victory":true,"max_hp_per_floor":[90,90,90,90,90,90,90,90,90,90,90,90,90,90,90,90,90,90,90,90,90,90,90,95,95,95,95,95,95,95,95,97,97,72,72,72,72,72,72,74,78,80,80,80,80,80,80,80,82,82,82,82,84,84,84,84],"card_choices":[{"not_picked":["MultiHit","UpbeatPerformance","WillOfThePrescript","Track","NonstopAssault","YoureAHindrance","Diversion","Struggle","BattleCommand"],"picked":"SKIP","floor":1},{"not_picked":["UnavoidableGaze","CircusKnives","ToOvercomeCrisis","FeatherShield","Unlock1","Parry2","AlloutWar","EnergyBeam","SharpSwipe"],"picked":"SKIP","floor":2},{"not_picked":["ViolentFlame","InnerArdor","Juggling","StrongStrike","AssaultOrder","StrikeDown","AutomatedMovement","BurningFlash"],"picked":"GrazeTheGrass","floor":5},{"not_picked":["BiXi","Parry","Parry2","WaitUp","DestructiveImpact","SinglePointStab","RipSpace","BackstreetsDash","Slice_lor"],"picked":"SKIP","floor":7},{"not_picked":["ClassAndRespect","PreemptiveStrike","Zzzzzap","FrontalAssault","MindPrepared","GuardingStance","DesperateStruggle","UnavoidableGaze"],"picked":"GrazeTheGrass","floor":10},{"not_picked":["BiAn","BiteOff","YouOnlyLiveOnce","SuppressingShot","SkitterAway","TraceOfFumes","FlashOfSunup","EnergyCycle","PinpointShot"],"picked":"SKIP","floor":11},{"not_picked":["Diversion","EnergyShield","TheRedNotes","Wallop_lor","WrathOfTorment","DirtyBlow","SweepTheBackstreets","BiAn","PuppetBlockade"],"picked":"SKIP","floor":12},{"not_picked":["MindPrepared","DimensionalRift","AssaultOrder","Mutilate","CumulusWall","BackAttack","SpearedSweep","FierceCharge"],"picked":"GrazeTheGrass","floor":13},{"not_picked":["SnakesPrey","Quickness","SilentMist","Overpower","PreparedMind","ViolentFlame","DimensionalRift","Rewind","UnforgettableMelody"],"picked":"SKIP","floor":14},{"not_picked":["HandleRequest","NightInTheBackstreets","PreemptiveStrike","DimensionalRift+1","Standoff","SummaryJudgment+1","FleetEdge","SinglePointStab"],"picked":"FrontalAssault+1","floor":18},{"not_picked":["Castigation","Leap_lor","SmokingPipe","BiAn","DestructiveImpact","Outburst","Diversion","SomberProcuration+1","ConcentratedFire"],"picked":"SKIP","floor":19},{"not_picked":["GaleKick+1","RatsGuideToSurvival+1","BizarreAttack","Overcharge+1","Thrust","IdentifyWeakpoint","StrikeDown","ToOvercomeCrisis"],"picked":"GuidanceOfTheGears+1","floor":20},{"not_picked":["PinpointShot","RapidGashes+1","InkOver+1","SnakesPrey","RipSpace","StrongStrike","Rewind","TendonChords"],"picked":"GuidanceOfTheGears","floor":21},{"not_picked":["UpbeatPerformance","Multislash","BlazingStrike","Slice_lor","Quickness+1","DesperateStruggle","FierceCharge","PinpointShot"],"picked":"GrazeTheGrass","floor":23},{"not_picked":["Reload+1","SuppressingShot+1","EnergyCycle","Diversion","Leap_lor","FleetEdge+1","FleshFillet","GrazeTheGrass","WillOfThePrescript"],"picked":"SKIP","floor":24},{"not_picked":["MultiBlock","TimeForALittleTest","MultiHit+1","Multislash","YoureTooSlow+1","SerpentSwordTechnique","Overpower+1","DestructiveImpact","Juggling"],"picked":"SKIP","floor":27},{"not_picked":["GreatSerpentsImpact","EnergyConversion","Parry+1","RepressedFlesh","BindingChains","Parry2+1","WillOfThePrescript+1","MindPrepared","CookingPrep"],"picked":"SKIP","floor":28},{"not_picked":["UnforgettableMelody","NightInTheBackstreets","CoordinatedAssault","SuanNi","EndlessBattle","Struggle","EnergyCycle","FieryDragonSlash+1","FeelinGood+1"],"picked":"SKIP","floor":30},{"not_picked":["BackAttack+1","Leap_lor","LoosenUp","Quickness","Parry+1","FocusFire+1","Thrust+1","JiaoTu","GuardingStance+1"],"picked":"SKIP","floor":35},{"not_picked":["BayonetCombat+1","SteelKnuckles","MindCrush","SinglePointStab","Laceration","Leap_lor","SerpentSwordTechnique","GreatSerpentsImpact","FeelinGood"],"picked":"SKIP","floor":36},{"not_picked":["InhaleSmoke+1","Eliminate+1","EndlessBattle","PinpointShot","SummaryJudgment","ShockRound+1","QuickSuppression+1","Unlock1+1","Standoff+1"],"picked":"SKIP","floor":39},{"not_picked":["FendThisOffIfYouCan","RipSpace","CombatPreparation","LawAndOrder","Leap_lor+1","ICanCookAnything+1","StrongStrike","FrontalAssault","StructuralAnalysis"],"picked":"SKIP","floor":41},{"not_picked":["PinpointShot+1","Cruelty+1","FierceOnslaught+1","GroundSmash+1","Laceration+1","EnergyShield","ExtremeEdge+1","Unlock1+1","NightInTheBackstreets+1"],"picked":"SKIP","floor":44},{"not_picked":["PinpointShot+1","Cruelty+1","FierceOnslaught+1","GroundSmash+1","Laceration+1","EnergyShield","ExtremeEdge+1","Unlock1+1","NightInTheBackstreets+1"],"picked":"SKIP","floor":44},{"not_picked":["FleetFootsteps+1","Fence","RatsGuideToSurvival+1","BiAn+1","SnakesPrey","Multislash+1","BizarreAttack+1","DefenseOrder","Thirst+1"],"picked":"SKIP","floor":45},{"not_picked":["UnavoidableGaze+1","Suppress+1","Rewind","Parry+1","MultiHit+1","Reload+1","HighKick+1","Faith+1","Thirst+1"],"picked":"SKIP","floor":46},{"not_picked":["YouOnlyLiveOnce+1","SunsetBlade","DarkCloud+1","BiteOff+1","RulesOfTheBackstreets+1","AGoldenOpportunity","SerpentineBarrier","YourShield+1","Pound+1"],"picked":"SKIP","floor":47},{"not_picked":["FlamingDragonFist+1","LawAndOrder+1","CoordinatedAssault","RapidGashes+1","Laceration+1","SnakesPrey","InkOver+1","SavageMode+1","DefenseOrder"],"picked":"SKIP","floor":48},{"not_picked":["UnavoidableGaze+1","Rewind","ClassAndRespect+1","Overpower+1","DesperateStruggle+1","StrongStrike+1","MultiBlock","DarkCloud","ConcentratedFire+1"],"picked":"SKIP","floor":55}],"player_experience":1275487,"relics_obtained":[{"floor":7,"key":"Smiling Mask"},{"floor":9,"key":"PageOfMercenary"},{"floor":10,"key":"PageOfSnowWhitesApple"},{"floor":12,"key":"Bag of Preparation"},{"floor":23,"key":"MawBank"},{"floor":23,"key":"Lantern"},{"floor":27,"key":"jedi:crownofsimplicity"},{"floor":27,"key":"WingedGreaves"},{"floor":28,"key":"PageOfLaetitia"},{"floor":28,"key":"Juzu Bracelet"},{"floor":30,"key":"Toy Ornithopter"},{"floor":30,"key":"Mastiff:ReiMu"},{"floor":41,"key":"Potion Belt"},{"floor":41,"key":"Strawberry"},{"floor":43,"key":"Molten Egg 2"},{"floor":44,"key":"Orichalcum"},{"floor":44,"key":"PageOfScarecrow"},{"floor":46,"key":"Nunchaku"},{"floor":46,"key":"Oddly Smooth Stone"},{"floor":48,"key":"jedi:HeartOfTheCards"},{"floor":48,"key":"PageOfApocalypseBird"},{"floor":55,"key":"PageOfBloodbath"},{"floor":55,"key":"Bronze Scales"}],"event_choices":[{"damage_healed":0,"gold_gain":0,"player_choice":"Bought 0 Potions","damage_taken":0,"max_hp_gain":0,"max_hp_loss":0,"event_name":"The Woman in Blue","floor":4,"gold_loss":0},{"damage_healed":0,"gold_gain":0,"player_choice":"Full Heal","damage_taken":0,"max_hp_gain":0,"max_hp_loss":0,"event_name":"Wheel of Change","floor":22,"gold_loss":0},{"damage_healed":0,"gold_gain":0,"player_choice":"Upgraded Two","damage_taken":0,"max_hp_gain":0,"max_hp_loss":0,"event_name":"Designer","floor":38,"gold_loss":40,"cards_upgraded":["GrazeTheGrass","DegradedFairy"]}],"is_beta":false,"boss_relics":[{"not_picked":["PageOfBlackSwan","SacredBark"],"picked":"Black Star"},{"not_picked":["Runic Dome","Cursed Key"],"picked":"jedi:hotpepper"}],"items_purged_floors":[],"is_endless":false,"potions_floor_spawned":[2,5,10,13,18,21,23,24,28,36,41,46,47,48],"ascension_level":4}}