{"host":"1bvadgc0hovl67h4","time":1614230491,"event":{"mods":["Bard","BaseMod","Beaked The Cultist","Colored Map","Downfall","Halation","Hermit","Minty Spire (QoL Compilation)","Morshu Shopkeeper","Morshu Shopkeeper - ENHANCED","Replay The Spire","Robot Space Explorer","StSLib","The Blackbeard","The Cursed"],"gold_per_floor":[118,118,118,132,150,161,171,136,136,136,161,46,46,64,64,64,64,163,163,178,178,189,204,12,40,40,40,120,120,120,136,136,11,11,113,113,158,158],"floor_reached":37,"language":"ENG","playtime":2936,"items_purged":[],"score":535,"play_id":"1a341a31-2655-4a73-9860-8d2d2715db20","local_time":"20210224212131","is_ascension_mode":false,"campfire_choices":[{"data":"bard:EchoEcho","floor":10,"key":"SMITH"},{"floor":17,"key":"REST"},{"floor":27,"key":"REST"},{"data":"bard:HarmoniousVoice","floor":30,"key":"SMITH"},{"floor":32,"key":"REST"},{"data":"bard:GreaterMagicWeapon","floor":34,"key":"SMITH"}],"circlet_count":0,"master_deck":["bard:Strike","bard:Strike","bard:Strike","bard:Strike","bard:Defend","bard:Defend","bard:Defend","bard:Defend","bard:Riposte","bard:Inspire","bard:Thunderwave","bard:DiscordantVoice+1","bard:Shout","bard:EchoEcho+1","bard:Doot","bard:HarmoniousVoice+1","bard:HideousLaughter","bard:ReverseGravity","CommonCold","downfall:Icky","Doubt","bard:Blink","bard:EchoEcho+1","bard:GreaterMagicWeapon+1","bard:GlyphOfWarding","bard:EchoEcho+1","bard:DeathMetal"],"relics":["bard:PitchPipe","bard:BagPipes","Iron Hammer","Garlic","Dream Catcher","Replay:Ancient Bell","Happy Flower","halation:WeightlessCrab","WingedGreaves","Membership Card","Omamori","ReplayTheSpireMod:Ring of Challenge","Snack Pack","Shuriken","Mirror","halation:HeavySnake"],"acts_visited":["Exordium","TheCity","TheBeyond"],"potions_floor_usage":[23,35,35],"damage_taken":[{"damage":7,"enemies":"Small Slimes","floor":1,"turns":3},{"damage":6,"enemies":"Cultist","floor":4,"turns":4},{"damage":8,"enemies":"Jaw Worm","floor":5,"turns":3},{"damage":12,"enemies":"3 Louse","floor":6,"turns":2},{"damage":9,"enemies":"Red Slaver","floor":7,"turns":2},{"damage":13,"enemies":"3 Sentries","floor":11,"turns":4},{"damage":0,"enemies":"2 Fungi Beasts","floor":14,"turns":5},{"damage":14,"enemies":"Fading Forest","floor":18,"turns":11},{"damage":0,"enemies":"Chosen","floor":20,"turns":4},{"damage":9,"enemies":"Shell Parasite","floor":22,"turns":5},{"damage":19,"enemies":"Centurion and Healer","floor":23,"turns":6},{"damage":16,"enemies":"Slavers","floor":25,"turns":2},{"damage":14,"enemies":"Snake Plant","floor":31,"turns":6},{"damage":29,"enemies":"Pondfish","floor":35,"turns":12},{"damage":193,"enemies":"3 Shapes","floor":37,"turns":9}],"seed_played":"-1637305987901381808","potions_obtained":[{"floor":1,"key":"Doom Potion"},{"floor":3,"key":"SteroidPotion"},{"floor":3,"key":"Doom Potion"},{"floor":11,"key":"bard:InspiredBrew"},{"floor":22,"key":"SkillPotion"},{"floor":25,"key":"Cursed Concoction"},{"floor":31,"key":"Fire Potion"}],"is_trial":false,"path_per_floor":["M","?","?","M","M","M","M","?","T","R","E","$","?","M","PTL","PTL","R","B",null,"M","?","M","M","$","E","?","R","T","?","R","M","R","$","R","B",null,"M"],"character_chosen":"BARD","items_purchased":["bard:Doot","bard:HarmoniousVoice","Membership Card","bard:GlyphOfWarding","Mirror"],"campfire_rested":3,"item_purchase_floors":[12,12,24,24,33],"current_hp_per_floor":[63,63,63,57,49,37,28,45,45,45,32,32,20,20,20,20,41,49,70,70,70,61,42,42,26,26,47,47,47,47,35,56,56,56,29,70,0,0],"gold":158,"neow_bonus":"THREE_CARDS","is_daily":false,"chose_seed":false,"campfire_upgraded":3,"win_rate":0.0,"timestamp":1614230491,"path_taken":["M","?","?","?","M","M","M","?","T","R","E","$","?","M","PTL","PTL","R","BOSS","M","?","?","M","$","E","?","R","T","?","R","M","R","$","R","BOSS","M"],"items_purchased_type":["Card","Card","Relic","Card","Relic"],"build_version":"2020-12-22","purchased_purges":0,"victory":false,"max_hp_per_floor":[70,70,70,70,70,70,70,70,70,70,70,70,70,70,70,70,70,70,70,70,70,70,70,70,70,70,70,70,70,70,70,70,70,70,70,70,70,70],"card_choices":[{"not_picked":["bard:Fermata","bard:InspiringSong"],"picked":"bard:Thunderwave","floor":0},{"not_picked":["bard:BucklerBash","bard:Thunderwave"],"picked":"bard:DiscordantVoice","floor":1},{"not_picked":["bard:InspiringSong","bard:QuickSong","bard:StudiedStrike"],"picked":"SKIP","floor":4},{"not_picked":["bard:Rest","bard:FeastOnFear"],"picked":"bard:Shout","floor":5},{"not_picked":["bard:LifeDrain","bard:SongBolt"],"picked":"bard:EchoEcho","floor":6},{"not_picked":["bard:Greatness","bard:QuickSong","bard:SongBolt"],"picked":"SKIP","floor":7},{"not_picked":["bard:StudiedStrike","bard:FeastOnFear","bard:Haste"],"picked":"SKIP","floor":11},{"not_picked":["bard:EnGarde","bard:Silence","bard:Sift"],"picked":"SKIP","floor":14},{"not_picked":["bard:EchoEcho","bard:HarmoniousVoice"],"picked":"bard:HideousLaughter","floor":17},{"not_picked":["bard:FingerOfDeath","bard:Encore"],"picked":"bard:ReverseGravity","floor":18},{"not_picked":["Languid","Hallucinations"],"picked":"CommonCold","floor":19},{"not_picked":["Regret","Delirium"],"picked":"downfall:Icky","floor":19},{"not_picked":["Regret","downfall:Malfunctioning"],"picked":"Doubt","floor":19},{"not_picked":["bard:LocateObject","bard:ViciousMockery"],"picked":"bard:Blink","floor":20},{"not_picked":["bard:PowerWordStun","bard:TinyHut+1"],"picked":"bard:GreaterMagicWeapon","floor":22},{"not_picked":["bard:Fermata+1","bard:LifeDrain","bard:PhantasmalForce"],"picked":"SKIP","floor":23},{"not_picked":["bard:QuickSong","bard:InspiringSong+1","bard:PhantasmalForce"],"picked":"SKIP","floor":25},{"not_picked":["bard:TinyHut","bard:LingeringEcho+1"],"picked":"bard:EchoEcho+1","floor":31},{"not_picked":["bard:Improv","bard:BottledSong"],"picked":"bard:DeathMetal","floor":35}],"player_experience":290198,"relics_obtained":[{"floor":9,"key":"Iron Hammer"},{"floor":11,"key":"Garlic"},{"floor":25,"key":"Omamori"},{"floor":26,"key":"ReplayTheSpireMod:Ring of Challenge"},{"floor":28,"key":"Snack Pack"}],"event_choices":[{"damage_healed":0,"gold_gain":0,"player_choice":"Grow","damage_taken":0,"max_hp_gain":0,"max_hp_loss":0,"event_name":"Living Wall","floor":2,"gold_loss":0,"cards_upgraded":["bard:DiscordantVoice"]},{"damage_healed":0,"gold_gain":0,"player_choice":"Got Potions","damage_taken":0,"max_hp_gain":0,"max_hp_loss":0,"event_name":"Lab","floor":3,"gold_loss":0},{"damage_healed":17,"gold_gain":0,"player_choice":"Healed","damage_taken":0,"max_hp_gain":0,"max_hp_loss":0,"event_name":"The Cleric","floor":8,"gold_loss":35},{"damage_healed":0,"gold_gain":0,"player_choice":"Success","damage_taken":12,"relics_obtained":["Dream Catcher"],"max_hp_gain":0,"max_hp_loss":0,"event_name":"Scrap Ooze","floor":13,"gold_loss":0},{"damage_healed":0,"gold_gain":0,"player_choice":"Copied","damage_taken":0,"max_hp_gain":0,"max_hp_loss":0,"event_name":"Duplicator","floor":21,"gold_loss":0,"cards_obtained":["bard:EchoEcho"]}],"is_beta":false,"boss_relics":[{"not_picked":["Velvet Choker","Black Star"],"picked":"Replay:Ancient Bell"},{"not_picked":["Simple Rune","Nunchaku"],"picked":"Happy Flower"},{"not_picked":["Molten Egg 2","Singing Bowl"],"picked":"halation:WeightlessCrab"},{"not_picked":["Calipers","halation:Trompette"],"picked":"WingedGreaves"},{"not_picked":["Sozu","halation:MonkeysPaw"],"picked":"halation:HeavySnake"}],"items_purged_floors":[],"is_endless":false,"potions_floor_spawned":[1,11,18,22,25,31],"killed_by":"3 Shapes","ascension_level":0}}