{"host":"92kgk6frc09v07nq","time":1614296449,"event":{"mods":["BaseMod","Minty Spire (QoL Compilation)"],"gold_per_floor":[111,128,128,142,142,142,168,188,212,212,230,265,285,76,76,175,175,189,189,41,56,73,73,73,73,73,98,132,150,150,164,164,269,269,283,293,308,53,65,65,81,81,81,81,110,110,120,138,138,138,138],"floor_reached":50,"language":"ENG","playtime":2092,"items_purged":["Strike_P","Strike_P"],"score":919,"play_id":"ad58020c-6739-4a04-bccc-e0f649cf69c9","local_time":"20210225174049","is_ascension_mode":true,"campfire_choices":[{"data":"JustLucky","floor":6.0,"key":"SMITH"},{"data":"Adaptation","floor":15.0,"key":"SMITH"},{"data":"DevaForm","floor":23.0,"key":"SMITH"},{"data":"Ragnarok","floor":25.0,"key":"SMITH"},{"floor":30.0,"key":"REST"},{"floor":32.0,"key":"REST"},{"floor":42.0,"key":"REST"},{"floor":44.0,"key":"REST"},{"floor":46.0,"key":"RECALL"},{"floor":49.0,"key":"REST"}],"circlet_count":0,"master_deck":["Strike_P","Strike_P","Defend_P","Defend_P+1","Defend_P","Defend_P","Eruption+1","Vigilance","TalkToTheHand+1","CrushJoints+1","JustLucky+1","FearNoEvil","FlyingSleeves","Evaluate","Ragnarok+1","Adaptation+1","Evaluate+1","DevaForm+1","Tantrum","Protect+1","InnerPeace","Tantrum+1","Halt","EmptyBody","Vault","EmptyFist+1","Omniscience","WaveOfTheHand","FlurryOfBlows+1","FearNoEvil+1","EmptyBody+1"],"relics":["PureWater","Oddly Smooth Stone","Orichalcum","Centennial Puzzle","Philosopher\u0027s Stone","Strawberry","War Paint","Nilry\u0027s Codex","Happy Flower","Bottled Flame","Red Mask","Sozu","Damaru","Bottled Tornado"],"acts_visited":["Exordium","TheCity","TheBeyond"],"potions_floor_usage":[],"damage_taken":[{"damage":2.0,"enemies":"2 Louse","floor":1.0,"turns":2.0},{"damage":0.0,"enemies":"Cultist","floor":2.0,"turns":3.0},{"damage":0.0,"enemies":"Jaw Worm","floor":4.0,"turns":1.0},{"damage":25.0,"enemies":"Lagavulin","floor":7.0,"turns":7.0},{"damage":0.0,"enemies":"Exordium Wildlife","floor":8.0,"turns":2.0},{"damage":6.0,"enemies":"3 Louse","floor":11.0,"turns":6.0},{"damage":0.0,"enemies":"Gremlin Nob","floor":12.0,"turns":2.0},{"damage":5.0,"enemies":"Exordium Thugs","floor":13.0,"turns":3.0},{"damage":0.0,"enemies":"Slime Boss","floor":16.0,"turns":6.0},{"damage":0.0,"enemies":"Chosen","floor":18.0,"turns":3.0},{"damage":0.0,"enemies":"Spheric Guardian","floor":21.0,"turns":1.0},{"damage":4.0,"enemies":"Snecko","floor":22.0,"turns":4.0},{"damage":0.0,"enemies":"Book of Stabbing","floor":27.0,"turns":6.0},{"damage":40.0,"enemies":"Masked Bandits","floor":28.0,"turns":4.0},{"damage":0.0,"enemies":"Snake Plant","floor":29.0,"turns":4.0},{"damage":0.0,"enemies":"Centurion and Healer","floor":31.0,"turns":4.0},{"damage":0.0,"enemies":"Champ","floor":33.0,"turns":8.0},{"damage":0.0,"enemies":"Orb Walker","floor":35.0,"turns":4.0},{"damage":12.0,"enemies":"3 Darklings","floor":36.0,"turns":4.0},{"damage":21.0,"enemies":"Sphere and 2 Shapes","floor":37.0,"turns":2.0},{"damage":18.0,"enemies":"Maw","floor":39.0,"turns":6.0},{"damage":18.0,"enemies":"Writhing Mass","floor":41.0,"turns":4.0},{"damage":0.0,"enemies":"Giant Head","floor":45.0,"turns":7.0},{"damage":13.0,"enemies":"4 Shapes","floor":47.0,"turns":7.0},{"damage":9.0,"enemies":"Sphere and 2 Shapes","floor":48.0,"turns":3.0},{"damage":63,"enemies":"Time Eater","floor":50,"turns":8}],"seed_played":"-5078256437268917033","potions_obtained":[{"floor":1.0,"key":"SneckoOil"},{"floor":7.0,"key":"EntropicBrew"},{"floor":8.0,"key":"Strength Potion"},{"floor":16.0,"key":"EssenceOfSteel"},{"floor":22.0,"key":"Block Potion"},{"floor":28.0,"key":"BlessingOfTheForge"},{"floor":33.0,"key":"Fruit Juice"}],"is_trial":false,"path_per_floor":["M","M","?","M","?","R","E","M","T","T","M","E","M","$","R","B",null,"M","?","$","M","M","R","?","R","T","E","?","M","R","M","R","B",null,"M","M","M","$","M","?","M","R","T","R","E","R","M","M","R","B"],"character_chosen":"WATCHER","items_purchased":["Evaluate","Finesse","War Paint","Omniscience"],"campfire_rested":5,"item_purchase_floors":[14,14,20,38],"current_hp_per_floor":[63,63,63,63,63,63,38,38,38,38,47,47,42,42,42,42,65,65,72,72,72,68,68,52,52,52,52,12,12,35,35,58,63,79,79,67,46,46,28,28,10,35,35,60,60,60,47,38,63,0,0],"gold":138,"neow_bonus":"UPGRADE_CARD","is_daily":false,"chose_seed":false,"campfire_upgraded":4,"win_rate":0.0,"timestamp":1614296449,"path_taken":["M","M","?","?","?","R","E","M","T","?","M","E","M","$","R","BOSS","M","?","$","M","M","R","?","R","T","E","?","?","R","M","R","BOSS","M","M","M","$","?","?","M","R","T","R","E","R","M","M","R","BOSS"],"items_purchased_type":["Card","Card","Relic","Card"],"build_version":"2020-12-22","purchased_purges":2,"victory":false,"max_hp_per_floor":[72,72,72,72,72,72,72,72,72,72,72,72,72,72,72,72,72,72,79,79,79,79,79,79,79,79,79,79,79,79,79,79,84,84,84,84,84,84,84,84,84,84,84,84,84,84,84,84,84,84,84],"card_choices":[{"not_picked":["Worship","Sanctity"],"picked":"TalkToTheHand","floor":1.0},{"not_picked":["Fasting2","Worship"],"picked":"CrushJoints","floor":2.0},{"not_picked":["Collect","Indignation"],"picked":"JustLucky","floor":4.0},{"not_picked":["EmptyFist","Consecrate"],"picked":"FearNoEvil","floor":7.0},{"not_picked":["Prostrate","Collect"],"picked":"FlyingSleeves","floor":8.0},{"not_picked":["JustLucky","EmptyFist"],"picked":"Evaluate","floor":11.0},{"not_picked":["Collect","SashWhip"],"picked":"Ragnarok","floor":12.0},{"not_picked":["Sanctity","FlyingSleeves"],"picked":"Adaptation","floor":13.0},{"not_picked":["Devotion","Blasphemy"],"picked":"DevaForm","floor":16.0},{"not_picked":["DeceiveReality","PathToVictory"],"picked":"Tantrum","floor":18.0},{"not_picked":["FollowUp","CrushJoints+1"],"picked":"Protect+1","floor":21.0},{"not_picked":["FollowUp","Consecrate+1"],"picked":"InnerPeace","floor":22.0},{"not_picked":["Perseverance","CutThroughFate"],"picked":"Tantrum+1","floor":27.0},{"not_picked":["CrushJoints","JustLucky"],"picked":"Halt","floor":28.0},{"not_picked":["FlyingSleeves","Perseverance"],"picked":"EmptyBody","floor":29.0},{"not_picked":["Evaluate","DeusExMachina","PathToVictory"],"picked":"SKIP","floor":31.0},{"not_picked":["Wish","Establishment"],"picked":"Vault","floor":33.0},{"not_picked":["Indignation+1","Meditate","Evaluate"],"picked":"SKIP","floor":35.0},{"not_picked":["WreathOfFlame","CrushJoints+1"],"picked":"EmptyFist+1","floor":36.0},{"not_picked":["Indignation","BattleHymn","Wireheading"],"picked":"SKIP","floor":37.0},{"not_picked":["EmptyFist+1","BowlingBash","SashWhip"],"picked":"SKIP","floor":39.0},{"not_picked":["EmptyFist+1","Consecrate+1"],"picked":"WaveOfTheHand","floor":41.0},{"not_picked":["Indignation","SashWhip"],"picked":"FlurryOfBlows+1","floor":45.0},{"not_picked":["Consecrate+1","SashWhip"],"picked":"FearNoEvil+1","floor":47.0},{"not_picked":["SashWhip+1","FlyingSleeves+1"],"picked":"EmptyBody+1","floor":48.0}],"player_experience":1074511,"relics_obtained":[{"floor":7.0,"key":"Oddly Smooth Stone"},{"floor":9.0,"key":"Orichalcum"},{"floor":12.0,"key":"Centennial Puzzle"},{"floor":24.0,"key":"Nilry\u0027s Codex"},{"floor":26.0,"key":"Happy Flower"},{"floor":27.0,"key":"Bottled Flame"},{"floor":28.0,"key":"Red Mask"},{"floor":43.0,"key":"Damaru"},{"floor":45.0,"key":"Bottled Tornado"}],"event_choices":[{"damage_healed":0.0,"max_hp_gain":0.0,"max_hp_loss":0.0,"gold_gain":0.0,"event_name":"Accursed Blacksmith","player_choice":"Forge","floor":3.0,"gold_loss":0.0,"damage_taken":0.0,"cards_upgraded":["TalkToTheHand"]},{"damage_healed":0.0,"max_hp_gain":0.0,"max_hp_loss":0.0,"gold_gain":0.0,"event_name":"Living Wall","player_choice":"Grow","floor":5.0,"gold_loss":0.0,"damage_taken":0.0,"cards_upgraded":["CrushJoints"]},{"damage_healed":0.0,"max_hp_gain":0.0,"max_hp_loss":0.0,"gold_gain":0.0,"event_name":"The Mausoleum","player_choice":"Opened","floor":19.0,"gold_loss":0.0,"damage_taken":0.0,"relics_obtained":["Strawberry"]},{"damage_healed":0.0,"max_hp_gain":0.0,"max_hp_loss":0.0,"gold_gain":0.0,"event_name":"Cursed Tome","player_choice":"Obtained Book","floor":24.0,"gold_loss":0.0,"damage_taken":16.0},{"damage_healed":0.0,"max_hp_gain":0.0,"max_hp_loss":0.0,"gold_gain":0.0,"event_name":"Masked Bandits","player_choice":"Fought Bandits","floor":28.0,"gold_loss":0.0,"damage_taken":0.0},{"cards_removed":["Finesse"],"damage_healed":0.0,"max_hp_gain":0.0,"max_hp_loss":0.0,"gold_gain":0.0,"event_name":"Falling","player_choice":"Removed Skill","floor":40.0,"gold_loss":0.0,"damage_taken":0.0}],"is_beta":false,"boss_relics":[{"not_picked":["Tiny House","Calling Bell"],"picked":"Philosopher\u0027s Stone"},{"not_picked":["Runic Dome","Busted Crown"],"picked":"Sozu"}],"items_purged_floors":[14,38],"is_endless":false,"potions_floor_spawned":[1,7,8,16,22,28,33,39,45,47,48],"killed_by":"Time Eater","ascension_level":7}}