{"host":"7rmsgc3rayi00cdt","time":1614273639,"event":{"mods":["BaseMod","Minty Spire (QoL Compilation)"],"gold_per_floor":[111,61,61,76,91,125,125,140,140,150,150,166,166,193,193,288,288,302,302,132,150,150,181,200,200,246,157,157,169,60,72,72,72,72],"floor_reached":33,"language":"ENG","playtime":996,"items_purged":[],"score":429,"play_id":"4eafe969-6f78-4948-9da4-e798c34ac826","local_time":"20210225172039","is_ascension_mode":true,"campfire_choices":[{"data":"Bash","floor":7,"key":"SMITH"},{"floor":15,"key":"REST"},{"data":"1","floor":25,"key":"LIFT"},{"data":"2","floor":28,"key":"LIFT"},{"floor":32,"key":"REST"}],"circlet_count":0,"master_deck":["AscendersBane","Strike_R","Strike_R","Strike_R","Strike_R","Strike_R","Defend_R","Defend_R","Defend_R","Bash+1","Shrug It Off+1","Spot Weakness+1","Anger+1","Havoc+1","Twin Strike","Shrug It Off+1","Headbutt","CurseOfTheBell","Metamorphosis+1","Warcry+1","Warcry+1","Impatience+1","Exhume+1","True Grit+1"],"relics":["Burning Blood","Toxic Egg 2","StoneCalendar","Letter Opener","Art of War","Calling Bell","MealTicket","Mummified Hand","Girya","Toy Ornithopter","TungstenRod","Juzu Bracelet","Nunchaku"],"acts_visited":["Exordium","TheCity"],"potions_floor_usage":[8,14,23,29],"damage_taken":[{"damage":5,"enemies":"2 Louse","floor":1,"turns":3},{"damage":12,"enemies":"Jaw Worm","floor":4,"turns":3},{"damage":6,"enemies":"Cultist","floor":5,"turns":5},{"damage":32,"enemies":"Gremlin Nob","floor":6,"turns":4},{"damage":2,"enemies":"2 Fungi Beasts","floor":8,"turns":4},{"damage":8,"enemies":"Large Slime","floor":10,"turns":4},{"damage":13,"enemies":"Red Slaver","floor":12,"turns":3},{"damage":5,"enemies":"3 Sentries","floor":14,"turns":5},{"damage":38,"enemies":"The Guardian","floor":16,"turns":9},{"damage":24,"enemies":"Spheric Guardian","floor":18,"turns":5},{"damage":7,"enemies":"Chosen","floor":21,"turns":4},{"damage":38,"enemies":"Book of Stabbing","floor":23,"turns":5},{"damage":27,"enemies":"Sentry and Sphere","floor":24,"turns":5},{"damage":41,"enemies":"3 Cultists","floor":29,"turns":6},{"damage":23,"enemies":"Snake Plant","floor":31,"turns":3},{"damage":68,"enemies":"Automaton","floor":33,"turns":6}],"seed_played":"-8392015733388242094","potions_obtained":[{"floor":4,"key":"Fruit Juice"},{"floor":6,"key":"Explosive Potion"},{"floor":12,"key":"DuplicationPotion"},{"floor":14,"key":"BloodPotion"},{"floor":31,"key":"ElixirPotion"}],"is_trial":false,"path_per_floor":["M","?","T","M","M","E","R","M","T","M","?","M","?","E","R","B",null,"M","?","$","M","?","E","M","R","T","$","R","M","?","M","R","B"],"character_chosen":"IRONCLAD","items_purchased":["Metamorphosis+1","Impatience+1"],"campfire_rested":2,"item_purchase_floors":[20,27],"current_hp_per_floor":[81,81,81,75,75,49,49,58,58,56,56,49,49,50,77,45,81,63,63,78,77,77,50,29,29,29,44,44,32,32,15,42,0,0],"gold":72,"neow_bonus":"TEN_PERCENT_HP_BONUS","is_daily":false,"chose_seed":false,"campfire_upgraded":1,"win_rate":0.0,"timestamp":1614273639,"path_taken":["M","?","?","?","M","E","R","M","T","M","?","M","?","E","R","BOSS","M","?","?","M","?","E","M","R","T","$","R","M","?","M","R","BOSS"],"items_purchased_type":["Card","Card"],"build_version":"2020-12-22","purchased_purges":0,"victory":false,"max_hp_per_floor":[88,88,88,88,88,88,88,93,93,93,93,93,93,93,93,93,93,93,93,93,93,93,93,93,93,93,93,93,93,93,93,93,93,93],"card_choices":[{"not_picked":["Warcry","Blood for Blood"],"picked":"Shrug It Off","floor":1},{"not_picked":["Rage+1","Sword Boomerang"],"picked":"Spot Weakness+1","floor":4},{"not_picked":["Body Slam","Hemokinesis"],"picked":"Anger","floor":5},{"not_picked":["Spot Weakness+1","Bludgeon"],"picked":"Havoc+1","floor":6},{"not_picked":["Anger","Cleave"],"picked":"Twin Strike","floor":8},{"not_picked":["Cleave","Sword Boomerang"],"picked":"Shrug It Off+1","floor":10},{"not_picked":["Pommel Strike","Carnage"],"picked":"Headbutt","floor":12},{"not_picked":["Blood for Blood","Clash","Searing Blow"],"picked":"SKIP","floor":14},{"not_picked":["Hemokinesis","Body Slam","Uppercut"],"picked":"SKIP","floor":18},{"not_picked":["Clothesline","Entrench+1"],"picked":"Warcry+1","floor":21},{"not_picked":["Rupture+1","Perfected Strike","Sword Boomerang"],"picked":"SKIP","floor":23},{"not_picked":["Wild Strike","Body Slam"],"picked":"Warcry+1","floor":24},{"not_picked":["Shrug It Off+1","Dual Wield+1"],"picked":"Exhume+1","floor":29},{"not_picked":["Carnage","Body Slam"],"picked":"True Grit+1","floor":31}],"player_experience":838239,"relics_obtained":[{"floor":3,"key":"Toxic Egg 2"},{"floor":6,"key":"StoneCalendar"},{"floor":9,"key":"Letter Opener"},{"floor":14,"key":"Art of War"},{"floor":17,"key":"MealTicket"},{"floor":17,"key":"Mummified Hand"},{"floor":17,"key":"Girya"},{"floor":19,"key":"Toy Ornithopter"},{"floor":23,"key":"TungstenRod"},{"floor":26,"key":"Juzu Bracelet"}],"event_choices":[{"cards_removed":["Defend_R"],"damage_healed":0,"gold_gain":0,"player_choice":"Card Removal","damage_taken":0,"max_hp_gain":0,"max_hp_loss":0,"event_name":"The Cleric","floor":2,"gold_loss":50},{"damage_healed":0,"gold_gain":0,"player_choice":"Grow","damage_taken":0,"max_hp_gain":0,"max_hp_loss":0,"event_name":"Living Wall","floor":11,"gold_loss":0,"cards_upgraded":["Anger"]},{"damage_healed":0,"gold_gain":0,"player_choice":"Upgraded","damage_taken":0,"max_hp_gain":0,"max_hp_loss":0,"event_name":"Upgrade Shrine","floor":13,"gold_loss":0,"cards_upgraded":["Shrug It Off"]},{"damage_healed":0,"gold_gain":0,"player_choice":"Relic","damage_taken":0,"max_hp_gain":0,"max_hp_loss":0,"event_name":"Wheel of Change","floor":19,"gold_loss":0},{"damage_healed":0,"gold_gain":0,"player_choice":"Ignored","damage_taken":0,"max_hp_gain":0,"max_hp_loss":0,"event_name":"Ghosts","floor":22,"gold_loss":0},{"damage_healed":0,"gold_gain":0,"player_choice":"Paid Gold","damage_taken":0,"relics_obtained":["Nunchaku"],"max_hp_gain":0,"max_hp_loss":0,"event_name":"WeMeetAgain","floor":30,"gold_loss":109}],"is_beta":false,"boss_relics":[{"not_picked":["Cursed Key","Runic Cube"],"picked":"Calling Bell"}],"items_purged_floors":[],"is_endless":false,"potions_floor_spawned":[4,6,12,14,18,31],"killed_by":"Automaton","ascension_level":11}}