{"host":"ox77rn1xcurm2t5a","time":1614281030,"event":{"mods":["2.2 Compatiblity","AchievementEnabler","Act Like it!","Aspiration","BaseMod","Best Route Mod","Better Match","Better Note","Better Sensory Stone","Block Reminder","Colored Map","Colored Powertips","Conjunction","Conspire","Custom Start","Energized Spire","GifTheSpireLib","Gold Saver","Gremlin Skip","Halation","Highlight Path","Hubris","Infinite Spire","Minty Spire (QoL Compilation)","Pale of the Ancients","Quick Restart","Reliquary","Replay The Spire","Reworked Bosses","ShortenTheSpire","Spire Exporter","StSLib","Stuff the Spire","Wandering Minibosses"],"gold_per_floor":[113,128,11,23,23,23,50,50,50,83,93,123,134,59,59,59,59],"floor_reached":16,"language":"ENG","playtime":308,"items_purged":["Strike_R"],"score":192,"play_id":"bc80221e-b625-4604-a6bb-682542b6f8be","local_time":"20210225212350","is_ascension_mode":true,"campfire_choices":[{"floor":6,"key":"RECALL"},{"data":"Uppercut","floor":8,"key":"SMITH"},{"data":"Bash","floor":15,"key":"SMITH"}],"circlet_count":0,"master_deck":["AscendersBane","Strike_R","Strike_R","Strike_R","Strike_R","Defend_R","Defend_R","Defend_R","Defend_R","Bash+1","Twin Strike","Disarm","Inflame","Clash","Uppercut+1","Cleave","Spot Weakness"],"relics":["Burning Blood","NeowsBlessing","halation:BottledLove","Replay:Wax Seal","halation:AfternoonTea"],"acts_visited":["Exordium"],"potions_floor_usage":[7,7,11,12],"damage_taken":[{"damage":0,"enemies":"Small Slimes","floor":1,"turns":1},{"damage":0,"enemies":"Cultist","floor":2,"turns":1},{"damage":0,"enemies":"2 Louse","floor":4,"turns":1},{"damage":11,"enemies":"Gremlin Nob","floor":7,"turns":3},{"damage":38,"enemies":"3 Sentries","floor":10,"turns":6},{"damage":7,"enemies":"Exordium Wildlife","floor":11,"turns":3},{"damage":13,"enemies":"Gremlin Nob","floor":12,"turns":4},{"damage":7,"enemies":"Blue Slaver","floor":13,"turns":3},{"damage":36,"enemies":"The Guardian","floor":16,"turns":2}],"seed_played":"-5427931738702551993","potions_obtained":[{"floor":1,"key":"DistilledChaos"},{"floor":4,"key":"SteroidPotion"},{"floor":10,"key":"Strength Potion"},{"floor":11,"key":"Cursed Concoction"},{"floor":13,"key":"Elixir"}],"is_trial":false,"path_per_floor":["M","M","$","M","?","R","E","R","T","E","M","E","M","$","R","B"],"character_chosen":"IRONCLAD","items_purchased":["Inflame","Clash"],"campfire_rested":0,"item_purchase_floors":[3,3],"current_hp_per_floor":[78,80,80,80,80,80,75,75,75,43,42,35,34,34,34,0,0],"gold":59,"neow_bonus":"THREE_ENEMY_KILL","is_daily":false,"chose_seed":false,"campfire_upgraded":2,"win_rate":0.0,"timestamp":1614281030,"path_taken":["M","M","$","M","?","R","E","R","T","E","?","E","M","$","R","BOSS"],"items_purchased_type":["Card","Card"],"build_version":"2020-12-22","purchased_purges":1,"victory":false,"max_hp_per_floor":[80,80,80,80,80,80,80,80,80,80,80,80,80,80,80,80,80],"card_choices":[{"not_picked":["Infernal Blade","Pummel"],"picked":"Twin Strike","floor":1},{"not_picked":["Shockwave","Reckless Charge"],"picked":"Disarm","floor":2},{"not_picked":["Iron Wave","Searing Blow","Run Through"],"picked":"SKIP","floor":4},{"not_picked":["Replay:Undeath\u0027s Touch","Evolve"],"picked":"Uppercut","floor":7},{"not_picked":["Burning Pact","Twin Strike"],"picked":"Cleave","floor":10},{"not_picked":["True Grit","Iron Wave"],"picked":"Spot Weakness","floor":11},{"not_picked":["ReplayTheSpireMod:Corrosion Curse","Demonic Infusion","Warcry"],"picked":"SKIP","floor":12},{"not_picked":["conspire:Charge","ReplayTheSpireMod:Strike From Hell","StuffTheSpire:BloodClot"],"picked":"SKIP","floor":13}],"player_experience":3275963,"relics_obtained":[{"floor":7,"key":"halation:BottledLove"},{"floor":10,"key":"Replay:Wax Seal"},{"floor":12,"key":"halation:AfternoonTea"}],"event_choices":[{"damage_healed":0,"gold_gain":0,"player_choice":"Ignored","damage_taken":0,"max_hp_gain":0,"max_hp_loss":0,"event_name":"betterNote:BetterNote","floor":5,"gold_loss":0,"cards_obtained":["Strike_P"]}],"is_beta":false,"boss_relics":[],"items_purged_floors":[14],"is_endless":false,"potions_floor_spawned":[1,4,10,11,13],"killed_by":"The Guardian","ascension_level":12}}