{"host":"n0aqkby80ppfgdru","time":1614286812,"event":{"mods":["BaseMod","Block Reminder","Minty Spire (QoL Compilation)","Permanent Neow","Quick Restart"],"gold_per_floor":[117,128,142,158,158,158,178,193,193,193,212,212,312,337,337,436,436,449,462,474,485,503,503,503,521,547,559,569,582,617,617,617,716,716,716],"floor_reached":34,"language":"ENG","playtime":1171,"items_purged":[],"score":457,"play_id":"9c341b36-7407-4088-85de-3a3d974110e1","local_time":"20210225160012","is_ascension_mode":false,"campfire_choices":[{"data":"Eruption","floor":6.0,"key":"SMITH"},{"data":"WheelKick","floor":12.0,"key":"SMITH"},{"floor":15.0,"key":"REST"},{"data":"Omniscience","floor":23.0,"key":"SMITH"},{"data":"Protect","floor":32,"key":"SMITH"}],"circlet_count":0,"master_deck":["Strike_P+1","Strike_P","Defend_P","Defend_P","Defend_P+1","Eruption+1","Vigilance","ThirdEye","FearNoEvil","BattleHymn","DeceiveReality","WheelKick+1","FlurryOfBlows+1","Wireheading","Omniscience+1","TalkToTheHand+1","Judgement+1","Collect+1","Wallop+1","Protect+1","Weave","DeusExMachina","Consecrate","FearNoEvil","Tantrum+1","Devotion"],"relics":["PureWater","Anchor","Strawberry","Potion Belt","Astrolabe","Oddly Smooth Stone","Smiling Mask","Coffee Dripper"],"acts_visited":["Exordium","TheCity","TheBeyond"],"potions_floor_usage":[30,33],"damage_taken":[{"damage":7.0,"enemies":"Jaw Worm","floor":1.0,"turns":6.0},{"damage":5.0,"enemies":"Small Slimes","floor":2.0,"turns":4.0},{"damage":0.0,"enemies":"Cultist","floor":3.0,"turns":2.0},{"damage":1.0,"enemies":"Large Slime","floor":4.0,"turns":3.0},{"damage":1.0,"enemies":"Lots of Slimes","floor":7.0,"turns":4.0},{"damage":1.0,"enemies":"Exordium Wildlife","floor":8.0,"turns":3.0},{"damage":0.0,"enemies":"Blue Slaver","floor":11.0,"turns":3.0},{"damage":11.0,"enemies":"3 Sentries","floor":14.0,"turns":5.0},{"damage":0.0,"enemies":"Slime Boss","floor":16.0,"turns":5.0},{"damage":3.0,"enemies":"Shell Parasite","floor":18.0,"turns":3.0},{"damage":0.0,"enemies":"Chosen","floor":19.0,"turns":3.0},{"damage":0.0,"enemies":"Sentry and Sphere","floor":20.0,"turns":2.0},{"damage":0.0,"enemies":"Centurion and Healer","floor":21.0,"turns":3.0},{"damage":15.0,"enemies":"3 Cultists","floor":22.0,"turns":4.0},{"damage":2.0,"enemies":"Shelled Parasite and Fungi","floor":25.0,"turns":2.0},{"damage":0.0,"enemies":"Centurion and Healer","floor":27.0,"turns":4.0},{"damage":0.0,"enemies":"Cultist and Chosen","floor":28.0,"turns":5.0},{"damage":0.0,"enemies":"Snake Plant","floor":29.0,"turns":2.0},{"damage":0,"enemies":"Slavers","floor":30,"turns":2},{"damage":57,"enemies":"Collector","floor":33,"turns":8}],"seed_played":"-2898178786017777824","potions_obtained":[{"floor":3.0,"key":"LiquidBronze"},{"floor":4.0,"key":"BottledMiracle"},{"floor":14.0,"key":"FairyPotion"},{"floor":16.0,"key":"SkillPotion"},{"floor":20.0,"key":"Dexterity Potion"},{"floor":21.0,"key":"LiquidMemories"},{"floor":27.0,"key":"PowerPotion"},{"floor":30,"key":"SteroidPotion"},{"floor":33,"key":"Strength Potion"}],"is_trial":false,"path_per_floor":["M","M","M","M","?","R","M","M","T","?","M","R","?","E","R","B",null,"M","M","M","M","M","R","?","M","T","M","M","M","E","?","R","B",null],"character_chosen":"WATCHER","items_purchased":[],"campfire_rested":1,"item_purchase_floors":[],"current_hp_per_floor":[65,60,60,59,64,64,63,62,69,52,52,52,52,41,66,66,84,81,81,81,81,66,66,66,64,64,64,64,64,64,64,64,7,84,84],"gold":716,"neow_bonus":"RANDOM_COMMON_RELIC","is_daily":false,"chose_seed":false,"campfire_upgraded":4,"win_rate":0.0,"timestamp":1614286812,"path_taken":["M","M","M","M","?","R","M","M","T","?","M","R","?","E","R","BOSS","M","M","M","M","?","R","?","M","T","M","M","?","E","?","R","BOSS"],"items_purchased_type":[],"build_version":"2020-12-22","purchased_purges":0,"victory":false,"max_hp_per_floor":[72,72,72,72,77,77,77,77,84,84,84,84,84,84,84,84,84,84,84,84,84,84,84,84,84,84,84,84,84,84,84,84,84,84,84],"card_choices":[{"not_picked":["ClearTheMind","PathToVictory"],"picked":"ThirdEye","floor":1.0},{"not_picked":["BowlingBash","Consecrate"],"picked":"FearNoEvil","floor":2.0},{"not_picked":["Evaluate","Halt"],"picked":"BattleHymn","floor":3.0},{"not_picked":["Evaluate","SashWhip","BowlingBash"],"picked":"SKIP","floor":4.0},{"not_picked":["Prostrate","Evaluate"],"picked":"DeceiveReality","floor":7.0},{"not_picked":["ClearTheMind","Sanctity"],"picked":"WheelKick","floor":8.0},{"not_picked":["Wallop","SandsOfTime"],"picked":"FlurryOfBlows","floor":11.0},{"not_picked":["Evaluate","Halt"],"picked":"Wireheading","floor":14.0},{"not_picked":["DeusExMachina","Alpha"],"picked":"Omniscience","floor":16.0},{"not_picked":["Evaluate","FlyingSleeves","Fasting2"],"picked":"SKIP","floor":18.0},{"not_picked":["Halt","Protect"],"picked":"Wallop+1","floor":19.0},{"not_picked":["WreathOfFlame+1","Prostrate+1"],"picked":"Protect","floor":20.0},{"not_picked":["EmptyBody+1","WindmillStrike","Prostrate"],"picked":"SKIP","floor":21.0},{"not_picked":["ClearTheMind","EmptyMind"],"picked":"Weave","floor":22.0},{"not_picked":["Prostrate","Meditate+1"],"picked":"DeusExMachina","floor":25.0},{"not_picked":["Crescendo","ThirdEye"],"picked":"Consecrate","floor":27.0},{"not_picked":["WheelKick","BowlingBash"],"picked":"FearNoEvil","floor":28.0},{"not_picked":["WindmillStrike+1","CrushJoints"],"picked":"Tantrum+1","floor":29.0},{"not_picked":["WreathOfFlame","EmptyMind","EmptyBody"],"picked":"SKIP","floor":30},{"not_picked":["Judgement","SpiritShield"],"picked":"Devotion","floor":33}],"player_experience":1282516,"relics_obtained":[{"floor":9.0,"key":"Strawberry"},{"floor":14.0,"key":"Potion Belt"},{"floor":26.0,"key":"Oddly Smooth Stone"},{"floor":30,"key":"Smiling Mask"}],"event_choices":[{"damage_healed":0.0,"max_hp_gain":5.0,"max_hp_loss":0.0,"gold_gain":0.0,"event_name":"Big Fish","player_choice":"Donut","floor":5.0,"gold_loss":0.0,"damage_taken":0.0},{"damage_healed":0.0,"max_hp_gain":0.0,"max_hp_loss":0.0,"gold_gain":0.0,"event_name":"Shining Light","player_choice":"Entered Light","floor":10.0,"gold_loss":0.0,"damage_taken":17.0,"cards_upgraded":["Defend_P","Strike_P"]},{"damage_healed":0.0,"max_hp_gain":0.0,"max_hp_loss":0.0,"gold_gain":100.0,"event_name":"Golden Shrine","player_choice":"Pray","floor":13.0,"gold_loss":0.0,"damage_taken":0.0},{"damage_healed":0.0,"max_hp_gain":0.0,"max_hp_loss":0.0,"gold_gain":0.0,"event_name":"Upgrade Shrine","player_choice":"Upgraded","floor":24.0,"gold_loss":0.0,"damage_taken":0.0,"cards_upgraded":["FlurryOfBlows"]},{"damage_healed":0,"gold_gain":0,"player_choice":"Ignored","damage_taken":0,"max_hp_gain":0,"max_hp_loss":0,"event_name":"The Mausoleum","floor":31,"gold_loss":0}],"is_beta":false,"boss_relics":[{"not_picked":["VioletLotus","SlaversCollar"],"picked":"Astrolabe"},{"not_picked":["Runic Dome","HolyWater"],"picked":"Coffee Dripper"}],"items_purged_floors":[],"is_endless":false,"potions_floor_spawned":[3,4,14,16,20,21,22,25,27,30,33],"ascension_level":0}}