{"host":"8lvj8oigynmckyj3","time":1614268682,"event":{"mods":["AchievementEnabler","BaseMod","Better Third Choice","Block Reminder","Colored Map","Colored Powertips","DeckTracker","Highlight Path","Minty Spire (QoL Compilation)","Permanent Neow","Quick Restart","Slay-I","StSLib"],"gold_per_floor":[113,113,131,147,165,198,198,198,198,217,236,236,236,265,265,344,394,414,427,180,180,200,212,212,212,212,212,224,90,107,118,118,189,189,200,220,230,15,34,34,69,69,93,0,0,15,40,52,64,76,76],"floor_reached":50,"language":"ENG","playtime":4165,"items_purged":[],"score":1019,"play_id":"e7612745-d5ee-47e9-8caf-fdaeb508eef2","local_time":"20210225125802","is_ascension_mode":true,"campfire_choices":[{"floor":7.0,"key":"REST"},{"floor":13.0,"key":"REST"},{"floor":15.0,"key":"REST"},{"floor":24.0,"key":"REST"},{"data":"ForeignInfluence","floor":27.0,"key":"SMITH"},{"floor":32.0,"key":"REST"},{"floor":40.0,"key":"REST"},{"floor":42.0,"key":"REST"},{"floor":49.0,"key":"REST"}],"circlet_count":0,"master_deck":["AscendersBane","Eruption","Vigilance","Protect","CarveReality","Fasting2","BowlingBash","ThirdEye","ForeignInfluence+1","Worship","BattleHymn","ThirdEye","Conclude+1","Wallop","Vengeance","SashWhip","CurseOfTheBell","Indignation+1"],"relics":["Busted Crown","Bottled Flame","Pocketwatch","Ginger","Tiny House","Regal Pillow","TeardropLocket","Calling Bell","Orichalcum","Matryoshka","Dead Branch","ClockworkSouvenir","StoneCalendar","Bottled Lightning","Bronze Scales","Red Mask","Blood Vial","Oddly Smooth Stone","MawBank"],"acts_visited":["Exordium","TheCity","TheBeyond"],"potions_floor_usage":[],"damage_taken":[{"damage":9.0,"enemies":"Jaw Worm","floor":1.0,"turns":4.0},{"damage":3.0,"enemies":"2 Louse","floor":3.0,"turns":2.0},{"damage":0.0,"enemies":"Cultist","floor":4.0,"turns":3.0},{"damage":9.0,"enemies":"Gremlin Gang","floor":5.0,"turns":8.0},{"damage":30.0,"enemies":"3 Sentries","floor":6.0,"turns":9.0},{"damage":7.0,"enemies":"2 Fungi Beasts","floor":10.0,"turns":3.0},{"damage":3.0,"enemies":"Looter","floor":11.0,"turns":3.0},{"damage":18.0,"enemies":"Lagavulin","floor":14.0,"turns":6.0},{"damage":0.0,"enemies":"Slime Boss","floor":16.0,"turns":6.0},{"damage":8.0,"enemies":"3 Byrds","floor":18.0,"turns":6.0},{"damage":15.0,"enemies":"Shell Parasite","floor":19.0,"turns":4.0},{"damage":16.0,"enemies":"Snake Plant","floor":22.0,"turns":3.0},{"damage":5.0,"enemies":"Chosen and Byrds","floor":23.0,"turns":3.0},{"damage":2.0,"enemies":"Cultist and Chosen","floor":28.0,"turns":3.0},{"damage":0.0,"enemies":"Snecko","floor":30.0,"turns":3.0},{"damage":22.0,"enemies":"3 Cultists","floor":31.0,"turns":4.0},{"damage":46.0,"enemies":"Automaton","floor":33.0,"turns":7.0},{"damage":23.0,"enemies":"3 Shapes","floor":35.0,"turns":3.0},{"damage":0.0,"enemies":"Orb Walker","floor":36.0,"turns":3.0},{"damage":14.0,"enemies":"3 Darklings","floor":37.0,"turns":3.0},{"damage":10.0,"enemies":"Jaw Worm Horde","floor":39.0,"turns":2.0},{"damage":32.0,"enemies":"Reptomancer","floor":41.0,"turns":5.0},{"damage":8.0,"enemies":"Maw","floor":46.0,"turns":6.0},{"damage":36.0,"enemies":"Nemesis","floor":47.0,"turns":7.0},{"damage":55,"enemies":"Time Eater","floor":50,"turns":6}],"seed_played":"-5079598505566392462","potions_obtained":[{"floor":3.0,"key":"Strength Potion"},{"floor":14.0,"key":"Block Potion"},{"floor":16.0,"key":"Ambrosia"},{"floor":17.0,"key":"Ambrosia"},{"floor":36.0,"key":"ColorlessPotion"},{"floor":37.0,"key":"ColorlessPotion"},{"floor":47.0,"key":"Ancient Potion"}],"is_trial":false,"path_per_floor":["M","?","M","M","M","E","R","?","T","M","M","?","R","E","R","B",null,"M","M","$","?","M","M","R","?","T","R","M","$","M","M","R","B",null,"M","M","M","$","M","R","E","R","T","?","T","M","E","?","R","B"],"character_chosen":"WATCHER","items_purchased":["Regal Pillow","BattleHymn","Wallop","Vengeance","ClockworkSouvenir","SkillPotion"],"campfire_rested":8,"item_purchase_floors":[20,20,29,29,38,38],"current_hp_per_floor":[52,52,49,49,40,10,30,30,30,23,20,20,40,22,42,42,67,59,44,44,44,28,23,59,73,73,73,71,71,71,49,73,27,62,39,39,25,25,15,51,19,55,55,55,55,49,15,15,51,0,0],"gold":76,"neow_bonus":"BOSS_RELIC","is_daily":false,"chose_seed":false,"campfire_upgraded":1,"win_rate":0.0,"timestamp":1614268682,"path_taken":["M","?","M","M","M","E","R","?","T","?","?","?","R","E","R","BOSS","M","M","$","?","M","M","R","?","T","R","M","$","M","M","R","BOSS","M","M","M","$","?","R","E","R","T","?","?","M","E","?","R","BOSS"],"items_purchased_type":["Relic","Card","Card","Card","Relic","Potion"],"build_version":"2020-12-22","purchased_purges":0,"victory":false,"max_hp_per_floor":[68,68,68,68,68,68,68,68,68,68,68,68,68,68,68,68,73,73,73,73,73,73,73,73,73,73,73,73,73,73,73,73,73,73,73,73,73,73,73,73,73,73,73,73,73,73,73,73,73,73,73],"card_choices":[{"not_picked":["JustLucky"],"picked":"SKIP","floor":1.0},{"not_picked":[],"picked":"Protect","floor":3.0},{"not_picked":["Evaluate"],"picked":"SKIP","floor":4.0},{"not_picked":[],"picked":"CarveReality","floor":5.0},{"not_picked":["Weave"],"picked":"SKIP","floor":6.0},{"not_picked":["ClearTheMind"],"picked":"SKIP","floor":10.0},{"not_picked":[],"picked":"BowlingBash","floor":11.0},{"not_picked":[],"picked":"Adaptation","floor":14.0},{"not_picked":[],"picked":"ThirdEye","floor":17.0},{"not_picked":[],"picked":"ForeignInfluence","floor":18.0},{"not_picked":[],"picked":"Worship","floor":19.0},{"not_picked":[],"picked":"ThirdEye","floor":22.0},{"not_picked":[],"picked":"Conclude+1","floor":23.0},{"not_picked":["PathToVictory"],"picked":"SKIP","floor":28.0},{"not_picked":[],"picked":"SashWhip","floor":30.0},{"not_picked":["BattleHymn"],"picked":"SKIP","floor":31.0},{"not_picked":["JustLucky"],"picked":"SKIP","floor":35.0},{"not_picked":["Halt"],"picked":"SKIP","floor":36.0},{"not_picked":["Evaluate"],"picked":"SKIP","floor":37.0},{"not_picked":["ClearTheMind"],"picked":"SKIP","floor":39.0},{"not_picked":["Perseverance"],"picked":"SKIP","floor":41.0},{"not_picked":["Halt"],"picked":"SKIP","floor":46.0},{"not_picked":[],"picked":"Indignation+1","floor":47.0}],"player_experience":465752,"relics_obtained":[{"floor":6.0,"key":"Bottled Flame"},{"floor":9.0,"key":"Pocketwatch"},{"floor":14.0,"key":"Ginger"},{"floor":26.0,"key":"TeardropLocket"},{"floor":34.0,"key":"Orichalcum"},{"floor":34.0,"key":"Matryoshka"},{"floor":34.0,"key":"Dead Branch"},{"floor":41.0,"key":"StoneCalendar"},{"floor":43.0,"key":"Bottled Lightning"},{"floor":43.0,"key":"Bronze Scales"},{"floor":45.0,"key":"Blood Vial"},{"floor":45.0,"key":"Oddly Smooth Stone"},{"floor":47.0,"key":"MawBank"}],"event_choices":[{"damage_healed":0.0,"max_hp_gain":0.0,"max_hp_loss":0.0,"gold_gain":0.0,"event_name":"Golden Wing","player_choice":"Ignored","floor":2.0,"gold_loss":0.0,"damage_taken":0.0},{"damage_healed":0.0,"max_hp_gain":0.0,"max_hp_loss":0.0,"gold_gain":0.0,"cards_transformed":["Strike_P"],"event_name":"Transmorgrifier","player_choice":"Transformed","floor":8.0,"gold_loss":0.0,"damage_taken":0.0,"cards_obtained":["Fasting2"]},{"damage_healed":20.0,"max_hp_gain":0.0,"max_hp_loss":68.0,"gold_gain":0.0,"event_name":"betterThird:BetterShining","player_choice":"Leave","floor":12.0,"gold_loss":0.0,"damage_taken":0.0},{"damage_healed":0.0,"max_hp_gain":0.0,"max_hp_loss":7.0,"gold_gain":0.0,"event_name":"betterThird:BetterWriting","player_choice":"Materialism","floor":21.0,"gold_loss":0.0,"damage_taken":0.0},{"cards_removed":["Adaptation"],"damage_healed":14.0,"max_hp_gain":0.0,"max_hp_loss":0.0,"gold_gain":0.0,"event_name":"Bonfire Elementals","player_choice":"Offered Uncommon","floor":25.0,"gold_loss":0.0,"damage_taken":0.0},{"damage_healed":0.0,"max_hp_gain":0.0,"max_hp_loss":0.0,"gold_gain":0.0,"event_name":"Tomb of Lord Red Mask","player_choice":"Paid","floor":44.0,"gold_loss":93.0,"damage_taken":0.0,"relics_obtained":["Red Mask"]},{"damage_healed":0.0,"max_hp_gain":0.0,"max_hp_loss":0.0,"gold_gain":0.0,"event_name":"Transmorgrifier","player_choice":"Ignored","floor":48.0,"gold_loss":0.0,"damage_taken":0.0}],"is_beta":false,"boss_relics":[{"not_picked":["Coffee Dripper","SacredBark"],"picked":"Tiny House"},{"not_picked":["Velvet Choker","Pandora\u0027s Box"],"picked":"Calling Bell"}],"items_purged_floors":[],"is_endless":false,"potions_floor_spawned":[3,14,16,18,23,31,36,37,47],"killed_by":"Time Eater","ascension_level":16}}