{"host":"88k5ybcf55kxe2cn","time":1614284098,"event":{"mods":["BaseMod","Colored Map","Colored Powertips","Minty Spire (QoL Compilation)"],"gold_per_floor":[119,194,213,228,228,228,257,277,277,290,324,324,344,364,364,469,469,481,511,511,511,526,552,572,603,629,629,629],"floor_reached":27,"language":"SPA","playtime":2107,"items_purged":[],"score":317,"play_id":"16a695c5-5e0b-44b5-848f-762fb9b31f82","local_time":"20210225211458","is_ascension_mode":true,"campfire_choices":[{"data":"Zap","floor":6,"key":"SMITH"},{"floor":12,"key":"REST"},{"data":"Biased Cognition","floor":15,"key":"SMITH"}],"circlet_count":0,"master_deck":["Strike_B","Strike_B","Strike_B","Strike_B","Defend_B","Defend_B","Defend_B","Defend_B","Zap+1","Dualcast","Ball Lightning","Turbo","Hologram","FTL","White Noise","Biased Cognition+1","Conserve Battery","Rip and Tear","Lockon","Hyperbeam","Sweeping Beam+1","Darkness","Writhe","Sunder","Defragment","Streamline+1","Hyperbeam+1","Shame"],"relics":["Cracked Core","Matryoshka","Letter Opener","Kunai","DataDisk","Cursed Key","Red Mask","Strawberry","Toy Ornithopter","Molten Egg 2","Regal Pillow"],"acts_visited":["Exordium","TheCity"],"potions_floor_usage":[4,11,16,18,19,19,23,24,25],"damage_taken":[{"damage":7,"enemies":"Jaw Worm","floor":1,"turns":3},{"damage":1,"enemies":"Cultist","floor":3,"turns":3},{"damage":0,"enemies":"2 Louse","floor":4,"turns":1},{"damage":32,"enemies":"Gremlin Nob","floor":7,"turns":4},{"damage":3,"enemies":"Large Slime","floor":8,"turns":5},{"damage":1,"enemies":"2 Fungi Beasts","floor":10,"turns":3},{"damage":7,"enemies":"3 Sentries","floor":11,"turns":4},{"damage":7,"enemies":"3 Louse","floor":13,"turns":2},{"damage":0,"enemies":"Lots of Slimes","floor":14,"turns":2},{"damage":36,"enemies":"The Guardian","floor":16,"turns":8},{"damage":12,"enemies":"3 Byrds","floor":18,"turns":2},{"damage":2,"enemies":"Masked Bandits","floor":19,"turns":2},{"damage":3,"enemies":"Spheric Guardian","floor":22,"turns":3},{"damage":17,"enemies":"Gremlin Leader","floor":23,"turns":5},{"damage":7,"enemies":"Chosen and Byrds","floor":24,"turns":4},{"damage":14,"enemies":"Book of Stabbing","floor":25,"turns":3},{"damage":33,"enemies":"Shelled Parasite and Fungi","floor":27,"turns":2}],"seed_played":"-372700376239099708","potions_obtained":[{"floor":3,"key":"ColorlessPotion"},{"floor":4,"key":"LiquidBronze"},{"floor":10,"key":"SpeedPotion"},{"floor":11,"key":"FearPotion"},{"floor":18,"key":"EntropicBrew"},{"floor":22,"key":"FearPotion"},{"floor":23,"key":"FocusPotion"},{"floor":24,"key":"PowerPotion"}],"is_trial":false,"path_per_floor":["M","?","M","M","?","R","E","M","T","M","E","R","M","M","R","B",null,"M","?","?","?","M","E","M","E","T","M"],"character_chosen":"DEFECT","items_purchased":[],"campfire_rested":1,"item_purchase_floors":[],"current_hp_per_floor":[75,67,66,66,66,66,34,31,31,30,23,47,40,40,40,4,82,70,68,52,59,56,39,37,28,28,0,0],"gold":629,"neow_bonus":"TEN_PERCENT_HP_BONUS","is_daily":false,"chose_seed":false,"campfire_upgraded":2,"win_rate":0.0,"timestamp":1614284098,"path_taken":["M","?","M","?","?","R","E","M","T","M","E","R","M","M","R","BOSS","M","?","?","?","M","E","M","E","T","M"],"items_purchased_type":[],"build_version":"2020-12-22","purchased_purges":0,"victory":false,"max_hp_per_floor":[82,82,82,82,82,82,82,82,82,82,82,82,82,82,82,82,82,82,82,87,94,94,94,94,94,94,94,94],"card_choices":[{"not_picked":["Coolheaded","Fusion"],"picked":"Ball Lightning","floor":1},{"not_picked":["Tempest","Rip and Tear"],"picked":"Turbo","floor":3},{"not_picked":["BootSequence","Beam Cell"],"picked":"Hologram","floor":4},{"not_picked":["Turbo","Chill"],"picked":"FTL","floor":7},{"not_picked":["Streamline","Compile Driver"],"picked":"White Noise","floor":8},{"not_picked":["White Noise","Fusion"],"picked":"Biased Cognition","floor":10},{"not_picked":["Barrage","Beam Cell"],"picked":"Conserve Battery","floor":11},{"not_picked":["Scrape","Loop"],"picked":"Rip and Tear","floor":13},{"not_picked":["Coolheaded","Tempest"],"picked":"Lockon","floor":14},{"not_picked":["Biased Cognition","Core Surge"],"picked":"Hyperbeam","floor":16},{"not_picked":["Conserve Battery","Compile Driver"],"picked":"Sweeping Beam+1","floor":18},{"not_picked":["Steam","Go for the Eyes"],"picked":"Darkness","floor":19},{"not_picked":["Lockon","Beam Cell"],"picked":"Sunder","floor":22},{"not_picked":["Conserve Battery","Compile Driver"],"picked":"Defragment","floor":23},{"not_picked":["Sweeping Beam","Compile Driver"],"picked":"Streamline+1","floor":24},{"not_picked":["Stack","Cold Snap+1"],"picked":"Hyperbeam+1","floor":25}],"player_experience":229615,"relics_obtained":[{"floor":7,"key":"Matryoshka"},{"floor":9,"key":"Letter Opener"},{"floor":9,"key":"Kunai"},{"floor":11,"key":"DataDisk"},{"floor":19,"key":"Red Mask"},{"floor":23,"key":"Toy Ornithopter"},{"floor":25,"key":"Molten Egg 2"},{"floor":26,"key":"Regal Pillow"}],"event_choices":[{"damage_healed":0,"gold_gain":75,"player_choice":"Touch","damage_taken":8,"max_hp_gain":0,"max_hp_loss":0,"event_name":"FaceTrader","floor":2,"gold_loss":0},{"damage_healed":0,"gold_gain":0,"player_choice":"Ignored","damage_taken":0,"max_hp_gain":0,"max_hp_loss":0,"event_name":"Golden Wing","floor":5,"gold_loss":0},{"damage_healed":0,"gold_gain":0,"player_choice":"Fought Bandits","damage_taken":0,"max_hp_gain":0,"max_hp_loss":0,"event_name":"Masked Bandits","floor":19,"gold_loss":0},{"damage_healed":0,"gold_gain":0,"player_choice":"Shed Blood","damage_taken":21,"max_hp_gain":5,"max_hp_loss":0,"event_name":"Forgotten Altar","floor":20,"gold_loss":0},{"damage_healed":0,"gold_gain":0,"player_choice":"Opened","damage_taken":0,"relics_obtained":["Strawberry"],"max_hp_gain":0,"max_hp_loss":0,"event_name":"The Mausoleum","floor":21,"gold_loss":0,"cards_obtained":["Writhe"]}],"is_beta":false,"boss_relics":[{"not_picked":["Astrolabe","Runic Dome"],"picked":"Cursed Key"}],"items_purged_floors":[],"is_endless":false,"potions_floor_spawned":[3,4,10,11,18,22,23,24],"killed_by":"Shelled Parasite and Fungi","ascension_level":2}}