{"host":"kaame4qwxxqnygv7","time":1614272068,"event":{"mods":["AchievementEnabler","BaseMod","Better Match","Better Skull","Better Third Choice","BetterRewards","Block Reminder","Bossed Relics","DeckTracker","Energized Spire","GungeonMod","Minty Spire (QoL Compilation)","Quick Restart","Red Circlet Mod","StSLib","SuperFastMode","The Blue Laboratory"],"gold_per_floor":[117,392,405,405,421,456,456,469,494,505,505,505,519,73,73,178,178,198,210,210,485,126,159,159,194,194,194,207,223,234,253,269,269,269,364,364,382,399,413,413,393,393,427,444,444,457,490,66,84,84,84,84,84,84,11,38,38,38],"floor_reached":57,"language":"KOR","playtime":1912,"items_purged":["Regret","Regret","Strike_R"],"score":816,"play_id":"8884be05-a192-4c4b-b583-ba82880bf9be","local_time":"20210226015428","is_ascension_mode":true,"campfire_choices":[{"data":"Apotheosis","floor":7.0,"key":"SMITH"},{"floor":12.0,"key":"REST"},{"floor":15.0,"key":"REST"},{"data":"Anger","floor":24.0,"key":"SMITH"},{"floor":27.0,"key":"RECALL"},{"data":"Fiend Fire","floor":33.0,"key":"SMITH"},{"data":"Anger","floor":42.0,"key":"SMITH"},{"data":"Sever Soul","floor":51,"key":"SMITH"},{"floor":54,"key":"REST"}],"circlet_count":0,"master_deck":["Strike_R","Strike_R","Defend_R","Defend_R","Defend_R","Defend_R","Bash","Apotheosis+1","Thunderclap","Anger+1","Fiend Fire+1","Impervious+1","Seeing Red+1","Feed","Anger+1","Burning Pact+1","Sever Soul+1","Injury","True Grit+1","Shame","True Grit+1"],"relics":["Burning Blood","DemoMod:AgedBell","Calipers","DemoMod:Metronome","Toxic Egg 2","Magic Flower","Bag of Preparation","DemoMod:Bottle","Mark of Pain","Mercury Hourglass","DemoMod:MemoryAlloy","Charon\u0027s Ashes","DemoMod:RatBoots","DemoMod:ResourcefulSack","DemoMod:PartiallyEatenCheese","Empty Cage","Cursed Key","Oddly Smooth Stone","Akabeko","Torii","Pen Nib","Shuriken"],"acts_visited":["Exordium","TheCity","DemoMod:Maze","TheBeyond","TheEnding"],"potions_floor_usage":[52,52,57,57,57],"damage_taken":[{"damage":4.0,"enemies":"Jaw Worm","floor":1.0,"turns":4.0},{"damage":3.0,"enemies":"Cultist","floor":3.0,"turns":4.0},{"damage":13.0,"enemies":"2 Louse","floor":5.0,"turns":3.0},{"damage":19.0,"enemies":"Lagavulin","floor":6.0,"turns":7.0},{"damage":18.0,"enemies":"Exordium Wildlife","floor":8.0,"turns":5.0},{"damage":12.0,"enemies":"Lots of Slimes","floor":10.0,"turns":3.0},{"damage":7.0,"enemies":"3 Louse","floor":13.0,"turns":2.0},{"damage":31.0,"enemies":"Slime Boss","floor":16.0,"turns":8.0},{"damage":4.0,"enemies":"Chosen","floor":18.0,"turns":4.0},{"damage":11.0,"enemies":"3 Byrds","floor":19.0,"turns":4.0},{"damage":26.0,"enemies":"Gremlin Leader","floor":23.0,"turns":7.0},{"damage":36.0,"enemies":"Book of Stabbing","floor":25.0,"turns":5.0},{"damage":10.0,"enemies":"DemoMod:Veteran_shot_gun_kin_and_bullet_kin","floor":28.0,"turns":1.0},{"damage":0.0,"enemies":"DemoMod:2_Veteran_bullet_kins_and_red_shotgun_kin","floor":29.0,"turns":2.0},{"damage":12.0,"enemies":"DemoMod:Red_and_blue_shotgun_kin_with_gunsinger","floor":30.0,"turns":1.0},{"damage":0.0,"enemies":"DemoMod:Veteran_shot_gun_kin_and_blue_shotgun_kin_with_gunsinger","floor":31.0,"turns":2.0},{"damage":0.0,"enemies":"DemoMod:Veteran_shot_gun_kin_and_red_shotgun_kin_with_gunsinger","floor":32.0,"turns":2.0},{"damage":43.0,"enemies":"DemoMod:ResourcefulRat","floor":34.0,"turns":12.0},{"damage":85.0,"enemies":"DemoMod:ResourcefulRat","floor":35.0,"turns":12.0},{"damage":0.0,"enemies":"3 Shapes","floor":37.0,"turns":3.0},{"damage":11.0,"enemies":"3 Darklings","floor":38.0,"turns":5.0},{"damage":0.0,"enemies":"Jaw Worm Horde","floor":39.0,"turns":3.0},{"damage":0.0,"enemies":"Giant Head","floor":43.0,"turns":1.0},{"damage":17.0,"enemies":"Maw","floor":44.0,"turns":8.0},{"damage":20.0,"enemies":"Sphere and 2 Shapes","floor":46.0,"turns":4.0},{"damage":21,"enemies":"Nemesis","floor":47,"turns":5},{"damage":0,"enemies":"4 Shapes","floor":49,"turns":3},{"damage":102,"enemies":"Awakened One","floor":52,"turns":13},{"damage":0,"enemies":"Shield and Spear","floor":56,"turns":3},{"damage":161,"enemies":"The Heart","floor":57,"turns":9}],"seed_played":"-451087173908776323","potions_obtained":[{"floor":5.0,"key":"blueLaboratory:CorrosionFlask"},{"floor":8.0,"key":"SpeedPotion"},{"floor":13.0,"key":"blueLaboratory:FruitPunch"},{"floor":18.0,"key":"Dexterity Potion"},{"floor":23.0,"key":"FearPotion"},{"floor":30.0,"key":"blueLaboratory:BubblePotion"},{"floor":39.0,"key":"blueLaboratory:SmithPotion"},{"floor":41.0,"key":"blueLaboratory:TrueEctoplasm"},{"floor":46.0,"key":"Explosive Potion"},{"floor":49,"key":"Block Potion"},{"floor":56,"key":"blueLaboratory:HummingbirdPotion"}],"is_trial":false,"path_per_floor":["M","?","M","T","M","E","R","M","T","M","?","R","M","$","R","B",null,"M","M","?","?","$","E","R","E","T","R","M","M","M","M","M","R","B","B",null,"M","M","M","?","?","R","E","M","T","M","E","$","M","T","R","B",null,"R","$","E","B"],"character_chosen":"IRONCLAD","items_purchased":["Apotheosis","DemoMod:Metronome","DemoMod:GnawedKey","DemoMod:Bottle","Mercury Hourglass","Torii","Ancient Potion"],"campfire_rested":3,"item_purchase_floors":[0,0,14,14,22,48,55],"current_hp_per_floor":[46,46,49,49,42,29,29,20,20,17,17,41,43,43,67,48,74,82,82,66,66,66,59,59,32,73,73,72,81,78,87,87,87,62,36,74,89,93,95,90,90,90,90,82,82,71,69,69,86,86,86,54,81,90,90,90,0,0],"gold":38,"neow_bonus":"","is_daily":false,"chose_seed":false,"campfire_upgraded":5,"win_rate":0.0,"timestamp":1614272068,"path_taken":["M","?","?","?","M","E","R","M","T","M","?","R","M","?","R","BOSS","M","?","?","?","$","E","R","E","T","R","M","M","M","M","M","R","BOSS","BOSS","M","M","?","?","?","R","E","M","T","M","E","$","?","?","R","BOSS","R","$","E","BOSS"],"items_purchased_type":["Card","Relic","Relic","Relic","Relic","Relic","Potion"],"build_version":"2020-12-22","purchased_purges":3,"victory":false,"max_hp_per_floor":[80,80,80,80,80,80,80,80,80,80,80,80,80,80,80,82,82,82,82,87,87,87,87,87,87,87,87,87,87,87,87,87,87,87,87,87,91,95,95,90,90,90,90,90,90,90,90,90,90,90,90,90,90,90,90,90,90,90],"card_choices":[{"not_picked":["Headbutt","Clash","DemoMod:WhiteBlade"],"picked":"SKIP","floor":1.0},{"not_picked":["Combust","Pommel Strike"],"picked":"Thunderclap","floor":3.0},{"not_picked":["Pummel","Intimidate+1"],"picked":"Anger","floor":5.0},{"not_picked":["Searing Blow","Pummel","Armaments+1"],"picked":"SKIP","floor":6.0},{"not_picked":["Armaments+1","Perfected Strike"],"picked":"Fiend Fire","floor":8.0},{"not_picked":["Perfected Strike","Cleave","Wild Strike"],"picked":"SKIP","floor":10.0},{"not_picked":["DemoMod:WhiteBlade","Cleave","Intimidate+1"],"picked":"SKIP","floor":13.0},{"not_picked":["Immolate","Bludgeon"],"picked":"Impervious+1","floor":16.0},{"not_picked":["Battle Trance+1","Heavy Blade","Thunderclap+1"],"picked":"SKIP","floor":18.0},{"not_picked":["Clash","Flex+1","Perfected Strike"],"picked":"SKIP","floor":19.0},{"not_picked":["Rupture","Uppercut","Twin Strike"],"picked":"SKIP","floor":23.0},{"not_picked":["Thunderclap","Demon Form"],"picked":"Seeing Red+1","floor":25.0},{"not_picked":["Flex+1","Clash+1","Warcry+1"],"picked":"SKIP","floor":28.0},{"not_picked":["Armaments+1","DemoMod:BlackBlade+1","Warcry+1"],"picked":"SKIP","floor":29.0},{"not_picked":["Wild Strike+1","Flex+1","DemoMod:WhiteBlade"],"picked":"SKIP","floor":30.0},{"not_picked":["Power Through+1","Reckless Charge","Metallicize+1"],"picked":"SKIP","floor":31.0},{"not_picked":["Warcry+1","Juggernaut","Shockwave+1"],"picked":"SKIP","floor":32.0},{"not_picked":["Double Tap+1","Barricade"],"picked":"Feed","floor":35.0},{"not_picked":["Dropkick","Whirlwind","Iron Wave"],"picked":"SKIP","floor":37.0},{"not_picked":["Headbutt+1","Perfected Strike+1","Pommel Strike"],"picked":"SKIP","floor":38.0},{"not_picked":["True Grit+1","DemoMod:WhiteBlade"],"picked":"Anger","floor":39.0},{"not_picked":["True Grit+1","Thunderclap"],"picked":"Burning Pact+1","floor":43.0},{"not_picked":["Body Slam+1","Clash"],"picked":"Sever Soul","floor":44.0},{"not_picked":["Uppercut+1","Twin Strike+1","Blood for Blood"],"picked":"SKIP","floor":46.0},{"not_picked":["Seeing Red+1","Anger","Carnage+1"],"picked":"SKIP","floor":47},{"not_picked":["Perfected Strike","Warcry+1"],"picked":"True Grit+1","floor":49},{"not_picked":["Sever Soul","DemoMod:WhiteBlade+1"],"picked":"True Grit+1","floor":56}],"player_experience":349928,"relics_obtained":[{"floor":4.0,"key":"Toxic Egg 2"},{"floor":6.0,"key":"Magic Flower"},{"floor":9.0,"key":"Bag of Preparation"},{"floor":23.0,"key":"DemoMod:MemoryAlloy"},{"floor":25.0,"key":"Charon\u0027s Ashes"},{"floor":36.0,"key":"DemoMod:RatBoots"},{"floor":36.0,"key":"DemoMod:ResourcefulSack"},{"floor":36.0,"key":"DemoMod:PartiallyEatenCheese"},{"floor":36.0,"key":"Empty Cage"},{"floor":36.0,"key":"Cursed Key"},{"floor":43.0,"key":"Oddly Smooth Stone"},{"floor":47,"key":"Akabeko"},{"floor":50,"key":"Pen Nib"},{"floor":56,"key":"Shuriken"}],"event_choices":[{"damage_healed":0.0,"max_hp_gain":0.0,"max_hp_loss":0.0,"gold_gain":275.0,"event_name":"Golden Shrine","player_choice":"Desecrate","floor":2.0,"gold_loss":0.0,"damage_taken":0.0,"cards_obtained":["Regret"]},{"damage_healed":0.0,"max_hp_gain":0.0,"max_hp_loss":0.0,"gold_gain":0.0,"event_name":"betterThird:BetterScrap","player_choice":"LEAVE","floor":11.0,"gold_loss":0.0,"damage_taken":0.0,"cards_obtained":["TalkToTheHand"]},{"damage_healed":0.0,"max_hp_gain":5.0,"max_hp_loss":0.0,"gold_gain":0.0,"event_name":"Forgotten Altar","player_choice":"Shed Blood","floor":20.0,"gold_loss":0.0,"damage_taken":21.0},{"damage_healed":0.0,"max_hp_gain":0.0,"max_hp_loss":0.0,"gold_gain":275.0,"event_name":"Golden Shrine","player_choice":"Desecrate","floor":21.0,"gold_loss":0.0,"damage_taken":0.0,"cards_obtained":["Regret"]},{"damage_healed":0.0,"max_hp_gain":0.0,"max_hp_loss":5.0,"gold_gain":0.0,"event_name":"Winding Halls","player_choice":"Max HP","floor":40.0,"gold_loss":0.0,"damage_taken":0.0},{"damage_healed":0.0,"max_hp_gain":0.0,"max_hp_loss":0.0,"gold_gain":0.0,"event_name":"The Woman in Blue","player_choice":"Bought 1 Potion","floor":41.0,"gold_loss":0.0,"damage_taken":0.0}],"is_beta":false,"boss_relics":[{"not_picked":["Tiny House","energizedSpire:OgreHead"],"picked":"Mark of Pain"},{"not_picked":[]}],"items_purged_floors":[14,22,48],"is_endless":false,"potions_floor_spawned":[5,8,13,18,23,30,31,34,39,43,46,49,56],"killed_by":"The Heart","ascension_level":5}}