{"host":"6lme9gmrtv3g6npf","time":1614220000,"event":{"mods":["BaseMod","Better Third Choice","Minty Spire (QoL Compilation)","Rare Cards Sparkle","StSLib","The Bug Knight","egg","thorton"],"gold_per_floor":[113,113,113,113,133,133,23,46,69,98,126,126,175,188,188,193,193,193],"floor_reached":16,"language":"ENG","playtime":921,"items_purged":["Normality"],"score":102,"play_id":"951d7b18-c662-4d8d-bd19-4e28e005a406","local_time":"20210224232640","is_ascension_mode":false,"campfire_choices":[{"data":"thethorton:Heckle","floor":6,"key":"SMITH"},{"floor":12,"key":"REST"},{"floor":15,"key":"REST"}],"circlet_count":0,"master_deck":["thethorton:Strike","thethorton:Strike","thethorton:Strike","thethorton:Strike","thethorton:Defend","thethorton:Defend","thethorton:Defend","thethorton:Defend","thethorton:Heckle+1","thethorton:CreditCard","thethorton:FocusStrength","thethorton:BusinessCard","thethorton:PowerUp","thethorton:ShoutAndRun"],"relics":["thethorton:CouragePotion","NeowsBlessing","Lantern","Golden Idol","Oddly Smooth Stone","Darkstone Periapt"],"acts_visited":["Exordium"],"potions_floor_usage":[14],"damage_taken":[{"damage":0,"enemies":"Small Slimes","floor":1,"turns":1},{"damage":0,"enemies":"2 Louse","floor":5,"turns":2},{"damage":0,"enemies":"Cultist","floor":8,"turns":1},{"damage":12,"enemies":"Red Slaver","floor":10,"turns":6},{"damage":16,"enemies":"Lots of Slimes","floor":11,"turns":8},{"damage":42,"enemies":"3 Sentries","floor":13,"turns":10},{"damage":0,"enemies":"Exordium Thugs","floor":14,"turns":4},{"damage":30,"enemies":"Hexaghost","floor":16,"turns":9}],"seed_played":"-3460789391064526699","potions_obtained":[{"floor":5,"key":"SpeedPotion"},{"floor":10,"key":"PowerPotion"},{"floor":11,"key":"PowerPotion"},{"floor":14,"key":"SneckoOil"}],"is_trial":false,"path_per_floor":["M","?","?","?","M","R","$","M","T","M","M","R","E","M","R","B"],"character_chosen":"THE_THORT","items_purchased":["thethorton:PowerUp"],"campfire_rested":2,"item_purchase_floors":[7],"current_hp_per_floor":[68,65,63,63,63,63,63,63,63,51,35,53,11,11,29,0,0,0],"gold":193,"neow_bonus":"THREE_ENEMY_KILL","is_daily":false,"chose_seed":false,"campfire_upgraded":1,"win_rate":0.0,"timestamp":1614220000,"path_taken":["M","?","?","?","?","R","?","M","T","M","?","R","E","M","R","BOSS"],"items_purchased_type":["Card"],"build_version":"2020-12-22","purchased_purges":1,"victory":false,"max_hp_per_floor":[68,68,63,63,63,63,63,63,63,63,63,63,63,63,63,63,63,63],"card_choices":[{"not_picked":["thethorton:TakeAccounts","thethorton:BoardroomBlast"],"picked":"thethorton:FocusStrength","floor":1},{"not_picked":["thethorton:CashBash","thethorton:SicklyRun"],"picked":"thethorton:BusinessCard","floor":5},{"not_picked":["thethorton:DoubleRun","thethorton:TakeAccounts"],"picked":"thethorton:ShoutAndRun","floor":8},{"not_picked":["thethorton:StumblingSlap","thethorton:CashBash","thethorton:AngerMoment"],"picked":"SKIP","floor":10},{"not_picked":["thethorton:StumblingSlap","thethorton:ChartProject","thethorton:RunningKick"],"picked":"SKIP","floor":11},{"not_picked":["thethorton:ElbowSmash","thethorton:WhirlingBriefcase","thethorton:DownPayment"],"picked":"SKIP","floor":13},{"not_picked":["thethorton:ElbowSmash","thethorton:Distance","thethorton:YoureFired"],"picked":"SKIP","floor":14}],"player_experience":171234,"relics_obtained":[{"floor":9,"key":"Oddly Smooth Stone"},{"floor":13,"key":"Darkstone Periapt"}],"event_choices":[{"damage_healed":0,"gold_gain":0,"player_choice":"Relic ","damage_taken":3,"max_hp_gain":0,"max_hp_loss":0,"event_name":"betterThird:BetterScrap","floor":2,"gold_loss":0,"cards_obtained":["WreathOfFlame"]},{"damage_healed":0,"gold_gain":0,"player_choice":"Lose Max HP","damage_taken":0,"relics_obtained":["Golden Idol"],"max_hp_gain":0,"max_hp_loss":5,"event_name":"Golden Idol","floor":3,"gold_loss":0},{"damage_healed":0,"gold_gain":0,"player_choice":"0 cards matched","damage_taken":0,"max_hp_gain":0,"max_hp_loss":0,"event_name":"Match and Keep!","floor":4,"gold_loss":0,"cards_obtained":[]}],"is_beta":false,"boss_relics":[],"items_purged_floors":[7],"is_endless":false,"potions_floor_spawned":[5,10,11,14],"killed_by":"Hexaghost","ascension_level":0}}