{"host":"dr8zw64a6ikw4f73","time":1614230498,"event":{"mods":["AchievementEnabler","BaseMod","Colored Map","DeckTracker","Minty Spire (QoL Compilation)","StSLib","SuperFastMode"],"gold_per_floor":[217,237,250,30,49,49,65,97,97,110,128,139,152,167,167,266,266,285,40,60,80,94,94,94],"floor_reached":23,"language":"KOR","playtime":1517,"items_purged":["Strike_R"],"score":350,"play_id":"c376bf37-c699-45ef-9753-da3a535439ab","local_time":"20210225142138","is_ascension_mode":true,"campfire_choices":[{"data":"Inflame","floor":6.0,"key":"SMITH"},{"floor":15.0,"key":"REST"}],"circlet_count":0,"master_deck":["AscendersBane","Strike_R","Strike_R","Strike_R","Strike_R","Defend_R","Defend_R","Defend_R","Defend_R","Bash","Inflame+1","Spot Weakness","Shrug It Off","Thunderclap","Barricade","Flex","Pommel Strike","Twin Strike","Rage","Exhume","Feed","Shrug It Off","Whirlwind+1","True Grit","Flex"],"relics":["Black Blood","Vajra","Strawberry","Regal Pillow","Paper Frog"],"acts_visited":["Exordium","TheCity"],"potions_floor_usage":[23],"damage_taken":[{"damage":11.0,"enemies":"Cultist","floor":1.0,"turns":4.0},{"damage":13.0,"enemies":"Small Slimes","floor":2.0,"turns":4.0},{"damage":0.0,"enemies":"2 Louse","floor":3.0,"turns":3.0},{"damage":7.0,"enemies":"Looter","floor":5.0,"turns":4.0},{"damage":13.0,"enemies":"Large Slime","floor":7.0,"turns":5.0},{"damage":15.0,"enemies":"3 Sentries","floor":8.0,"turns":4.0},{"damage":0.0,"enemies":"Exordium Wildlife","floor":10.0,"turns":4.0},{"damage":10.0,"enemies":"3 Louse","floor":11.0,"turns":3.0},{"damage":25.0,"enemies":"Exordium Thugs","floor":12.0,"turns":4.0},{"damage":5.0,"enemies":"Red Slaver","floor":13.0,"turns":3.0},{"damage":7.0,"enemies":"Exordium Wildlife","floor":14.0,"turns":4.0},{"damage":60.0,"enemies":"Slime Boss","floor":16.0,"turns":10.0},{"damage":33.0,"enemies":"2 Thieves","floor":18.0,"turns":4.0},{"damage":41.0,"enemies":"Shell Parasite","floor":20.0,"turns":6.0},{"damage":31,"enemies":"3 Cultists","floor":21,"turns":6},{"damage":22,"enemies":"Chosen and Byrds","floor":22,"turns":4},{"damage":22,"enemies":"Gremlin Leader","floor":23,"turns":3}],"seed_played":"7134473563955132148","potions_obtained":[{"floor":2.0,"key":"Explosive Potion"},{"floor":3.0,"key":"PowerPotion"},{"floor":8.0,"key":"Fruit Juice"},{"floor":11.0,"key":"AttackPotion"},{"floor":12.0,"key":"ElixirPotion"},{"floor":13.0,"key":"Weak Potion"},{"floor":18.0,"key":"BloodPotion"}],"is_trial":false,"path_per_floor":["M","M","M","$","M","R","M","E","T","M","M","M","M","M","R","B",null,"M","$","M","M","M","E"],"character_chosen":"IRONCLAD","items_purchased":["Vajra","Paper Frog"],"campfire_rested":1,"item_purchase_floors":[4,19],"current_hp_per_floor":[67,60,66,66,65,65,58,61,61,67,63,44,45,44,86,32,77,74,74,45,29,19,0,0],"gold":94,"neow_bonus":"HUNDRED_GOLD","is_daily":false,"chose_seed":false,"campfire_upgraded":1,"win_rate":0.0,"timestamp":1614230498,"path_taken":["M","M","M","$","M","R","M","E","T","M","M","M","M","M","R","BOSS","M","$","M","M","M","E"],"items_purchased_type":["Relic","Relic"],"build_version":"2020-12-22","purchased_purges":1,"victory":false,"max_hp_per_floor":[80,80,80,80,80,80,80,92,92,92,92,92,92,92,92,92,92,92,92,92,95,95,95,95],"card_choices":[{"not_picked":["Thunderclap","Twin Strike"],"picked":"Inflame","floor":1.0},{"not_picked":["Wild Strike","Twin Strike"],"picked":"Spot Weakness","floor":2.0},{"not_picked":["Warcry","Cleave"],"picked":"Shrug It Off","floor":3.0},{"not_picked":["Carnage","Shrug It Off"],"picked":"Thunderclap","floor":5.0},{"not_picked":["Intimidate","Carnage"],"picked":"Barricade","floor":7.0},{"not_picked":["Perfected Strike","Wild Strike"],"picked":"Flex","floor":8.0},{"not_picked":["Perfected Strike","Armaments"],"picked":"Pommel Strike","floor":10.0},{"not_picked":["Thunderclap","Wild Strike","Armaments"],"picked":"SKIP","floor":11.0},{"not_picked":["Anger","Pommel Strike"],"picked":"Twin Strike","floor":12.0},{"not_picked":["Thunderclap","Armaments"],"picked":"Rage","floor":13.0},{"not_picked":["Metallicize","Clothesline"],"picked":"Exhume","floor":14.0},{"not_picked":["Impervious","Immolate"],"picked":"Feed","floor":16.0},{"not_picked":["Combust","Carnage"],"picked":"Shrug It Off","floor":18.0},{"not_picked":["Flame Barrier","Warcry"],"picked":"Whirlwind+1","floor":20.0},{"not_picked":["Anger","Wild Strike"],"picked":"True Grit","floor":21},{"not_picked":["Iron Wave","Havoc"],"picked":"Flex","floor":22}],"player_experience":133544,"relics_obtained":[{"floor":8.0,"key":"Strawberry"},{"floor":9.0,"key":"Regal Pillow"}],"event_choices":[],"is_beta":false,"boss_relics":[{"not_picked":["Fusion Hammer","Velvet Choker"],"picked":"Black Blood"}],"items_purged_floors":[4],"is_endless":false,"potions_floor_spawned":[2,3,8,11,12,13,18],"killed_by":"Gremlin Leader","ascension_level":12}}