{"host":"e5vsl4ezcfxwu44d","time":1614295363,"event":{"mods":["BaseMod","Colored Powertips","Downfall","Highlight Path","Minty Spire (QoL Compilation)","StSLib","Unceasing Turn Reminder"],"gold_per_floor":[99,99,99,9,9,19,19,50,64,64,64,64],"floor_reached":10,"language":"ENG","playtime":922,"items_purged":["Guardian:Strike_Guardian"],"score":64,"play_id":"0e79841f-fee3-44f8-b479-860cea914e67","local_time":"20210225162243","is_ascension_mode":false,"campfire_choices":[{"floor":1,"key":"RECALL"}],"circlet_count":0,"master_deck":["Guardian:Strike_Guardian","Guardian:Strike_Guardian","Guardian:Strike_Guardian","Guardian:Defend_Guardian","Guardian:Defend_Guardian","Guardian:Defend_Guardian","Guardian:Defend_Guardian","Guardian:CurlUp","Guardian:TwinSlam","Guardian:Gem_Orange","Guardian:WalkerClaw+1","Guardian:Gem_Yellow","Guardian:Recover","Guardian:FastForward","Guardian:PiercingHide"],"relics":["Guardian:ModeShifter","Kunai","Bag of Marbles"],"acts_visited":["Exordium"],"potions_floor_usage":[10],"damage_taken":[{"damage":0,"enemies":"Cultist","floor":3,"turns":1},{"damage":0,"enemies":"downfall:FleeingMerchant","floor":4,"turns":4},{"damage":6,"enemies":"Jaw Worm","floor":6,"turns":4},{"damage":27,"enemies":"Gremlin Nob","floor":8,"turns":6},{"damage":7,"enemies":"2 Louse","floor":9,"turns":2},{"damage":41,"enemies":"Lagavulin","floor":10,"turns":10}],"seed_played":"6184685867954844118","potions_obtained":[{"floor":6,"key":"SkillPotion"},{"floor":8,"key":"Swift Potion"}],"is_trial":false,"path_per_floor":["R","?","M","$","?","M","T","E","M","E"],"character_chosen":"GUARDIAN","items_purchased":[],"campfire_rested":0,"item_purchase_floors":[],"current_hp_per_floor":[72,72,72,72,72,66,66,39,32,0,0,0],"gold":64,"neow_bonus":"THREE_RARE_CARDS","is_daily":false,"chose_seed":false,"campfire_upgraded":0,"win_rate":0.0,"timestamp":1614295363,"path_taken":["R","?","M","$","?","M","T","E","?","E"],"items_purchased_type":[],"build_version":"2020-12-22","purchased_purges":1,"victory":false,"max_hp_per_floor":[72,72,72,72,72,72,72,72,72,72,72,72],"card_choices":[{"not_picked":["Guardian:Gem_Synthetic","Guardian:TimeSifter"],"picked":"Guardian:Gem_Orange","floor":0},{"not_picked":["Guardian:ArmoredProtocol","Guardian:Suspension"],"picked":"Guardian:WalkerClaw","floor":3},{"not_picked":["Guardian:VentSteam","Guardian:Gem_Blue"],"picked":"Guardian:Gem_Yellow","floor":4},{"not_picked":["Guardian:TemporalShield","Guardian:Gem_Cyan"],"picked":"Guardian:Recover","floor":6},{"not_picked":["Guardian:ShieldSpikes","Guardian:RefractedBeam"],"picked":"Guardian:FastForward","floor":8},{"not_picked":["Guardian:Incinerate","Guardian:Gem_Cyan"],"picked":"Guardian:PiercingHide","floor":9}],"player_experience":253905,"relics_obtained":[{"floor":7,"key":"Kunai"},{"floor":8,"key":"Bag of Marbles"}],"event_choices":[],"is_beta":false,"boss_relics":[],"items_purged_floors":[4],"is_endless":false,"potions_floor_spawned":[6,8],"killed_by":"Lagavulin","ascension_level":0}}