{"host":"zuf44wbx6j0c4h1p","time":1614227017,"event":{"mods":["2.2 Compatiblity","Aspiration","BaseMod","Better Altar","Better Match","Better Note","Better Sensory Stone","Better Skull","Better Third Choice","Better Vampires","BetterRewards","Bossed Relics","Conspire","Infinite Spire","Minty Spire (QoL Compilation)","Replay The Spire","SCP261 Mod","Shapeshifter Mod","Shop Mod","Small Relic Pack","Spicy Shops","Spire Arcade","StSLib","The Animator","The Dragon Tamer","The Hierophant","TheBandit","Uncapped","Wandering Minibosses","thorton"],"gold_per_floor":[113,113,113,138,152,152,152],"floor_reached":6,"language":"ENG","playtime":436,"items_purged":[],"score":40,"play_id":"6a82d8ac-5ebc-4bbf-839d-eaa276c3d681","local_time":"20210224222337","is_ascension_mode":true,"campfire_choices":[],"circlet_count":0,"master_deck":["animator:Strike_Katanagatari","animator:Defend_Katanagatari","animator:Strike","animator:Strike","animator:Strike","animator:Defend","animator:Defend","animator:Defend","animator:Azekura","animator:Emonzaemon","animator:Yoichi","animator:Sebas","animator:Witch"],"relics":["animator:LivingPicture","animator:TheMissingPiece","animator:PurgingStone","NeowsBlessing","Golden Idol"],"acts_visited":["Exordium"],"potions_floor_usage":[],"damage_taken":[{"damage":0,"enemies":"2 Louse","floor":1,"turns":1},{"damage":0,"enemies":"Small Slimes","floor":4,"turns":1},{"damage":0,"enemies":"Jaw Worm","floor":5,"turns":1},{"damage":40,"enemies":"Lagavulin","floor":6,"turns":6}],"seed_played":"-1880923434778619095","potions_obtained":[{"floor":4,"key":"LiquidBronze"}],"is_trial":false,"path_per_floor":["M","?","?","M","M","E"],"character_chosen":"THE_ANIMATOR","items_purchased":[],"campfire_rested":0,"item_purchase_floors":[],"current_hp_per_floor":[66,66,50,50,50,10,10],"gold":152,"neow_bonus":"THREE_ENEMY_KILL","is_daily":false,"chose_seed":false,"campfire_upgraded":0,"win_rate":0.0,"timestamp":1614227017,"path_taken":["M","?","?","M","M","E"],"items_purchased_type":[],"build_version":"2020-12-22","purchased_purges":0,"victory":false,"max_hp_per_floor":[66,66,66,66,66,66,66],"card_choices":[{"not_picked":["animator:Azekura","animator:Kuribayashi"],"picked":"animator:Yoichi","floor":1},{"not_picked":["animator:Hitei","animator:Laby"],"picked":"animator:Sebas","floor":4},{"not_picked":["animator:NarberalGamma","animator:Konayuki"],"picked":"animator:Witch","floor":5}],"player_experience":183638,"relics_obtained":[],"event_choices":[{"damage_healed":0,"gold_gain":0,"player_choice":"Leave","damage_taken":0,"max_hp_gain":0,"max_hp_loss":0,"event_name":"The Cleric","floor":2,"gold_loss":0},{"damage_healed":0,"gold_gain":0,"player_choice":"Take Damage","damage_taken":16,"relics_obtained":["Golden Idol"],"max_hp_gain":0,"max_hp_loss":0,"event_name":"Golden Idol","floor":3,"gold_loss":0}],"is_beta":false,"boss_relics":[],"items_purged_floors":[],"is_endless":false,"potions_floor_spawned":[4],"killed_by":"Lagavulin","ascension_level":2}}