{"host":"qfskrnw3pl1q86j0","time":1614275825,"event":{"mods":["BaseMod","Block Reminder","Hermit","Marisa????????","Minty Spire (QoL Compilation)","Quick Restart","Random Character Button","Relic Stats","StSLib","The Poker Player","slay the spire mod where everything is the same but ironclad has a cowboy hat"],"gold_per_floor":[117,44,55,65,81,81,114,114,182,182,182,199,211,243,243,340,340,357,456,82,95,108,108,124,154,154,168,200,200,214,214,214,313,313,330,73,88,103,119,119,148,148,148,148,148,23,23,56,56,56],"floor_reached":51,"language":"ENG","playtime":1674,"items_purged":["Strike_P","Strike_P","Wraith"],"score":907,"play_id":"a6670c18-dfff-420c-9e3b-c57b264bc867","local_time":"20210225185705","is_ascension_mode":false,"campfire_choices":[{"data":"Eruption","floor":6.0,"key":"SMITH"},{"data":"SashWhip","floor":8.0,"key":"SMITH"},{"data":"MentalFortress","floor":10.0,"key":"SMITH"},{"data":"MentalFortress","floor":15.0,"key":"SMITH"},{"data":"SandsOfTime","floor":23.0,"key":"SMITH"},{"data":"MentalFortress","floor":32.0,"key":"SMITH"},{"data":"Judgement","floor":40.0,"key":"SMITH"},{"data":"Wallop","floor":42.0,"key":"SMITH"},{"data":"Vigilance","floor":45,"key":"SMITH"},{"floor":49,"key":"REST"}],"circlet_count":0,"master_deck":["Strike_P","Defend_P","Defend_P","Defend_P","Defend_P+1","Eruption+1","Vigilance+1","SashWhip+1","Tantrum","SandsOfTime+1","MentalFortress+1","EmptyFist","EmptyBody","MentalFortress+1","Wallop+1","Judgement+1","CutThroughFate+1","Perseverance+1","ThirdEye+1","MentalFortress+1","Collect+1","DeceiveReality+1"],"relics":["HolyWater","TungstenRod","HornCleat","Bag of Marbles","Sozu","Bag of Preparation","Lantern","PreservedInsect","Ginger","Strawberry","War Paint","Boot","Blue Candle","Nunchaku"],"acts_visited":["Exordium","TheCity","TheBeyond"],"potions_floor_usage":[50,50],"damage_taken":[{"damage":1.0,"enemies":"Jaw Worm","floor":1.0,"turns":4.0},{"damage":0.0,"enemies":"2 Louse","floor":3.0,"turns":2.0},{"damage":0.0,"enemies":"Small Slimes","floor":4.0,"turns":2.0},{"damage":2.0,"enemies":"Blue Slaver","floor":5.0,"turns":3.0},{"damage":0.0,"enemies":"Lagavulin","floor":7.0,"turns":4.0},{"damage":13.0,"enemies":"Gremlin Gang","floor":12.0,"turns":4.0},{"damage":0.0,"enemies":"Exordium Wildlife","floor":13.0,"turns":3.0},{"damage":0.0,"enemies":"Gremlin Nob","floor":14.0,"turns":3.0},{"damage":0.0,"enemies":"Slime Boss","floor":16.0,"turns":5.0},{"damage":0.0,"enemies":"Shell Parasite","floor":18.0,"turns":3.0},{"damage":0.0,"enemies":"2 Thieves","floor":21.0,"turns":3.0},{"damage":1.0,"enemies":"Centurion and Healer","floor":22.0,"turns":3.0},{"damage":0.0,"enemies":"Chosen and Byrds","floor":24.0,"turns":2.0},{"damage":0.0,"enemies":"Book of Stabbing","floor":25.0,"turns":4.0},{"damage":2.0,"enemies":"Cultist and Chosen","floor":27.0,"turns":4.0},{"damage":1.0,"enemies":"Slavers","floor":28.0,"turns":3.0},{"damage":0.0,"enemies":"Snake Plant","floor":30.0,"turns":4.0},{"damage":8.0,"enemies":"Champ","floor":33.0,"turns":11.0},{"damage":0.0,"enemies":"3 Darklings","floor":35.0,"turns":7.0},{"damage":0.0,"enemies":"Orb Walker","floor":37.0,"turns":3.0},{"damage":0.0,"enemies":"Spire Growth","floor":38.0,"turns":4.0},{"damage":16.0,"enemies":"Writhing Mass","floor":39.0,"turns":5.0},{"damage":10.0,"enemies":"Reptomancer","floor":41.0,"turns":5.0},{"damage":0,"enemies":"Giant Head","floor":48,"turns":8},{"damage":64,"enemies":"Donu and Deca","floor":50,"turns":11}],"seed_played":"-4038751671089791772","potions_obtained":[{"floor":5.0,"key":"Fire Potion"},{"floor":7.0,"key":"SpeedPotion"},{"floor":12.0,"key":"Strength Potion"},{"floor":16.0,"key":"BottledMiracle"}],"is_trial":false,"path_per_floor":["M","$","M","M","M","R","E","R","T","R","?","M","M","E","R","B",null,"M","?","$","M","M","R","M","E","T","M","E","?","M","?","R","B",null,"M","$","M","M","M","R","E","R","T","?","R","$","?","E","R","B",null],"character_chosen":"WATCHER","items_purchased":["Tantrum","Bag of Preparation","Lantern","War Paint"],"campfire_rested":1,"item_purchase_floors":[2,20,20,36],"current_hp_per_floor":[71,71,71,71,69,69,69,69,69,69,74,61,61,61,61,61,77,77,77,77,77,76,76,76,76,76,74,80,80,80,80,80,72,84,84,84,84,84,68,68,58,58,58,58,58,58,58,58,80,16],"gold":56,"neow_bonus":"REMOVE_CARD","is_daily":false,"chose_seed":false,"campfire_upgraded":9,"win_rate":0.0,"timestamp":1614275825,"path_taken":["M","$","M","M","M","R","E","R","T","R","?","M","M","E","R","BOSS","M","?","$","M","M","R","M","E","T","M","E","?","M","?","R","BOSS","M","$","M","M","M","R","E","R","T","?","R","$","?","E","R","BOSS"],"items_purchased_type":["Card","Relic","Relic","Relic"],"build_version":"2020-12-22","purchased_purges":3,"victory":true,"max_hp_per_floor":[72,72,72,72,72,72,72,72,72,72,77,77,77,77,77,77,77,77,77,77,77,77,77,77,77,77,77,84,84,84,84,84,84,84,84,84,84,84,84,84,84,84,84,84,84,84,80,80,80,80],"relic_stats":{"Sozu":6,"Nunchaku":[2],"counters":[25,110],"Blue Candle":[0],"PreservedInsect":223,"Bag of Preparation":[30],"Ginger":[13],"War Paint":["Defend_P","ThirdEye"],"Boot":[13],"obtain_stats":[{"Lantern":20,"Blue Candle":43,"PreservedInsect":25,"Bag of Preparation":20,"Ginger":26,"War Paint":36,"Boot":41,"Sozu":17,"Nunchaku":48,"HornCleat":9,"Strawberry":28,"HolyWater":34,"Bag of Marbles":14,"PureWater":0,"TungstenRod":7},{"Lantern":10,"Blue Candle":23,"PreservedInsect":14,"Bag of Preparation":10,"Ginger":14,"War Paint":19,"Boot":23,"Sozu":9,"Nunchaku":24,"HornCleat":5,"Strawberry":16,"HolyWater":18,"Bag of Marbles":8,"PureWater":0,"TungstenRod":5},{"Lantern":33,"Blue Candle":91,"PreservedInsect":45,"Bag of Preparation":33,"Ginger":45,"War Paint":74,"Boot":91,"Sozu":30,"Nunchaku":99,"HornCleat":15,"Strawberry":52,"HolyWater":67,"Bag of Marbles":25,"PureWater":0,"TungstenRod":15}],"TungstenRod":13},"card_choices":[{"not_picked":["Protect","Pray"],"picked":"SashWhip","floor":1.0},{"not_picked":["ReachHeaven","Crescendo"],"picked":"SandsOfTime","floor":3.0},{"not_picked":["CarveReality","SashWhip"],"picked":"MentalFortress","floor":4.0},{"not_picked":["JustLucky","Worship"],"picked":"EmptyFist","floor":5.0},{"not_picked":["Consecrate","EmptyFist","FlyingSleeves"],"picked":"SKIP","floor":7.0},{"not_picked":["Weave","Meditate"],"picked":"EmptyBody","floor":12.0},{"not_picked":["Worship","ClearTheMind"],"picked":"MentalFortress","floor":13.0},{"not_picked":["WindmillStrike","Ragnarok"],"picked":"Wallop","floor":14.0},{"not_picked":["Wish","Brilliance"],"picked":"Judgement","floor":16.0},{"not_picked":["Consecrate","EmptyFist"],"picked":"CutThroughFate+1","floor":18.0},{"not_picked":["ClearTheMind","CarveReality","PathToVictory+1"],"picked":"SKIP","floor":21.0},{"not_picked":["ReachHeaven+1","Worship"],"picked":"Perseverance+1","floor":22.0},{"not_picked":["BowlingBash","FlyingSleeves"],"picked":"ThirdEye","floor":24.0},{"not_picked":["ClearTheMind","ForeignInfluence","Vengeance"],"picked":"SKIP","floor":25.0},{"not_picked":["SandsOfTime+1","InnerPeace+1","ClearTheMind"],"picked":"SKIP","floor":27.0},{"not_picked":["Vengeance","MasterReality","Consecrate"],"picked":"SKIP","floor":28.0},{"not_picked":["BowlingBash","CarveReality","EmptyBody+1"],"picked":"SKIP","floor":30.0},{"not_picked":["Tantrum","WindmillStrike","EmptyFist"],"picked":"SKIP","floor":35.0},{"not_picked":["Worship+1","WheelKick+1"],"picked":"Collect+1","floor":37.0},{"not_picked":["WaveOfTheHand","CrushJoints","BowlingBash+1"],"picked":"SKIP","floor":38.0},{"not_picked":["LikeWater","Vengeance+1"],"picked":"DeceiveReality+1","floor":39.0},{"not_picked":["SashWhip+1","ThirdEye+1","Protect+1"],"picked":"SKIP","floor":41.0},{"not_picked":["Blasphemy","Protect","Consecrate+1"],"picked":"SKIP","floor":48}],"player_experience":1117198,"relics_obtained":[{"floor":7.0,"key":"TungstenRod"},{"floor":9.0,"key":"HornCleat"},{"floor":14.0,"key":"Bag of Marbles"},{"floor":25.0,"key":"PreservedInsect"},{"floor":26.0,"key":"Ginger"},{"floor":28.0,"key":"Strawberry"},{"floor":41.0,"key":"Boot"},{"floor":43.0,"key":"Blue Candle"},{"floor":48,"key":"Nunchaku"}],"event_choices":[{"damage_healed":0.0,"max_hp_gain":5.0,"max_hp_loss":0.0,"gold_gain":0.0,"event_name":"Big Fish","player_choice":"Donut","floor":11.0,"gold_loss":0.0,"damage_taken":0.0},{"damage_healed":0.0,"max_hp_gain":0.0,"max_hp_loss":0.0,"gold_gain":99.0,"event_name":"Nest","player_choice":"Stole From Cult","floor":19.0,"gold_loss":0.0,"damage_taken":0.0},{"damage_healed":0.0,"max_hp_gain":0.0,"max_hp_loss":0.0,"gold_gain":0.0,"event_name":"The Library","player_choice":"Read","floor":29.0,"gold_loss":0.0,"damage_taken":0.0,"cards_obtained":["MentalFortress"]},{"damage_healed":0.0,"max_hp_gain":0.0,"max_hp_loss":0.0,"gold_gain":0.0,"event_name":"Vampires","player_choice":"Ignored","floor":31.0,"gold_loss":0.0,"damage_taken":0.0},{"damage_healed":0,"gold_gain":0,"player_choice":"Ignored","damage_taken":0,"max_hp_gain":0,"max_hp_loss":0,"event_name":"OrinTheCat","floor":44,"gold_loss":0},{"damage_healed":0,"gold_gain":0,"player_choice":"Max HP","damage_taken":0,"max_hp_gain":0,"max_hp_loss":4,"event_name":"Winding Halls","floor":47,"gold_loss":0}],"is_beta":false,"boss_relics":[{"not_picked":["Cursed Key","Empty Cage"],"picked":"Sozu"},{"not_picked":["Snecko Eye","Velvet Choker"],"picked":"HolyWater"}],"items_purged_floors":[20,36,46],"is_endless":false,"potions_floor_spawned":[5,7,12,16,21,22,24,33,37,39],"ascension_level":0}}