{"host":"ocllwaoi18j60ltd","time":1614264754,"event":{"mods":["BaseMod","DeckTracker","Minty Spire (QoL Compilation)","Permanent Neow","Quick Restart","StSLib","SuperFastMode"],"gold_per_floor":[117,137,137,148,161,161,190,190,190,201,376,120,120,139,139,235,235,235,235,160,160,160,160,60,60,60,60,60,60,60,60,60,60,60,60,60,60,60,60,60,60,60,60,60,60,60,60,0,0,0],"floor_reached":51,"language":"KOR","playtime":1350,"items_purged":["Doubt","Strike_B"],"score":795,"play_id":"c1bec9b0-1304-4c52-a32f-9d798ca28f45","local_time":"20210225235234","is_ascension_mode":false,"campfire_choices":[{"data":"Defragment","floor":6.0,"key":"SMITH"},{"data":"Dualcast","floor":8.0,"key":"SMITH"},{"data":"Loop","floor":13.0,"key":"SMITH"},{"data":"Leap","floor":15.0,"key":"SMITH"},{"data":"Coolheaded","floor":23.0,"key":"SMITH"},{"data":"Capacitor","floor":27.0,"key":"SMITH"},{"data":"Glacier","floor":32.0,"key":"SMITH"},{"floor":40,"key":"REST"},{"floor":46,"key":"REST"},{"floor":49,"key":"REST"}],"circlet_count":0,"master_deck":["Defend_B+1","Defend_B+1","Zap+1","Dualcast+1","Streamline","Defragment+1","Sweeping Beam","Loop+1","Coolheaded+1","Defragment+1","Leap+1","Ball Lightning+1","Core Surge","Capacitor+1","Steam+1","Coolheaded+1","Echo Form","Glacier+1","Electrodynamics","Buffer+1","White Noise+1","Doom and Gloom+1","Turbo+1","Force Field","Compile Driver+1"],"relics":["Cracked Core","Question Card","Shuriken","DollysMirror","Ectoplasm","Symbiotic Virus","War Paint","Astrolabe","Blood Vial","StrikeDummy","Ice Cream","Red Mask"],"acts_visited":["Exordium","TheCity","TheBeyond"],"potions_floor_usage":[39,45,45],"damage_taken":[{"damage":2.0,"enemies":"2 Louse","floor":1.0,"turns":2.0},{"damage":5.0,"enemies":"Small Slimes","floor":2.0,"turns":4.0},{"damage":1.0,"enemies":"Jaw Worm","floor":4.0,"turns":3.0},{"damage":13.0,"enemies":"Exordium Thugs","floor":5.0,"turns":3.0},{"damage":13.0,"enemies":"Lagavulin","floor":7.0,"turns":6.0},{"damage":0.0,"enemies":"3 Louse","floor":10.0,"turns":3.0},{"damage":0.0,"enemies":"2 Fungi Beasts","floor":14.0,"turns":3.0},{"damage":0.0,"enemies":"Hexaghost","floor":16.0,"turns":7.0},{"damage":6.0,"enemies":"3 Byrds","floor":18.0,"turns":4.0},{"damage":7.0,"enemies":"Shell Parasite","floor":21.0,"turns":5.0},{"damage":0.0,"enemies":"Cultist and Chosen","floor":22.0,"turns":5.0},{"damage":0.0,"enemies":"Gremlin Leader","floor":25.0,"turns":7.0},{"damage":1.0,"enemies":"Chosen and Byrds","floor":29.0,"turns":5.0},{"damage":9.0,"enemies":"Snake Plant","floor":31.0,"turns":4.0},{"damage":6.0,"enemies":"Automaton","floor":33.0,"turns":8.0},{"damage":1.0,"enemies":"3 Shapes","floor":35.0,"turns":3.0},{"damage":7.0,"enemies":"Orb Walker","floor":37.0,"turns":3.0},{"damage":27,"enemies":"4 Shapes","floor":39,"turns":5},{"damage":46,"enemies":"Reptomancer","floor":41,"turns":6},{"damage":1,"enemies":"Mind Bloom Boss Battle","floor":44,"turns":6},{"damage":0,"enemies":"Spire Growth","floor":45,"turns":6},{"damage":12,"enemies":"Time Eater","floor":50,"turns":12}],"seed_played":"4751093910840447266","potions_obtained":[{"floor":1.0,"key":"PowerPotion"},{"floor":7.0,"key":"SkillPotion"},{"floor":14.0,"key":"SpeedPotion"},{"floor":16.0,"key":"FearPotion"},{"floor":25.0,"key":"BlessingOfTheForge"},{"floor":29.0,"key":"Explosive Potion"},{"floor":44,"key":"SpeedPotion"}],"is_trial":false,"path_per_floor":["M","M","?","M","M","R","E","R","T","M","?","$","R","M","R","B",null,"M","?","?","M","M","R","$","E","T","R","?","M","$","M","R","B",null,"M","?","M","?","M","R","E","?","T","?","M","R","$","?","R","B",null],"character_chosen":"DEFECT","items_purchased":["DollysMirror","Leap"],"campfire_rested":3,"item_purchase_floors":[12,12],"current_hp_per_floor":[73,68,53,52,39,39,26,26,26,26,26,26,26,26,26,26,75,69,69,69,62,62,62,62,62,62,62,62,61,61,52,52,46,75,74,74,67,67,40,62,16,16,16,17,19,41,41,41,63,53],"gold":0,"neow_bonus":"REMOVE_CARD","is_daily":false,"chose_seed":false,"campfire_upgraded":7,"win_rate":0.0,"timestamp":1614264754,"path_taken":["M","M","?","M","M","R","E","R","T","M","?","$","R","M","R","BOSS","M","?","?","M","M","R","$","E","T","R","?","M","?","M","R","BOSS","M","?","M","?","?","R","E","?","T","?","M","R","?","?","R","BOSS"],"items_purchased_type":["Relic","Card"],"build_version":"2020-12-22","purchased_purges":2,"victory":true,"max_hp_per_floor":[75,75,75,75,75,75,75,75,75,75,75,75,75,75,75,75,75,75,75,75,75,75,75,75,75,75,75,75,75,75,75,75,75,75,75,75,75,75,75,75,75,75,75,75,75,75,75,75,75,75],"card_choices":[{"not_picked":["Storm","Conserve Battery"],"picked":"Streamline","floor":1.0},{"not_picked":["Cold Snap","Barrage"],"picked":"Defragment","floor":2.0},{"not_picked":["Storm","Melter"],"picked":"Chill","floor":4.0},{"not_picked":["Cold Snap","Steam"],"picked":"Sweeping Beam","floor":5.0},{"not_picked":["Aggregate","Melter"],"picked":"Loop","floor":7.0},{"not_picked":["Darkness","Conserve Battery","Sweeping Beam"],"picked":"Coolheaded","floor":10.0},{"not_picked":["Go for the Eyes","Force Field","Gash"],"picked":"Ball Lightning","floor":14.0},{"not_picked":["All For One","Amplify","Fission"],"picked":"Core Surge","floor":16.0},{"not_picked":["Static Discharge","Steam","Leap"],"picked":"Capacitor","floor":18.0},{"not_picked":["Reprogram","Gash+1","Redo"],"picked":"Steam+1","floor":21.0},{"not_picked":["Turbo","Steam","Ball Lightning"],"picked":"Coolheaded+1","floor":22.0},{"not_picked":["Barrage","Reprogram","Cold Snap"],"picked":"Echo Form","floor":25.0},{"not_picked":["Rebound+1","Storm+1","Turbo"],"picked":"Glacier","floor":29.0},{"not_picked":["Steam Power+1","Redo","Sweeping Beam","Streamline+1"],"picked":"SKIP","floor":31.0},{"not_picked":["Seek","Echo Form","Reboot"],"picked":"Electrodynamics","floor":33.0},{"not_picked":["Genetic Algorithm","Barrage+1","Hologram+1"],"picked":"Turbo+1","floor":35.0},{"not_picked":["Cold Snap+1","Rebound","Conserve Battery","Ball Lightning"],"picked":"SKIP","floor":37.0},{"not_picked":["Ball Lightning","Hologram","Streamline","Redo"],"picked":"SKIP","floor":39},{"not_picked":["Sweeping Beam+1","Go for the Eyes","Double Energy"],"picked":"Force Field","floor":41},{"not_picked":["Redo+1","Coolheaded","Streamline+1"],"picked":"Compile Driver+1","floor":44},{"not_picked":["Streamline+1","Steam","Ball Lightning","Sunder"],"picked":"SKIP","floor":45}],"player_experience":591329,"relics_obtained":[{"floor":7.0,"key":"Question Card"},{"floor":9.0,"key":"Shuriken"},{"floor":25.0,"key":"Symbiotic Virus"},{"floor":26.0,"key":"War Paint"},{"floor":41,"key":"Blood Vial"},{"floor":43,"key":"StrikeDummy"},{"floor":44,"key":"Ice Cream"}],"event_choices":[{"damage_healed":0.0,"max_hp_gain":0.0,"max_hp_loss":0.0,"gold_gain":0.0,"event_name":"Shining Light","player_choice":"Entered Light","floor":3.0,"gold_loss":0.0,"damage_taken":15.0,"cards_upgraded":["Zap","Strike_B"]},{"damage_healed":0.0,"max_hp_gain":0.0,"max_hp_loss":0.0,"gold_gain":175.0,"event_name":"Liars Game","player_choice":"AGREE","floor":11.0,"gold_loss":0.0,"damage_taken":0.0,"cards_obtained":["Doubt"]},{"damage_healed":0.0,"max_hp_gain":0.0,"max_hp_loss":0.0,"gold_gain":99.0,"event_name":"Nest","player_choice":"Stole From Cult","floor":19.0,"gold_loss":0.0,"damage_taken":0.0},{"cards_removed":["Strike_B"],"damage_healed":0.0,"max_hp_gain":0.0,"max_hp_loss":0.0,"gold_gain":0.0,"event_name":"Beggar","player_choice":"Gave Gold","floor":20.0,"gold_loss":75.0,"damage_taken":0.0},{"cards_removed":["Chill"],"damage_healed":0.0,"max_hp_gain":0.0,"max_hp_loss":0.0,"gold_gain":0.0,"event_name":"Falling","player_choice":"Removed Skill","floor":36.0,"gold_loss":0.0,"damage_taken":0.0},{"damage_healed":0.0,"max_hp_gain":0.0,"max_hp_loss":0.0,"gold_gain":0.0,"event_name":"Accursed Blacksmith","player_choice":"Forge","floor":38.0,"gold_loss":0.0,"damage_taken":0.0,"cards_upgraded":["Ball Lightning"]},{"damage_healed":0,"gold_gain":0,"player_choice":"Memory 1","damage_taken":0,"max_hp_gain":0,"max_hp_loss":0,"event_name":"SensoryStone","floor":42,"gold_loss":0},{"damage_healed":0,"gold_gain":0,"player_choice":"Fight","damage_taken":0,"max_hp_gain":0,"max_hp_loss":0,"event_name":"MindBloom","floor":44,"gold_loss":0},{"damage_healed":0,"gold_gain":0,"player_choice":"Paid","damage_taken":0,"relics_obtained":["Red Mask"],"max_hp_gain":0,"max_hp_loss":0,"event_name":"Tomb of Lord Red Mask","floor":48,"gold_loss":60}],"is_beta":false,"boss_relics":[{"not_picked":["Fusion Hammer","SacredBark"],"picked":"Ectoplasm"},{"not_picked":["Snecko Eye","Runic Dome"],"picked":"Astrolabe"}],"items_purged_floors":[12,24],"is_endless":false,"potions_floor_spawned":[1,7,14,16,25,29,31,33,44],"ascension_level":0}}