{"host":"2hea6pl5vmah38iy","time":1614253690,"event":{"mods":["AchievementEnabler","BaseMod","Colored Map","DeckTracker","Keyboard Shortcuts","Minty Spire (QoL Compilation)","Rare Cards Sparkle","StSLib","SuperFastMode","everything is the same but u backflip on backflip"],"gold_per_floor":[116,266,22,97,110,110,110,142,142,157,157,117,134,149,149,222,222,194,41,41,55,55,55],"floor_reached":22,"language":"KOR","playtime":766,"items_purged":["Doubt"],"score":418,"play_id":"17c81c1e-d2fc-4f03-934d-85fe782c6e8b","local_time":"20210225204810","is_ascension_mode":true,"campfire_choices":[{"data":"Demon Form","floor":6.0,"key":"SMITH"},{"floor":11,"key":"REST"},{"floor":15,"key":"REST"}],"circlet_count":0,"master_deck":["AscendersBane","Strike_R","Strike_R+1","Strike_R+1","Strike_R","Strike_R","Defend_R","Defend_R","Defend_R","Defend_R","Bash","Clumsy","Demon Form+1","Shockwave","Heavy Blade+1","Second Wind","Whirlwind","Corruption","Pommel Strike+1","Reaper","Ghostly","Ghostly","Ghostly"],"relics":["Burning Blood","Happy Flower","Whetstone","Calipers","Black Star"],"acts_visited":["Exordium","TheCity"],"potions_floor_usage":[10,16,17,21],"damage_taken":[{"damage":12.0,"enemies":"Jaw Worm","floor":1.0,"turns":3.0},{"damage":4.0,"enemies":"2 Louse","floor":5.0,"turns":3.0},{"damage":48,"enemies":"Gremlin Nob","floor":8,"turns":5},{"damage":7,"enemies":"Small Slimes","floor":10,"turns":2},{"damage":30,"enemies":"Exordium Thugs","floor":13,"turns":7},{"damage":6,"enemies":"2 Fungi Beasts","floor":14,"turns":3},{"damage":24,"enemies":"The Guardian","floor":16,"turns":9},{"damage":30,"enemies":"2 Thieves","floor":18,"turns":4},{"damage":34,"enemies":"Chosen","floor":21,"turns":7},{"damage":0,"enemies":"3 Cultists","floor":22,"turns":4}],"seed_played":"1299352343365852542","potions_obtained":[{"floor":5.0,"key":"Fire Potion"},{"floor":10,"key":"Fruit Juice"},{"floor":12,"key":"Fire Potion"},{"floor":18,"key":"Swift Potion"},{"floor":21,"key":"SteroidPotion"}],"is_trial":false,"path_per_floor":["M","?","$","?","M","R","?","E","T","M","R","?","M","M","R","B",null,"M","$","?","M","M"],"character_chosen":"IRONCLAD","items_purchased":["Happy Flower","Reaper"],"campfire_rested":2,"item_purchase_floors":[3,19],"current_hp_per_floor":[62,62,62,51,53,53,53,11,11,10,32,32,8,8,30,12,64,40,40,40,12,12,12],"gold":55,"neow_bonus":"THREE_RARE_CARDS","is_daily":false,"chose_seed":false,"campfire_upgraded":1,"win_rate":0.0,"timestamp":1614253690,"path_taken":["M","?","$","?","M","R","?","E","T","?","R","?","M","M","R","R","BOSS","M","$","?","M","M"],"items_purchased_type":["Relic","Card"],"build_version":"2020-12-22","purchased_purges":1,"victory":false,"max_hp_per_floor":[75,75,75,75,75,75,75,75,75,75,75,75,75,75,75,75,80,80,80,40,40,40,40],"card_choices":[{"not_picked":["Offering","Brutality"],"picked":"Demon Form","floor":0.0},{"not_picked":["Rampage","Clothesline"],"picked":"Shockwave","floor":1.0},{"not_picked":["Body Slam","Seeing Red"],"picked":"Heavy Blade","floor":5.0},{"not_picked":["Inflame","Impervious"],"picked":"Second Wind","floor":8},{"not_picked":["Anger","Clothesline","Havoc"],"picked":"SKIP","floor":10},{"not_picked":["Iron Wave","Clash","Cleave"],"picked":"SKIP","floor":13},{"not_picked":["Havoc","Headbutt"],"picked":"Whirlwind","floor":14},{"not_picked":["Fiend Fire","Demon Form"],"picked":"Corruption","floor":16},{"not_picked":["Clothesline","Shockwave"],"picked":"Pommel Strike+1","floor":18},{"not_picked":["Heavy Blade+1","Whirlwind","Hemokinesis"],"picked":"SKIP","floor":21}],"player_experience":615279,"relics_obtained":[{"floor":8,"key":"Whetstone"},{"floor":9,"key":"Calipers"}],"event_choices":[{"damage_healed":0.0,"max_hp_gain":0.0,"max_hp_loss":0.0,"gold_gain":150.0,"event_name":"Liars Game","player_choice":"AGREE","floor":2.0,"gold_loss":0.0,"damage_taken":0.0,"cards_obtained":["Doubt"]},{"damage_healed":0.0,"max_hp_gain":0.0,"max_hp_loss":0.0,"gold_gain":75.0,"event_name":"World of Goop","player_choice":"Gather Gold","floor":4.0,"gold_loss":0.0,"damage_taken":11.0},{"damage_healed":0,"gold_gain":0,"player_choice":"Grow","damage_taken":0,"max_hp_gain":0,"max_hp_loss":0,"event_name":"Living Wall","floor":7,"gold_loss":0,"cards_upgraded":["Heavy Blade"]},{"damage_healed":0,"gold_gain":0,"player_choice":"Bought 3 Potions","damage_taken":0,"max_hp_gain":0,"max_hp_loss":0,"event_name":"The Woman in Blue","floor":12,"gold_loss":0},{"damage_healed":0,"gold_gain":0,"player_choice":"Became a Ghost","damage_taken":0,"max_hp_gain":0,"max_hp_loss":40,"event_name":"Ghosts","floor":20,"gold_loss":0,"cards_obtained":["Ghostly","Ghostly","Ghostly"]}],"is_beta":false,"boss_relics":[{"not_picked":["Black Blood","Ectoplasm"],"picked":"Black Star"}],"items_purged_floors":[3],"is_endless":false,"potions_floor_spawned":[5,10,18,21],"killed_by":"3 Cultists","ascension_level":20}}