{"host":"uceopoba4zvqsgiy","time":1614269472,"event":{"mods":["2.2 Compatiblity","Act Like it!","BaseMod","Better Skull","Better Third Choice","Elementarium","Evolution","GifTheSpireLib","Hermit","Humility","Infinite Spire","Jorbs\u0027s Wanderer Trilogy","Marked Mod","Minty Spire (QoL Compilation)","Potionbrewer","Reliquary","Replay The Spire","Robot Space Explorer","Shade Mod","Shapeshifter Mod","Spicy Shops","StS++","StSLib","Stuff the Spire","The Blue Laboratory","The Caster","The Cursed","The Dragon Tamer","The Dragonkin","The Hierophant","The Judge","The Jungle","TheSurvivalist","Wandering Minibosses"],"gold_per_floor":[113,32,32,52,63,96,107,107,189,199,199,199,225,237,237,237,237],"floor_reached":16,"language":"ENG","playtime":1454,"items_purged":[],"score":112,"play_id":"6bb3d0ae-79d2-46b0-a794-1f19772e102c","local_time":"20210226024112","is_ascension_mode":false,"campfire_choices":[{"floor":8.0,"key":"REST"},{"floor":11.0,"key":"REST"},{"floor":15.0,"key":"REST"}],"circlet_count":0,"master_deck":["StSShapeShifter:ShapeShifter_Strike","StSShapeShifter:ShapeShifter_Strike","StSShapeShifter:ShapeShifter_Strike","StSShapeShifter:ShapeShifter_Strike","StSShapeShifter:ShapeShifter_Strike","StSShapeShifter:ShapeShifter_Defend","StSShapeShifter:ShapeShifter_Defend","StSShapeShifter:ShapeShifter_Defend","StSShapeShifter:ShapeShifter_Defend","StSShapeShifter:ShapeShifter_Defend","StSShapeShifter:Tortoise_Form","StSShapeShifter:Lynx_Form","StSShapeShifter:EagleForm","StSShapeShifter:Rabid","StSShapeShifter:DeepWound","StSShapeShifter:Wildfire2","StSShapeShifter:WiltingWrath","StSShapeShifter:VileMushroom","StSShapeShifter:PoisonIvy","StSShapeShifter:Spring","StSShapeShifter:EntForm"],"relics":["StSShapeShifter:AnimalHeart","StSShapeShifter:TheShapeShiftersMagnolia","EVO:Axolotl","NeowsBlessing","Lizard Tail","Replay:Bottled Steam","Nunchaku"],"acts_visited":["Exordium"],"potions_floor_usage":[16],"damage_taken":[{"damage":0.0,"enemies":"Jaw Worm","floor":1.0,"turns":1.0},{"damage":0.0,"enemies":"infinitespire:Voidling","floor":4.0,"turns":1.0},{"damage":0.0,"enemies":"Small Slimes","floor":5.0,"turns":1.0},{"damage":48.0,"enemies":"Gremlin Nob","floor":6.0,"turns":4.0},{"damage":2.0,"enemies":"Blue Slaver","floor":7.0,"turns":3.0},{"damage":20.0,"enemies":"Looter","floor":10.0,"turns":3.0},{"damage":15.0,"enemies":"Replay:BlueRogue","floor":13.0,"turns":5.0},{"damage":22.0,"enemies":"Exordium Thugs","floor":14.0,"turns":5.0},{"damage":101,"enemies":"Slime Boss","floor":16,"turns":13}],"seed_played":"-3864035280781927126","potions_obtained":[{"floor":1.0,"key":"GamblersBrew"},{"floor":5.0,"key":"FearPotion"},{"floor":6.0,"key":"Block Potion"}],"is_trial":false,"path_per_floor":["M","$","?","M","M","E","M","R","T","M","R","?","E","M","R","B"],"character_chosen":"SHAPESHIFTER","items_purchased":["StSShapeShifter:Rabid"],"campfire_rested":3,"item_purchase_floors":[2],"current_hp_per_floor":[78,78,78,78,78,30,28,51,51,31,54,54,39,17,40,0,0],"gold":237,"neow_bonus":"THREE_ENEMY_KILL","is_daily":false,"chose_seed":false,"campfire_upgraded":0,"win_rate":0.0,"timestamp":1614269472,"path_taken":["M","$","?","?","M","E","M","R","T","M","R","?","E","M","R","BOSS"],"items_purchased_type":["Card"],"build_version":"2020-12-22","purchased_purges":0,"victory":false,"max_hp_per_floor":[78,78,78,78,78,78,78,78,78,78,78,78,78,78,78,78,78],"card_choices":[{"not_picked":["StSShapeShifter:EmbraceTheCycle","StSShapeShifter:FesteringBite"],"picked":"StSShapeShifter:EagleForm","floor":1.0},{"not_picked":["StSShapeShifter:BurstingSpore","StSShapeShifter:LeapingSlash"],"picked":"StSShapeShifter:DeepWound","floor":4.0},{"not_picked":["StSShapeShifter:ThornToss","StSShapeShifter:RockSlide"],"picked":"StSShapeShifter:Wildfire2","floor":5.0},{"not_picked":["StSShapeShifter:CursedApple","StSShapeShifter:FlowerShield"],"picked":"StSShapeShifter:WiltingWrath","floor":6.0},{"not_picked":["StSShapeShifter:OakBlade","StSShapeShifter:MagicMushrooms"],"picked":"StSShapeShifter:VileMushroom","floor":7.0},{"not_picked":["StSShapeShifter:SquirrelForm","StSShapeShifter:VineHandcuffs"],"picked":"StSShapeShifter:PoisonIvy","floor":10.0},{"not_picked":["StSShapeShifter:Mystical_Branch","StSShapeShifter:BaskInBloom"],"picked":"StSShapeShifter:Spring","floor":13.0},{"not_picked":["StSShapeShifter:ShiftingStrike","StSShapeShifter:Rabid"],"picked":"StSShapeShifter:EntForm","floor":14.0}],"player_experience":1893452,"relics_obtained":[{"floor":6.0,"key":"Lizard Tail"},{"floor":9.0,"key":"Replay:Bottled Steam"},{"floor":13.0,"key":"Nunchaku"}],"event_choices":[{"damage_healed":0.0,"max_hp_gain":0.0,"max_hp_loss":0.0,"gold_gain":0.0,"event_name":"NoteForYourself","player_choice":"Ignored","floor":3.0,"gold_loss":0.0,"damage_taken":0.0},{"damage_healed":0.0,"max_hp_gain":0.0,"max_hp_loss":0.0,"gold_gain":0.0,"event_name":"The Cleric","player_choice":"Leave","floor":12.0,"gold_loss":0.0,"damage_taken":0.0}],"is_beta":false,"boss_relics":[],"items_purged_floors":[],"is_endless":false,"potions_floor_spawned":[1,5,6],"killed_by":"Slime Boss","ascension_level":0,"is_humility":true}}