{"host":"h0xw20cia6ppa69g","time":1614247591,"event":{"mods":["AchievementEnabler","BaseMod","Colored Map","Filter the Spire","Googly Eyes","Minty Spire (QoL Compilation)","Relic Stats","StSLib","The Awakened One except there are too many feathers","everything is the same but u backflip on backflip"],"gold_per_floor":[115,115,134,147,147,179,193,193,270,302,328,343,343,187,187,286,286,299,4,22,22,22,50,50,83,83,110,124,124,142,177,177,281,281,292,292,341,341,354,366,400,400,400,400,426,445,445,459,459,459,459,459,75,109,109],"floor_reached":56,"language":"ENG","playtime":4331,"items_purged":["Writhe","Madness"],"score":1347,"play_id":"485d52ba-4421-41a0-84f7-c47b1cc29c07","local_time":"20210225040631","is_ascension_mode":true,"campfire_choices":[{"data":"Feed","floor":8.0,"key":"SMITH"},{"data":"Limit Break","floor":15.0,"key":"SMITH"},{"data":"Armaments","floor":24.0,"key":"SMITH"},{"data":"Demon Form","floor":32.0,"key":"SMITH"},{"floor":42,"key":"RECALL"},{"data":"Discovery","floor":44,"key":"SMITH"},{"data":"Panacea","floor":49,"key":"SMITH"},{"data":"Evolve","floor":52,"key":"SMITH"}],"circlet_count":0,"master_deck":["Bash","Feed+1","Shrug It Off","True Grit","Shockwave+1","Rampage+1","Limit Break+1","Cleave","Exhume","Inflame","Reaper","Pummel","Seeing Red","Shockwave","Armaments","Reaper","Demon Form+1","Shrug It Off","Corruption","Pommel Strike+1","Armaments+1","Ghostly Armor","True Grit","Disarm+1","Headbutt","Flame Barrier","Sentinel+1","Discovery+1","Panacea+1","Bloodletting","Madness","Sword Boomerang","Evolve+1","Offering","Shrug It Off+1","Sentinel+1","Second Wind","Body Slam"],"relics":["Burning Blood","Mango","Orichalcum","Bottled Lightning","Potion Belt","Odd Mushroom","Pandora\u0027s Box","Orrery","Toy Ornithopter","Gambling Chip","Bottled Tornado","Pen Nib","Smiling Mask","Red Mask","Gremlin Horn","Coffee Dripper","Ginger","StoneCalendar","Torii","Oddly Smooth Stone","Bronze Scales"],"acts_visited":["Exordium","TheCity","TheBeyond","TheEnding"],"potions_floor_usage":[41,55,55],"damage_taken":[{"damage":20.0,"enemies":"Jaw Worm","floor":1.0,"turns":4.0},{"damage":0.0,"enemies":"2 Louse","floor":3.0,"turns":3.0},{"damage":8.0,"enemies":"Small Slimes","floor":4.0,"turns":3.0},{"damage":27.0,"enemies":"3 Sentries","floor":6.0,"turns":11.0},{"damage":10.0,"enemies":"3 Louse","floor":7.0,"turns":5.0},{"damage":20.0,"enemies":"Lagavulin","floor":10.0,"turns":7.0},{"damage":4.0,"enemies":"The Mushroom Lair","floor":11.0,"turns":5.0},{"damage":2.0,"enemies":"2 Fungi Beasts","floor":12.0,"turns":3.0},{"damage":35.0,"enemies":"Slime Boss","floor":16.0,"turns":16.0},{"damage":3.0,"enemies":"Shell Parasite","floor":18.0,"turns":6.0},{"damage":12.0,"enemies":"3 Byrds","floor":20.0,"turns":8.0},{"damage":72.0,"enemies":"Book of Stabbing","floor":23.0,"turns":11.0},{"damage":70.0,"enemies":"Slavers","floor":25.0,"turns":8.0},{"damage":47.0,"enemies":"Masked Bandits","floor":27.0,"turns":7.0},{"damage":23.0,"enemies":"Centurion and Healer","floor":28.0,"turns":10.0},{"damage":3.0,"enemies":"Snecko","floor":30.0,"turns":9.0},{"damage":67.0,"enemies":"Gremlin Leader","floor":31.0,"turns":15.0},{"damage":34.0,"enemies":"Champ","floor":33.0,"turns":19.0},{"damage":26.0,"enemies":"3 Darklings","floor":35.0,"turns":7.0},{"damage":6.0,"enemies":"2 Orb Walkers","floor":37.0,"turns":4.0},{"damage":0.0,"enemies":"3 Shapes","floor":39.0,"turns":3.0},{"damage":3,"enemies":"Jaw Worm Horde","floor":40,"turns":8},{"damage":54,"enemies":"Reptomancer","floor":41,"turns":6},{"damage":70,"enemies":"Giant Head","floor":45,"turns":10},{"damage":47,"enemies":"Transient","floor":46,"turns":5},{"damage":47,"enemies":"Spire Growth","floor":48,"turns":7},{"damage":26,"enemies":"Time Eater","floor":50,"turns":37},{"damage":45,"enemies":"Shield and Spear","floor":54,"turns":7},{"damage":219,"enemies":"The Heart","floor":55,"turns":12}],"seed_played":"-9091061981326020320","potions_obtained":[{"floor":1.0,"key":"Block Potion"},{"floor":4.0,"key":"FairyPotion"},{"floor":10.0,"key":"Dexterity Potion"},{"floor":12.0,"key":"EssenceOfSteel"},{"floor":16.0,"key":"FearPotion"},{"floor":23.0,"key":"LiquidBronze"},{"floor":25.0,"key":"GamblersBrew"},{"floor":27.0,"key":"SkillPotion"},{"floor":30.0,"key":"Energy Potion"},{"floor":31.0,"key":"SkillPotion"},{"floor":35.0,"key":"Weak Potion"},{"floor":40,"key":"SkillPotion"},{"floor":46,"key":"LiquidMemories"},{"floor":48,"key":"ElixirPotion"},{"floor":54,"key":"ColorlessPotion"}],"is_trial":false,"path_per_floor":["M","?","M","M","?","E","M","R","T","E","?","M","?","$","R","B",null,"M","$","M","?","?","E","R","E","T","?","M","?","M","E","R","B",null,"M","?","?","?","M","M","E","R","T","R","E","M","?","M","R","B",null,"R","$","E","B",null],"character_chosen":"IRONCLAD","items_purchased":["Inflame","Orrery","Toy Ornithopter","Second Wind","Oddly Smooth Stone","Body Slam","BloodPotion"],"campfire_rested":0,"item_purchase_floors":[14,19,19,53,53,53,53],"current_hp_per_floor":[69,74,83,84,80,62,61,61,61,51,57,65,40,40,40,19,134,138,138,146,146,146,89,89,51,51,68,137,137,178,182,182,158,186,190,180,194,170,206,214,200,200,200,200,191,150,150,176,176,160,230,230,230,230,106],"gold":109,"neow_bonus":"THREE_RARE_CARDS","is_daily":false,"chose_seed":false,"campfire_upgraded":7,"win_rate":0.0,"timestamp":1614247591,"path_taken":["M","?","M","M","?","E","M","R","T","E","?","M","?","$","R","BOSS","M","$","M","?","?","E","R","E","T","?","M","?","M","E","R","BOSS","M","?","?","?","M","?","E","R","T","R","E","M","?","M","R","BOSS","R","$","E","BOSS"],"items_purchased_type":["Card","Relic","Relic","Card","Relic","Card","Potion"],"build_version":"2020-12-22","purchased_purges":2,"victory":true,"max_hp_per_floor":[83,88,91,94,108,111,114,114,114,118,122,126,126,126,126,134,134,138,138,146,146,146,150,150,158,158,166,174,174,178,182,182,186,186,190,190,194,194,206,214,218,218,218,218,222,222,222,226,226,230,230,230,230,230,234],"relic_stats":{"Gremlin Horn":[15,15],"Torii":30,"counters":[29,256],"StoneCalendar":[166],"Pen Nib":[12],"Ginger":[13],"Orichalcum":[378],"Smiling Mask":50,"Burning Blood":137,"Gambling Chip":[45],"Bronze Scales":[120],"Pandora\u0027s Box":["Pummel","Seeing Red","Reckless Charge","Shockwave","Armaments","Reaper","Demon Form","Shrug It Off","Corruption"],"obtain_stats":[{"Potion Belt":10,"Gremlin Horn":31,"Torii":45,"Oddly Smooth Stone":53,"Mango":5,"StoneCalendar":41,"Pen Nib":25,"Ginger":37,"Orichalcum":6,"Odd Mushroom":11,"Bottled Tornado":23,"Smiling Mask":26,"Burning Blood":0,"Gambling Chip":22,"Bronze Scales":54,"Orrery":19,"Pandora\u0027s Box":17,"Red Mask":27,"Coffee Dripper":34,"Bottled Lightning":9,"Toy Ornithopter":19},{"Potion Belt":6,"Gremlin Horn":17,"Torii":24,"Oddly Smooth Stone":27,"Mango":3,"StoneCalendar":23,"Pen Nib":13,"Ginger":20,"Orichalcum":4,"Odd Mushroom":7,"Bottled Tornado":12,"Smiling Mask":13,"Burning Blood":0,"Gambling Chip":11,"Bronze Scales":28,"Orrery":10,"Pandora\u0027s Box":9,"Red Mask":14,"Coffee Dripper":18,"Bottled Lightning":5,"Toy Ornithopter":10},{"Potion Belt":33,"Gremlin Horn":131,"Torii":188,"Oddly Smooth Stone":237,"Mango":10,"StoneCalendar":178,"Pen Nib":90,"Ginger":161,"Orichalcum":21,"Odd Mushroom":38,"Bottled Tornado":82,"Smiling Mask":90,"Burning Blood":0,"Gambling Chip":71,"Bronze Scales":244,"Orrery":63,"Pandora\u0027s Box":57,"Red Mask":97,"Coffee Dripper":150,"Bottled Lightning":26,"Toy Ornithopter":63}],"Toy Ornithopter":20},"card_choices":[{"not_picked":["Reaper","Offering"],"picked":"Feed","floor":0.0},{"not_picked":["Dark Embrace","Clash"],"picked":"Pommel Strike","floor":1.0},{"not_picked":["Heavy Blade","Dropkick"],"picked":"Shrug It Off","floor":3.0},{"not_picked":["Flex","Body Slam"],"picked":"True Grit","floor":4.0},{"not_picked":["Armaments","Juggernaut"],"picked":"Shockwave","floor":6.0},{"not_picked":["Combust","Flex"],"picked":"Rampage","floor":7.0},{"not_picked":["Thunderclap","Headbutt"],"picked":"Limit Break","floor":10.0},{"not_picked":["Clothesline","Warcry"],"picked":"Cleave","floor":11.0},{"not_picked":["Spot Weakness","True Grit"],"picked":"Exhume","floor":12.0},{"not_picked":["Bludgeon","Brutality"],"picked":"Reaper","floor":16.0},{"not_picked":["Havoc+1","Twin Strike"],"picked":"Pommel Strike+1","floor":18.0},{"not_picked":["Second Wind","Fiend Fire"],"picked":"Armaments","floor":19.0},{"not_picked":["Body Slam","Wild Strike"],"picked":"True Grit","floor":19.0},{"not_picked":["Dropkick","Rage"],"picked":"Ghostly Armor","floor":19.0},{"not_picked":["Uppercut","Blood for Blood"],"picked":"True Grit","floor":19.0},{"not_picked":["Havoc","Anger","Armaments"],"picked":"SKIP","floor":20.0},{"not_picked":["Carnage+1","Uppercut","Reckless Charge"],"picked":"SKIP","floor":23.0},{"not_picked":["Twin Strike","Cleave"],"picked":"Disarm+1","floor":25.0},{"not_picked":["Cleave+1","Havoc+1"],"picked":"Headbutt","floor":27.0},{"not_picked":["Headbutt","Body Slam","Pommel Strike+1"],"picked":"SKIP","floor":28.0},{"not_picked":["Fiend Fire","Havoc"],"picked":"Flame Barrier","floor":30.0},{"not_picked":["Heavy Blade","Perfected Strike"],"picked":"Sentinel+1","floor":31.0},{"not_picked":["Whirlwind","Heavy Blade+1","Perfected Strike"],"picked":"SKIP","floor":35.0},{"not_picked":["Flash of Steel","Secret Technique"],"picked":"Discovery","floor":36.0},{"not_picked":["Flash of Steel","Forethought"],"picked":"Panacea","floor":36.0},{"not_picked":["Clothesline","Body Slam+1"],"picked":"Bloodletting","floor":37.0},{"not_picked":["Carnage+1","Armaments","Clothesline"],"picked":"SKIP","floor":39.0},{"not_picked":["Armaments","Combust+1"],"picked":"Sword Boomerang","floor":40},{"not_picked":["Corruption","Headbutt"],"picked":"Evolve","floor":41},{"not_picked":["Rupture+1","Impervious"],"picked":"Offering","floor":45},{"not_picked":["Warcry+1","Hemokinesis+1"],"picked":"Shrug It Off+1","floor":46},{"not_picked":["Seeing Red","Heavy Blade"],"picked":"Sentinel+1","floor":48},{"not_picked":["Pommel Strike","Thunderclap","Anger"],"picked":"SKIP","floor":54}],"player_experience":3903793,"relics_obtained":[{"floor":6.0,"key":"Orichalcum"},{"floor":9.0,"key":"Bottled Lightning"},{"floor":10.0,"key":"Potion Belt"},{"floor":11.0,"key":"Odd Mushroom"},{"floor":23.0,"key":"Bottled Tornado"},{"floor":25.0,"key":"Pen Nib"},{"floor":26.0,"key":"Smiling Mask"},{"floor":27.0,"key":"Red Mask"},{"floor":31.0,"key":"Gremlin Horn"},{"floor":37.0,"key":"Ginger"},{"floor":41,"key":"StoneCalendar"},{"floor":45,"key":"Torii"},{"floor":54,"key":"Bronze Scales"}],"event_choices":[{"damage_healed":0.0,"max_hp_gain":5.0,"max_hp_loss":0.0,"gold_gain":0.0,"event_name":"Big Fish","player_choice":"Donut","floor":2.0,"gold_loss":0.0,"damage_taken":0.0},{"damage_healed":0.0,"max_hp_gain":0.0,"max_hp_loss":0.0,"gold_gain":0.0,"event_name":"Scrap Ooze","player_choice":"Success","floor":5.0,"gold_loss":0.0,"damage_taken":18.0,"relics_obtained":["Mango"]},{"damage_healed":0.0,"max_hp_gain":0.0,"max_hp_loss":0.0,"gold_gain":0.0,"event_name":"Mushrooms","player_choice":"Fought Mushrooms","floor":11.0,"gold_loss":0.0,"damage_taken":0.0},{"damage_healed":0.0,"max_hp_gain":0.0,"max_hp_loss":0.0,"gold_gain":0.0,"event_name":"Shining Light","player_choice":"Entered Light","floor":13.0,"gold_loss":0.0,"damage_taken":25.0,"cards_upgraded":["Rampage","Shockwave"]},{"cards_removed":["Reckless Charge"],"damage_healed":0.0,"max_hp_gain":0.0,"max_hp_loss":0.0,"gold_gain":0.0,"event_name":"Back to Basics","player_choice":"Elegance","floor":21.0,"gold_loss":0.0,"damage_taken":0.0},{"damage_healed":0.0,"max_hp_gain":0.0,"max_hp_loss":0.0,"gold_gain":0.0,"event_name":"The Mausoleum","player_choice":"Opened","floor":22.0,"gold_loss":0.0,"damage_taken":0.0,"relics_obtained":["Gambling Chip"]},{"damage_healed":0.0,"max_hp_gain":0.0,"max_hp_loss":0.0,"gold_gain":0.0,"event_name":"Masked Bandits","player_choice":"Fought Bandits","floor":27.0,"gold_loss":0.0,"damage_taken":0.0},{"cards_removed":["Pommel Strike"],"damage_healed":0.0,"max_hp_gain":0.0,"max_hp_loss":0.0,"gold_gain":0.0,"event_name":"Purifier","player_choice":"Purged","floor":29.0,"gold_loss":0.0,"damage_taken":0.0},{"damage_healed":0.0,"max_hp_gain":0.0,"max_hp_loss":0.0,"gold_gain":0.0,"event_name":"SensoryStone","player_choice":"Memory 3","floor":36.0,"gold_loss":0.0,"damage_taken":10.0},{"damage_healed":0.0,"max_hp_gain":0.0,"max_hp_loss":0.0,"gold_gain":0.0,"event_name":"Mysterious Sphere","player_choice":"Fight","floor":37.0,"gold_loss":0.0,"damage_taken":0.0},{"damage_healed":0.0,"max_hp_gain":0.0,"max_hp_loss":0.0,"gold_gain":0.0,"event_name":"Winding Halls","player_choice":"Embrace Madness","floor":38.0,"gold_loss":0.0,"damage_taken":24.0,"cards_obtained":["Madness","Madness"]},{"cards_removed":["True Grit"],"damage_healed":0,"gold_gain":0,"player_choice":"Removed Skill","damage_taken":0,"max_hp_gain":0,"max_hp_loss":0,"event_name":"Falling","floor":47,"gold_loss":0}],"is_beta":false,"boss_relics":[{"not_picked":["SacredBark","Runic Pyramid"],"picked":"Pandora\u0027s Box"},{"not_picked":["Calling Bell","Velvet Choker"],"picked":"Coffee Dripper"}],"items_purged_floors":[14,53],"is_endless":false,"potions_floor_spawned":[1,4,10,12,16,23,25,27,30,31,35,40,46,48,54],"ascension_level":1}}