{"host":"zdahj580pq9zy75i","time":1614288805,"event":{"mods":["AchievementEnabler","BaseMod","Bestiary","Colored Map","Minty Spire (QoL Compilation)","Relic Stats","StSLib","ojb\u0027s Info Mod: The sequel"],"gold_per_floor":[114,128,141,86,86,86,116,116,116,144,144,69,69,100,100,174,174,193,203,203,218,22,51,51,71,142,153,153,184,217,235,235,308,308,323,335,349,401,418,418,443,443,470,480,5,5,36,56,56,56,56],"floor_reached":50,"language":"ENG","playtime":1860,"items_purged":["Defend_R","Defend_R","Normality"],"score":1200,"play_id":"cd534486-2613-4a43-9760-04836a7df3f7","local_time":"20210225163325","is_ascension_mode":true,"campfire_choices":[{"data":"Perfected Strike","floor":6.0,"key":"SMITH"},{"data":"Limit Break","floor":11.0,"key":"SMITH"},{"data":"Inflame","floor":13.0,"key":"SMITH"},{"data":"Bash","floor":15.0,"key":"SMITH"},{"floor":24.0,"key":"REST"},{"data":"Shockwave","floor":28.0,"key":"SMITH"},{"floor":32.0,"key":"REST"},{"floor":40.0,"key":"REST"},{"floor":42.0,"key":"REST"},{"floor":49,"key":"RECALL"}],"circlet_count":0,"master_deck":["AscendersBane","Strike_R","Strike_R","Strike_R","Defend_R+1","Defend_R+1","Bash+1","Limit Break+1","Cleave+1","Twin Strike","Perfected Strike+1","Immolate","Inflame+1","Feed+1","Feed","Twin Strike","Shockwave+1","Shrug It Off","Flash of Steel","Spot Weakness","Perfected Strike","Demon Form","Shrug It Off+1","Power Through+1","Pummel","Sword Boomerang","Twin Strike","Pummel"],"relics":["Burning Blood","Bag of Marbles","War Paint","Mango","Velvet Choker","Whetstone","Self Forming Clay","WingedGreaves","Pocketwatch","Cursed Key","Ginger","Turnip","Dream Catcher","Ornamental Fan","Ancient Tea Set"],"acts_visited":["Exordium","TheCity","TheBeyond"],"potions_floor_usage":[47,50],"damage_taken":[{"damage":11.0,"enemies":"Cultist","floor":1.0,"turns":4.0},{"damage":10.0,"enemies":"Small Slimes","floor":2.0,"turns":3.0},{"damage":4.0,"enemies":"2 Louse","floor":3.0,"turns":4.0},{"damage":15.0,"enemies":"3 Sentries","floor":7.0,"turns":4.0},{"damage":32.0,"enemies":"Lagavulin","floor":10.0,"turns":5.0},{"damage":8.0,"enemies":"Gremlin Nob","floor":14.0,"turns":3.0},{"damage":34.0,"enemies":"Hexaghost","floor":16.0,"turns":8.0},{"damage":11.0,"enemies":"Spheric Guardian","floor":18.0,"turns":3.0},{"damage":30.0,"enemies":"Shell Parasite","floor":19.0,"turns":4.0},{"damage":18.0,"enemies":"Snecko","floor":21.0,"turns":3.0},{"damage":19.0,"enemies":"Book of Stabbing","floor":23.0,"turns":3.0},{"damage":0.0,"enemies":"Centurion and Healer","floor":25.0,"turns":3.0},{"damage":13.0,"enemies":"Cultist and Chosen","floor":27.0,"turns":4.0},{"damage":0.0,"enemies":"Gremlin Leader","floor":29.0,"turns":4.0},{"damage":23.0,"enemies":"Book of Stabbing","floor":30.0,"turns":4.0},{"damage":42.0,"enemies":"Shelled Parasite and Fungi","floor":31.0,"turns":3.0},{"damage":36.0,"enemies":"Champ","floor":33.0,"turns":8.0},{"damage":20.0,"enemies":"3 Darklings","floor":35.0,"turns":5.0},{"damage":16.0,"enemies":"Orb Walker","floor":36.0,"turns":3.0},{"damage":30.0,"enemies":"Spire Growth","floor":37.0,"turns":3.0},{"damage":28.0,"enemies":"2 Orb Walkers","floor":38.0,"turns":4.0},{"damage":17.0,"enemies":"4 Shapes","floor":39.0,"turns":5.0},{"damage":1.0,"enemies":"Mind Bloom Boss Battle","floor":41.0,"turns":7.0},{"damage":19.0,"enemies":"Writhing Mass","floor":44.0,"turns":5.0},{"damage":44,"enemies":"Reptomancer","floor":47,"turns":3},{"damage":33,"enemies":"Spire Growth","floor":48,"turns":4},{"damage":53,"enemies":"Donu and Deca","floor":50,"turns":4}],"seed_played":"5052590831756437382","potions_obtained":[{"floor":3.0,"key":"BlessingOfTheForge"},{"floor":7.0,"key":"HeartOfIron"},{"floor":16.0,"key":"AttackPotion"},{"floor":18.0,"key":"Swift Potion"},{"floor":25.0,"key":"Energy Potion"},{"floor":30.0,"key":"ColorlessPotion"},{"floor":35.0,"key":"EntropicBrew"},{"floor":38.0,"key":"Fire Potion"},{"floor":41.0,"key":"SkillPotion"},{"floor":44.0,"key":"Block Potion"}],"is_trial":false,"path_per_floor":["M","M","M","$","?","R","E","?","T","E","R","$","R","E","R","B",null,"M","M","?","M","$","E","R","M","T","M","R","E","E","M","R","B",null,"M","M","M","?","M","R","?","R","T","M","$","T","E","M","R","B"],"character_chosen":"IRONCLAD","items_purchased":["SteroidPotion","Flash of Steel","Ornamental Fan","DuplicationPotion"],"campfire_rested":4,"item_purchase_floors":[4,22,45,45],"current_hp_per_floor":[63,59,61,61,66,66,57,57,57,45,45,45,45,43,43,15,74,72,51,51,39,39,29,59,69,69,66,66,72,59,27,62,32,97,83,77,56,38,34,75,80,121,121,108,108,108,73,46,46,0,0],"gold":56,"neow_bonus":"TRANSFORM_CARD","is_daily":false,"chose_seed":false,"campfire_upgraded":5,"win_rate":0.0,"timestamp":1614288805,"path_taken":["M","M","M","$","?","R","E","?","T","E","R","$","R","E","R","BOSS","M","M","?","?","$","E","R","?","T","M","R","E","E","M","R","BOSS","M","M","?","?","M","R","?","R","T","M","$","?","E","M","R","BOSS"],"items_purchased_type":["Potion","Card","Relic","Potion"],"build_version":"2020-12-22","purchased_purges":3,"victory":false,"max_hp_per_floor":[75,75,75,75,80,80,80,80,80,94,94,94,94,94,94,94,94,97,100,100,100,100,103,103,107,107,111,111,111,115,119,119,119,119,119,123,126,130,137,137,137,137,137,137,137,137,140,140,140,140,140],"relic_stats":{"Dream Catcher":0,"counters":[27,113],"Self Forming Clay":[114],"Ornamental Fan":[20],"Turnip":[0],"Whetstone":["Cleave","Feed"],"Ginger":[4],"War Paint":["Defend_R","Defend_R"],"Cursed Key":1,"obtain_stats":[{"Self Forming Clay":26,"Velvet Choker":17,"Mango":10,"Whetstone":23,"Ginger":38,"War Paint":8,"Cursed Key":34,"Ancient Tea Set":47,"Burning Blood":0,"Dream Catcher":43,"Ornamental Fan":45,"WingedGreaves":29,"Turnip":41,"Bag of Marbles":7,"Pocketwatch":30},{"Self Forming Clay":12,"Velvet Choker":7,"Mango":5,"Whetstone":11,"Ginger":21,"War Paint":4,"Cursed Key":17,"Ancient Tea Set":25,"Burning Blood":0,"Dream Catcher":23,"Ornamental Fan":24,"WingedGreaves":14,"Turnip":23,"Bag of Marbles":4,"Pocketwatch":15},{"Self Forming Clay":47,"Velvet Choker":31,"Mango":20,"Whetstone":44,"Ginger":85,"War Paint":15,"Cursed Key":70,"Ancient Tea Set":105,"Burning Blood":0,"Dream Catcher":97,"Ornamental Fan":102,"WingedGreaves":55,"Turnip":97,"Bag of Marbles":15,"Pocketwatch":59}],"Burning Blood":156,"Pocketwatch":[48]},"card_choices":[{"not_picked":["Armaments","Iron Wave"],"picked":"Cleave","floor":1.0},{"not_picked":["True Grit","Clash"],"picked":"Twin Strike","floor":2.0},{"not_picked":["Pummel","Fire Breathing"],"picked":"Perfected Strike","floor":3.0},{"not_picked":["Havoc","Carnage"],"picked":"Immolate","floor":7.0},{"not_picked":["Rampage","Feel No Pain"],"picked":"Inflame","floor":10.0},{"not_picked":["True Grit","Second Wind"],"picked":"Feed","floor":14.0},{"not_picked":["Double Tap","Barricade"],"picked":"Feed","floor":16.0},{"not_picked":["Wild Strike","Havoc"],"picked":"Twin Strike","floor":18.0},{"not_picked":["Intimidate","Clash"],"picked":"Shockwave","floor":19.0},{"not_picked":["Cleave","Havoc"],"picked":"Shrug It Off","floor":21.0},{"not_picked":["Heavy Blade","Juggernaut","Dark Embrace"],"picked":"SKIP","floor":23.0},{"not_picked":["Thunderclap","Twin Strike","Rampage"],"picked":"SKIP","floor":25.0},{"not_picked":["Twin Strike","Flex","Seeing Red"],"picked":"SKIP","floor":27.0},{"not_picked":["Dual Wield","Entrench","Wild Strike"],"picked":"SKIP","floor":29.0},{"not_picked":["Armaments","Thunderclap"],"picked":"Spot Weakness","floor":30.0},{"not_picked":["Dual Wield","True Grit"],"picked":"Perfected Strike","floor":31.0},{"not_picked":["Fiend Fire","Berserk"],"picked":"Demon Form","floor":33.0},{"not_picked":["Wild Strike","Metallicize"],"picked":"Shrug It Off+1","floor":35.0},{"not_picked":["Entrench","Flex"],"picked":"Power Through+1","floor":36.0},{"not_picked":["True Grit","Clash+1"],"picked":"Pummel","floor":37.0},{"not_picked":["Warcry+1","True Grit"],"picked":"Sword Boomerang","floor":39.0},{"not_picked":["Rage","Body Slam"],"picked":"Twin Strike","floor":44.0},{"not_picked":["Juggernaut","Sword Boomerang"],"picked":"Pummel","floor":47},{"not_picked":["Seeing Red","Power Through","Cleave"],"picked":"SKIP","floor":48}],"player_experience":818102,"relics_obtained":[{"floor":7.0,"key":"Bag of Marbles"},{"floor":10.0,"key":"Mango"},{"floor":23.0,"key":"Whetstone"},{"floor":26.0,"key":"Self Forming Clay"},{"floor":29.0,"key":"WingedGreaves"},{"floor":30.0,"key":"Pocketwatch"},{"floor":38.0,"key":"Ginger"},{"floor":41.0,"key":"Turnip"},{"floor":43.0,"key":"Dream Catcher"},{"floor":47,"key":"Ancient Tea Set"}],"event_choices":[{"damage_healed":0.0,"max_hp_gain":5.0,"max_hp_loss":0.0,"gold_gain":0.0,"event_name":"Big Fish","player_choice":"Donut","floor":5.0,"gold_loss":0.0,"damage_taken":0.0},{"damage_healed":0.0,"max_hp_gain":0.0,"max_hp_loss":0.0,"gold_gain":0.0,"event_name":"Dead Adventurer","player_choice":"Searched \u00272\u0027 times","floor":8.0,"gold_loss":0.0,"damage_taken":0.0,"relics_obtained":["War Paint"]},{"cards_removed":["Strike_R"],"damage_healed":0.0,"max_hp_gain":0.0,"max_hp_loss":0.0,"gold_gain":0.0,"event_name":"Purifier","player_choice":"Purged","floor":20.0,"gold_loss":0.0,"damage_taken":0.0},{"damage_healed":0.0,"max_hp_gain":0.0,"max_hp_loss":0.0,"gold_gain":0.0,"event_name":"Mysterious Sphere","player_choice":"Fight","floor":38.0,"gold_loss":0.0,"damage_taken":0.0},{"damage_healed":0.0,"max_hp_gain":0.0,"max_hp_loss":0.0,"gold_gain":0.0,"event_name":"MindBloom","player_choice":"Fight","floor":41.0,"gold_loss":0.0,"damage_taken":0.0}],"is_beta":false,"boss_relics":[{"not_picked":["Runic Dome","Sozu"],"picked":"Velvet Choker"},{"not_picked":["Mark of Pain","Snecko Eye"],"picked":"Cursed Key"}],"items_purged_floors":[12,22,45],"is_endless":false,"potions_floor_spawned":[3,7,16,18,25,30,33,35,38,41,44],"killed_by":"Donu and Deca","ascension_level":20}}