{"host":"3h49aoss7u87eyhw","time":1614265764,"event":{"mods":["AchievementEnabler","BaseMod","Library of Ruina","Library of Ruina Extra","Minty Spire (QoL Compilation)","StSLib"],"gold_per_floor":[111,127,127,142,317,347,347,364,364,364,382,408,408,423,423,523,523,543,64,81,81,96,96,126,126,126,139,139,153,153,188,188,293,293,308,308,358,78,90,90,107,133,133,153,178,28,57,77,77,77,77],"floor_reached":52,"language":"ZHS","playtime":3349,"items_purged":[],"score":1113,"play_id":"34b42fca-f927-4b1b-b9ce-b3d53a0613b3","local_time":"20210225230924","is_ascension_mode":true,"campfire_choices":[{"data":"SearingSword","floor":7,"key":"SMITH"},{"floor":13,"key":"REST"},{"data":"FlowOfTheSword","floor":15,"key":"SMITH"},{"data":"SnakeSlit","floor":23,"key":"SMITH"},{"data":"FrontalAssault","floor":25,"key":"SMITH"},{"floor":32,"key":"REST"},{"data":"EmotionalTurbulence","floor":40,"key":"SMITH"},{"data":"UnforgettableMelody","floor":49,"key":"SMITH"}],"circlet_count":0,"master_deck":["Dodge","LightAttack","LightDefense","LightDefense","ChargeAndCover","FocusedStrikes","FleetEdge","ViolentFlame","SearingSword+1","QuickSuppression","SnakeSlit+1","FrontalAssault+1","FlowOfTheSword+1","GreatSerpentsImpact+1","Commandeering","UpbeatPerformance+1","SearingSword","UncannyStrike+1","SharpenedBlade+1","SweepTheBackstreets+1","FrontalAssault+1","FleetEdge+1","QuickAttack","WaitUp","FlyingSword+1","EmotionalTurbulence+1","CurseOfTheBell","SuanNi","EnergyCycle","FieryDragonSlash+1","AsThePrescriptOrders","TendonChords+1","SweepTheBackstreets+1","HighKick+1","FieryDragonSlash+1","UnforgettableMelody+1","BiAn","DeepDrag+1"],"relics":["PageOfLibrarian","Mercury Hourglass","HornCleat","Juzu Bracelet","Black Star","Bronze Scales","PageOfMercenary","Bag of Preparation","PageOfBloodbath","Darkstone Periapt","PageOfThreeBirds","PageOfPorccubus","Calling Bell","Shuriken","Bird Faced Urn","Potion Belt","PageOfDeadButterflies","PageOfLittleHelper","Orichalcum","Happy Flower","PageOfScarecrow","Whetstone","Kunai","PageOfWrath","Pear"],"acts_visited":["Exordium","TheCity","TheBeyond"],"potions_floor_usage":[47],"damage_taken":[{"damage":0,"enemies":"Jaw Worm","floor":1,"turns":4},{"damage":0,"enemies":"Cultist","floor":2,"turns":2},{"damage":0,"enemies":"2 Louse","floor":4,"turns":2},{"damage":0,"enemies":"Gremlin Nob","floor":6,"turns":3},{"damage":6,"enemies":"2 Fungi Beasts","floor":8,"turns":2},{"damage":10,"enemies":"Looter","floor":11,"turns":2},{"damage":4,"enemies":"3 Sentries","floor":12,"turns":3},{"damage":0,"enemies":"Blue Slaver","floor":14,"turns":1},{"damage":0,"enemies":"Slime Boss","floor":16,"turns":4},{"damage":3,"enemies":"Chosen","floor":18,"turns":3},{"damage":0,"enemies":"Spheric Guardian","floor":20,"turns":3},{"damage":14,"enemies":"Snake Plant","floor":22,"turns":2},{"damage":12,"enemies":"Slavers","floor":24,"turns":3},{"damage":0,"enemies":"Chosen and Byrds","floor":27,"turns":2},{"damage":0,"enemies":"Snecko","floor":29,"turns":2},{"damage":0,"enemies":"Gremlin Leader","floor":31,"turns":4},{"damage":16,"enemies":"RedHoodMercenary","floor":33,"turns":4},{"damage":5,"enemies":"Orb Walker","floor":35,"turns":1},{"damage":5,"enemies":"Mind Bloom Boss Battle","floor":37,"turns":2},{"damage":3,"enemies":"3 Shapes","floor":39,"turns":2},{"damage":1,"enemies":"Maw","floor":41,"turns":4},{"damage":4,"enemies":"Reptomancer","floor":42,"turns":2},{"damage":6,"enemies":"Transient","floor":44,"turns":5},{"damage":34,"enemies":"Nemesis","floor":45,"turns":3},{"damage":4,"enemies":"Reptomancer","floor":47,"turns":2},{"damage":6,"enemies":"Jaw Worm Horde","floor":48,"turns":2},{"damage":16,"enemies":"Awakened One","floor":50,"turns":4},{"damage":8,"enemies":"Awakened One","floor":51,"turns":3}],"seed_played":"5118680132916702465","potions_obtained":[{"floor":6,"key":"SpeedPotion"},{"floor":8,"key":"LiquidMemories"},{"floor":12,"key":"FairyPotion"},{"floor":48,"key":"FearPotion"}],"is_trial":false,"path_per_floor":["M","M","$","M","?","E","R","M","T","?","M","E","R","M","R","B",null,"M","$","M","?","M","R","E","R","T","M","?","M","?","E","R","B",null,"M","?","?","$","M","R","M","E","T","M","E","$","E","M","R","B",null,null],"character_chosen":"Librarian","items_purchased":["Bronze Scales","SearingSword","PageOfMercenary","FieryDragonSlash","PageOfLittleHelper","UnforgettableMelody"],"campfire_rested":2,"item_purchase_floors":[19,19,19,38,38,46],"current_hp_per_floor":[60,60,60,60,60,60,60,54,54,54,44,40,68,68,68,68,95,92,92,92,92,78,78,66,66,66,70,51,51,51,55,85,75,106,101,101,98,98,99,99,106,103,103,106,80,80,99,102,102,116,116],"gold":77,"neow_bonus":"REMOVE_CARD","is_daily":false,"chose_seed":false,"campfire_upgraded":6,"win_rate":0.0,"timestamp":1614265764,"path_taken":["M","M","$","M","?","E","R","M","T","?","M","E","R","M","R","BOSS","M","$","M","?","M","R","E","R","T","M","?","M","?","E","R","BOSS","M","?","?","$","M","R","M","E","T","M","E","$","E","M","R","BOSS"],"items_purchased_type":["Relic","Card","Relic","Card","Relic","Card"],"build_version":"2020-12-22","purchased_purges":0,"victory":true,"max_hp_per_floor":[71,95,95,95,95,95,95,95,95,95,95,95,95,95,95,95,95,95,95,95,95,95,95,95,95,95,95,100,100,100,100,100,100,106,106,106,106,106,106,106,106,106,106,106,106,106,116,116,116,116,116],"card_choices":[{"not_picked":["Preparation","Overpower","MindWhip","SinglePointStab","ViolentFlame","FieryDragonSlash","Endure","HandleRequest"],"picked":"FleetEdge","floor":1},{"not_picked":["Diversion","ClassAndRespect","WaitUp","EnergyStrike","GatherIntel","Faith","FleetFootsteps","Marionette"],"picked":"ViolentFlame","floor":2},{"not_picked":["ButterflySlash","IdentifyWeakpoint","OpportunitySpotted","BiAn","SparkingSpear","RushDown","Quickness","AbsorbImpact"],"picked":"SearingSword","floor":4},{"not_picked":["PuppetBlockade","CoordinatedAssault","Clone","UnavoidableGaze","Tailoring","Ripple","KeepItFresh","StructuralAnalysis"],"picked":"QuickSuppression","floor":6},{"not_picked":["ScratchThat","SmokingPipe","EnergyStrike","SerpentSwordTechnique","Thirst","ClassAndRespect","CombatPreparation","ViolentFlame"],"picked":"SnakeSlit","floor":8},{"not_picked":["EndlessBattle","Multislash","PreemptiveStrike","EnergyStrike","Parry","Standoff","GuidanceOfTheGears","HighKick"],"picked":"FrontalAssault","floor":11},{"not_picked":["Execute_lor","SturdyDefense","FormingStorm","IngredientHunt","Leap_lor","BoundaryOfDeath","TendonChords","DefenseOrder"],"picked":"FlowOfTheSword","floor":12},{"not_picked":["StrikeDown","IllEndYou","Standoff","SturdyDefense","Castigation","EnergyShield","ICanCookAnything","UpbeatPerformance"],"picked":"GreatSerpentsImpact","floor":14},{"not_picked":["SilentNight","Transpierce"],"picked":"Commandeering","floor":16},{"not_picked":["InhaleSmoke","BayonetCombat","Diversion","SuppressingShot","GreatSerpentsImpact","Rewind","EndlessBattle","GuidanceOfTheGears"],"picked":"UpbeatPerformance+1","floor":18},{"not_picked":["MirageStorm","FleetFootsteps","SunsetBlade+1","StrikeDown","Quickness","EnergyCycle","TheRedNotes","FlashingStrike"],"picked":"UncannyStrike+1","floor":20},{"not_picked":["Wallop_lor+1","SpearedSweep","FrontalAssault","GreatSerpentsImpact","GuidanceOfTheGears","WillOfThePrescript+1","LeRegole","Rewind"],"picked":"SharpenedBlade+1","floor":22},{"not_picked":["SmokingPipe","BackAttack+1","Reload","GreatSerpentsImpact","LossOfSenses","QuickAttack+1","SnakesPrey","StrikeDown+1"],"picked":"SweepTheBackstreets+1","floor":24},{"not_picked":["FleetFootsteps","Parry","QuickSuppression+1","GuidanceOfTheGears","LossOfSenses","EnergyCycle+1","Creak+1","CoordinatedAssault"],"picked":"FrontalAssault+1","floor":27},{"not_picked":["Pound","Transpierce","Bvapour","HardRehearsal","GuidanceOfTheGears","IronWall","FrontalAssault+1","AutonomousRush"],"picked":"FleetEdge+1","floor":29},{"not_picked":["NightInTheBackstreets","BulkyImpact","QuickAttack","ShrineToMusic","FierceCharge","Thrust","Parry2","ExtractFuel"],"picked":"FlyingSword+1","floor":31},{"not_picked":["FormingStorm","DaringDecision"],"picked":"EmotionalTurbulence","floor":33},{"not_picked":["HiddenBlade+1","SpearedSweep+1","BladeWhirl+1","Brawl","Faith+1","GuidanceOfTheGears","MultiBlock","SharpSwipe+1"],"picked":"SuanNi","floor":35},{"not_picked":["Pound","DarkCloud+1","Rewind","PreemptiveStrike","ViolentFlame","NightInTheBackstreets+1","Parry+1","QuickAttack"],"picked":"EnergyCycle","floor":37},{"not_picked":["Parry","HiddenBlade","Diversion","Quickness","TrimTheIngredients+1","Concentration","DefenseOrder+1","MultiHit"],"picked":"AsThePrescriptOrders","floor":39},{"not_picked":["Wallop_lor+1","OpportunitySpotted+1","BladeWhirl","ChiWen+1","DaringDecision","Reload+1","Gigigig","AsThePrescriptOrders+1"],"picked":"TendonChords+1","floor":41},{"not_picked":["FlowOfTheSword","ChargeUp","Diversion+1","HardRehearsal","Endure","Reload","SetFire+1","FendThisOffIfYouCan+1"],"picked":"SweepTheBackstreets+1","floor":42},{"not_picked":["BiAn+1","GaleKick+1","FeelinGood","NightInTheBackstreets","Decapitation","PreemptiveStrike","Multislash","BackAttack"],"picked":"HighKick+1","floor":44},{"not_picked":["HiddenBlade+1","TrashDisposal","Riposte+1","SpearedSweep+1","Bvapour+1","NightInTheBackstreets","UnavoidableGaze","SerpentSwordTechnique+1"],"picked":"FieryDragonSlash+1","floor":45},{"not_picked":["SunsetBlade+1","TendonChords+1","QuickAttack","StrikeDown+1","SpearedSweep","IllEndYou+1","Diversion+1","GroundSmash"],"picked":"BiAn","floor":47},{"not_picked":["PreemptiveStrike+1","NonstopAssault","EndlessBattle+1","Eliminate","BayonetCombat+1","Faith","HandleRequest","DesperateStruggle"],"picked":"DeepDrag+1","floor":48}],"player_experience":47114,"relics_obtained":[{"floor":6,"key":"Mercury Hourglass"},{"floor":9,"key":"HornCleat"},{"floor":12,"key":"Juzu Bracelet"},{"floor":24,"key":"Bag of Preparation"},{"floor":24,"key":"PageOfBloodbath"},{"floor":26,"key":"Darkstone Periapt"},{"floor":31,"key":"PageOfThreeBirds"},{"floor":31,"key":"PageOfPorccubus"},{"floor":34,"key":"Shuriken"},{"floor":34,"key":"Bird Faced Urn"},{"floor":34,"key":"Potion Belt"},{"floor":37,"key":"PageOfDeadButterflies"},{"floor":42,"key":"Orichalcum"},{"floor":42,"key":"Happy Flower"},{"floor":43,"key":"PageOfScarecrow"},{"floor":45,"key":"Whetstone"},{"floor":45,"key":"Kunai"},{"floor":47,"key":"PageOfWrath"},{"floor":47,"key":"Pear"}],"event_choices":[{"damage_healed":0,"gold_gain":175,"player_choice":"AGREE","damage_taken":0,"max_hp_gain":0,"max_hp_loss":0,"event_name":"Liars Game","floor":5,"gold_loss":0,"cards_obtained":["Doubt"]},{"cards_removed":["Doubt"],"damage_healed":0,"gold_gain":0,"player_choice":"Purged","damage_taken":0,"max_hp_gain":0,"max_hp_loss":0,"event_name":"Purifier","floor":10,"gold_loss":0},{"damage_healed":0,"gold_gain":0,"player_choice":"Ignored","damage_taken":0,"max_hp_gain":0,"max_hp_loss":0,"event_name":"Vampires","floor":21,"gold_loss":0},{"damage_healed":0,"gold_gain":0,"player_choice":"Shed Blood","damage_taken":24,"max_hp_gain":5,"max_hp_loss":0,"event_name":"Forgotten Altar","floor":28,"gold_loss":0},{"damage_healed":0,"gold_gain":0,"cards_transformed":["LightAttack","LightAttack"],"player_choice":"Became Test Subject","damage_taken":0,"max_hp_gain":0,"max_hp_loss":0,"event_name":"Drug Dealer","floor":30,"gold_loss":0,"cards_obtained":["QuickAttack","WaitUp"]},{"cards_removed":["LightDefense"],"damage_healed":0,"gold_gain":0,"player_choice":"Removed Skill","damage_taken":0,"max_hp_gain":0,"max_hp_loss":0,"event_name":"Falling","floor":36,"gold_loss":0},{"damage_healed":0,"gold_gain":0,"player_choice":"Fight","damage_taken":0,"max_hp_gain":0,"max_hp_loss":0,"event_name":"MindBloom","floor":37,"gold_loss":0}],"is_beta":false,"boss_relics":[{"not_picked":["Astrolabe","Fusion Hammer"],"picked":"Black Star"},{"not_picked":["Coffee Dripper","Tiny House"],"picked":"Calling Bell"}],"items_purged_floors":[],"is_endless":false,"potions_floor_spawned":[6,8,12,14,20,22,27,33,37,41,45,48],"ascension_level":1}}