{"host":"emqr263yqun247y7","time":1614230776,"event":{"mods":["Aspiration","BaseMod","Bestiary","BetterRewards","Colored Map","Curses Come First","Downfall","Hubris","Infinite Spire","Jorbs\u0027s Wanderer Trilogy","Marisa????????","Minty Spire (QoL Compilation)","READ ME - Guardian Mod","Replay The Spire","Robot Space Explorer","Spire Arcade","StSLib","The Bug Knight","The Cursed","The Disciple","The Hierophant","The Runesmith","The Servant 0.9.4","Yuri Mod","slay the spire mod where everything is the same but ironclad has a cowboy hat"],"gold_per_floor":[114,127,144,154,174,208,227,242,269,296,296,306,306,317,317,412,512,523,538,538,556,573,573,573,573,645,663,663,286,286,201,201,201,201],"floor_reached":33,"language":"ENG","playtime":2498,"items_purged":["Strike_R","Strike_R"],"score":263,"play_id":"5b3fb6ce-de9f-4efe-b911-f6162fd43581","local_time":"20210224212616","is_ascension_mode":false,"campfire_choices":[{"floor":15,"key":"REST"},{"data":"RitualDagger","floor":25,"key":"SMITH"},{"data":"Sword Boomerang","floor":30,"key":"SMITH"},{"floor":32,"key":"REST"}],"circlet_count":0,"master_deck":["Strike_R","Strike_R","Strike_R","Defend_R","Defend_R","Defend_R","Defend_R","Bash","Sword Boomerang+1","Inflame","Searing Blow","Shrug It Off","hubris:SharpeningStone","Rage","Cleave","Pummel","Dropkick","Corruption","True Grit","Thunderclap","Flex","Double Tap","Anger","Heavy Blade","infinitespire:UltimateForm","Flex+1","Headbutt","RitualDagger+1","Run Through"],"relics":["Burning Blood","aspiration:TomeofQuesting","aspiration:ArtOfWarUpgrade","Du-Vu Doll","Replay:Wanted Poster","Calipers","hubris:ScarierMask","Replay:Bottled Steam","Toolbox","Potion Belt","hubris:DeckOfHolding"],"acts_visited":["Exordium","TheCity"],"potions_floor_usage":[6,10,10,10,10,16,18,33],"damage_taken":[{"damage":3,"enemies":"Small Slimes","floor":1,"turns":5},{"damage":2,"enemies":"Cultist","floor":2,"turns":5},{"damage":1,"enemies":"Jaw Worm","floor":3,"turns":3},{"damage":8,"enemies":"2 Fungi Beasts","floor":4,"turns":3},{"damage":10,"enemies":"Looter","floor":5,"turns":4},{"damage":32,"enemies":"Gremlin Nob","floor":6,"turns":4},{"damage":7,"enemies":"Blue Slaver","floor":7,"turns":5},{"damage":10,"enemies":"Large Slime","floor":8,"turns":5},{"damage":1,"enemies":"HollowMod:MossKnight","floor":10,"turns":3},{"damage":14,"enemies":"2 Fungi Beasts","floor":12,"turns":3},{"damage":0,"enemies":"Large Slime","floor":14,"turns":3},{"damage":93,"enemies":"The Guardian","floor":16,"turns":15},{"damage":11,"enemies":"Shell Parasite","floor":18,"turns":4},{"damage":12,"enemies":"3 Byrds","floor":19,"turns":6},{"damage":5,"enemies":"3 Cultists","floor":21,"turns":4},{"damage":36,"enemies":"Snake Plant","floor":22,"turns":5},{"damage":18,"enemies":"Snecko","floor":27,"turns":5},{"damage":86,"enemies":"hubris:MusketHawk","floor":33,"turns":6}],"seed_played":"-8821912929509467651","potions_obtained":[{"floor":1,"key":"DuplicationPotion"},{"floor":4,"key":"Toxic Potion"},{"floor":5,"key":"hexamod:SoulburnPotion"},{"floor":8,"key":"EntropicBrew"},{"floor":16,"key":"Weak Potion"},{"floor":27,"key":"ColorlessPotion"}],"is_trial":false,"path_per_floor":["M","M","M","M","M","E","M","M","T","E","?","M","R","M","R","B",null,"M","M","AVR","M","M","R","?","R","T","M","?","$","R","?","R","B"],"character_chosen":"IRONCLAD","items_purchased":["Toolbox","Potion Belt"],"campfire_rested":2,"item_purchase_floors":[29,29],"current_hp_per_floor":[80,80,80,78,74,48,47,43,43,48,48,40,40,46,70,27,80,75,69,69,70,40,40,34,34,34,22,22,22,22,22,46,0,0],"gold":201,"neow_bonus":"RANDOM_COMMON_RELIC","is_daily":false,"chose_seed":false,"campfire_upgraded":2,"win_rate":0.0,"timestamp":1614230776,"path_taken":["M","M","M","M","M","E","M","M","T","E","?","M","R","M","R","BOSS","M","M","AVR","?","M","R","?","R","T","M","?","?","R","?","R","BOSS"],"items_purchased_type":["Relic","Relic"],"build_version":"2020-12-22","purchased_purges":2,"victory":false,"max_hp_per_floor":[80,80,80,80,80,80,80,80,80,80,80,80,80,80,80,80,80,80,80,80,80,80,80,80,80,80,80,80,80,80,80,80,80,80],"card_choices":[{"not_picked":["Body Slam","Abandon"],"picked":"Sword Boomerang","floor":1},{"not_picked":["Rage","Pommel Strike"],"picked":"Inflame","floor":2},{"not_picked":["Headbutt","Cleave"],"picked":"Searing Blow","floor":3},{"not_picked":["Entrench","Replay:Undeath\u0027s Touch"],"picked":"Shrug It Off","floor":4},{"not_picked":["Carnage","Hemokinesis"],"picked":"hubris:SharpeningStone","floor":5},{"not_picked":["Hemogenesis","ReplayTheSpireMod:Stacked"],"picked":"Rage","floor":6},{"not_picked":["ReplayTheSpireMod:Strike From Hell","Flame Barrier"],"picked":"Cleave","floor":7},{"not_picked":["Shockwave","Second Wind"],"picked":"Pummel","floor":8},{"not_picked":["Clash","Bludgeon"],"picked":"Dropkick","floor":10},{"not_picked":["Intimidate","True Grit"],"picked":"Thunderclap","floor":12},{"not_picked":["Body Slam","Wild Strike"],"picked":"Flex","floor":14},{"not_picked":["Brutality","Limit Break"],"picked":"Double Tap","floor":16},{"not_picked":["Replay:Undeath\u0027s Touch+1","True Grit"],"picked":"Anger","floor":18},{"not_picked":["Rupture","Dark Embrace+1"],"picked":"Heavy Blade","floor":19},{"not_picked":["Sword Boomerang","Uppercut+1"],"picked":"Flex+1","floor":21},{"not_picked":["Cleave","Bloodletting"],"picked":"Headbutt","floor":22},{"not_picked":["ReplayTheSpireMod:Muscle Training+1","Anger+1"],"picked":"Run Through","floor":27}],"player_experience":726789,"relics_obtained":[{"floor":6,"key":"Art of War"},{"floor":10,"key":"Du-Vu Doll"},{"floor":26,"key":"Replay:Bottled Steam"}],"event_choices":[{"damage_healed":0,"gold_gain":0,"player_choice":"2 cards matched","damage_taken":0,"max_hp_gain":0,"max_hp_loss":0,"event_name":"Match and Keep!","floor":11,"gold_loss":0,"cards_obtained":["Corruption","True Grit"]},{"damage_healed":0,"gold_gain":0,"player_choice":"Joined the Cult","damage_taken":6,"max_hp_gain":0,"max_hp_loss":0,"event_name":"Nest","floor":24,"gold_loss":0,"cards_obtained":["RitualDagger"]},{"damage_healed":0,"gold_gain":0,"player_choice":"Obtained Relic","damage_taken":0,"relics_obtained":["hubris:DeckOfHolding"],"max_hp_gain":0,"max_hp_loss":0,"event_name":"Addict","floor":31,"gold_loss":85}],"is_beta":false,"boss_relics":[{"not_picked":["Fusion Hammer","Electric Blood"],"picked":"Replay:Wanted Poster"}],"items_purged_floors":[20,29],"is_endless":false,"potions_floor_spawned":[1,4,5,8,16,27],"killed_by":"hubris:MusketHawk","ascension_level":0}}