{"host":"prxrhpgaxnj4om9r","time":1614239884,"event":{"mods":["AchievementEnabler","BaseMod","Colored Map","DeckTracker","Minty Spire (QoL Compilation)"],"gold_per_floor":[115,115,132,144,163,163,163,491,570,581,581,613,623,11,11,106,106,118,118,135,50,50,50],"floor_reached":22,"language":"KOR","playtime":879,"items_purged":[],"score":298,"play_id":"bcf3b478-b952-41ee-896e-ce7645267565","local_time":"20210225165804","is_ascension_mode":true,"campfire_choices":[{"data":"Mind Blast","floor":6,"key":"SMITH"},{"data":"Bane","floor":11,"key":"SMITH"},{"data":"Noxious Fumes","floor":15,"key":"SMITH"}],"circlet_count":0,"master_deck":["Strike_G","Strike_G+1","Strike_G","Strike_G","Strike_G+1","Defend_G","Defend_G","Defend_G","Defend_G","Defend_G","Survivor","Neutralize","Cloak And Dagger","Mind Blast+1","Bane+1","Quick Slash+1","Acrobatics","Blade Dance","Backstab","Dagger Spray","Deadly Poison","Poisoned Stab","Panache","Noxious Fumes+1","Poisoned Stab","Corpse Explosion","All Out Attack","Deadly Poison"],"relics":["Coffee Dripper","Old Coin","Ornamental Fan","Whetstone","Potion Belt","Oddly Smooth Stone","Snecko Eye","Bronze Scales"],"acts_visited":["Exordium","TheCity"],"potions_floor_usage":[5,12,12,16,16,16,22],"damage_taken":[{"damage":0,"enemies":"Cultist","floor":1,"turns":4},{"damage":0,"enemies":"2 Louse","floor":3,"turns":2},{"damage":0,"enemies":"Jaw Worm","floor":4,"turns":3},{"damage":2,"enemies":"3 Louse","floor":5,"turns":2},{"damage":30,"enemies":"Lagavulin","floor":8,"turns":6},{"damage":0,"enemies":"Exordium Thugs","floor":10,"turns":3},{"damage":0,"enemies":"3 Sentries","floor":12,"turns":3},{"damage":3,"enemies":"Blue Slaver","floor":13,"turns":2},{"damage":12,"enemies":"Hexaghost","floor":16,"turns":6},{"damage":24,"enemies":"3 Byrds","floor":18,"turns":3},{"damage":19,"enemies":"2 Thieves","floor":20,"turns":3},{"damage":20,"enemies":"Snake Plant","floor":22,"turns":1}],"seed_played":"4179034649995276928","potions_obtained":[{"floor":4,"key":"Block Potion"},{"floor":8,"key":"Fire Potion"},{"floor":10,"key":"DistilledChaos"},{"floor":12,"key":"AttackPotion"},{"floor":13,"key":"EssenceOfSteel"},{"floor":20,"key":"AttackPotion"}],"is_trial":false,"path_per_floor":["M","?","M","M","M","R","?","E","T","M","R","E","M","$","R","B",null,"M","$","M","?","M"],"character_chosen":"THE_SILENT","items_purchased":["Potion Belt","Oddly Smooth Stone","Panache","Noxious Fumes","AttackPotion","Poisoned Stab"],"campfire_rested":0,"item_purchase_floors":[14,14,14,14,14,14],"current_hp_per_floor":[63,63,63,63,61,61,61,31,31,31,31,31,28,28,28,16,57,33,33,14,14,0,0],"gold":50,"neow_bonus":"BOSS_RELIC","is_daily":false,"chose_seed":false,"campfire_upgraded":3,"win_rate":0.0,"timestamp":1614239884,"path_taken":["M","?","?","M","M","R","?","E","T","M","R","E","M","$","R","BOSS","M","$","?","?","M"],"items_purchased_type":["Relic","Relic","Card","Card","Potion","Card"],"build_version":"2020-12-22","purchased_purges":0,"victory":false,"max_hp_per_floor":[70,70,70,70,70,70,70,70,70,70,70,70,70,70,70,70,70,70,70,70,70,70,70],"card_choices":[{"not_picked":["Sucker Punch","Outmaneuver"],"picked":"Cloak And Dagger","floor":1},{"not_picked":["Bane","Catalyst"],"picked":"Quick Slash","floor":3},{"not_picked":["Cloak And Dagger","Slice"],"picked":"Acrobatics","floor":4},{"not_picked":["Cloak And Dagger","Outmaneuver"],"picked":"Blade Dance","floor":5},{"not_picked":["Tactician","Cloak And Dagger"],"picked":"Backstab","floor":8},{"not_picked":["Flying Knee","Calculated Gamble"],"picked":"Dagger Spray","floor":10},{"not_picked":["Blur","All Out Attack"],"picked":"Deadly Poison","floor":12},{"not_picked":["Prepared","Deflect"],"picked":"Poisoned Stab","floor":13},{"not_picked":["Wraith Form v2","Grand Finale"],"picked":"Corpse Explosion","floor":16},{"not_picked":["Dagger Throw","PiercingWail"],"picked":"All Out Attack","floor":18},{"not_picked":["Cloak And Dagger","Dodge and Roll"],"picked":"Deadly Poison","floor":20}],"player_experience":646188,"relics_obtained":[{"floor":8,"key":"Old Coin"},{"floor":9,"key":"Ornamental Fan"},{"floor":12,"key":"Whetstone"}],"event_choices":[{"damage_healed":0,"gold_gain":0,"player_choice":"2 cards matched","damage_taken":0,"max_hp_gain":0,"max_hp_loss":0,"event_name":"Match and Keep!","floor":2,"gold_loss":0,"cards_obtained":["Mind Blast","Bane"]},{"damage_healed":0,"gold_gain":0,"player_choice":"Upgraded","damage_taken":0,"max_hp_gain":0,"max_hp_loss":0,"event_name":"Upgrade Shrine","floor":7,"gold_loss":0,"cards_upgraded":["Quick Slash"]},{"damage_healed":0,"gold_gain":0,"player_choice":"Obtained Relic","damage_taken":0,"relics_obtained":["Bronze Scales"],"max_hp_gain":0,"max_hp_loss":0,"event_name":"Addict","floor":21,"gold_loss":85}],"is_beta":false,"boss_relics":[{"not_picked":["Empty Cage","Runic Dome"],"picked":"Snecko Eye"}],"items_purged_floors":[],"is_endless":false,"potions_floor_spawned":[4,8,10,12,13,20],"killed_by":"Snake Plant","ascension_level":7}}