{"host":"41yb08u5hvoqx9xd","time":1614267791,"event":{"mods":["BaseMod","Minty Spire (QoL Compilation)","Relic Stats"],"gold_per_floor":[116,128,128,148,33,60,78,78,103,117,152,152,152,188,188,281,281,314,342,47,65,65,65,108,108,132,155,169,190,208,246,246,345,345,365,365,379,254,254,294,294,315,315,360,369,369,32,56,56,56],"floor_reached":51,"language":"ENG","playtime":175369,"items_purged":["Defend_G","Strike_G","Pain"],"score":1885,"play_id":"55a9bc41-361a-41fe-90fd-383f21eb14f0","local_time":"20210225104311","is_ascension_mode":true,"campfire_choices":[{"data":"Wraith Form v2","floor":8.0,"key":"SMITH"},{"floor":13.0,"key":"REST"},{"data":"Bouncing Flask","floor":15.0,"key":"SMITH"},{"data":"Venomology","floor":23,"key":"SMITH"},{"data":"Well Laid Plans","floor":32,"key":"SMITH"},{"floor":41,"key":"REST"},{"floor":46,"key":"REST"},{"floor":49,"key":"REST"}],"circlet_count":0,"master_deck":["AscendersBane","Strike_G","Strike_G","Defend_G","Defend_G","Defend_G","Defend_G","Survivor","Neutralize","Bouncing Flask+1","Well Laid Plans+1","Cloak And Dagger","All Out Attack","Wraith Form v2+1","Leg Sweep","Quick Slash","Tactician","Reflex","Venomology+1","CurseOfTheBell","Poisoned Stab+1","Terror+1","Noxious Fumes","Bouncing Flask","Noxious Fumes","Escape Plan","Prepared+1","Burst","Dodge and Roll+1","Sadistic Nature","Sadistic Nature","Prepared+1"],"relics":["Ring of the Snake","Orichalcum","Regal Pillow","Bag of Marbles","Golden Idol","Tough Bandages","Calling Bell","MawBank","Meat on the Bone","FossilizedHelix","Happy Flower","Pocketwatch","Oddly Smooth Stone","Toy Ornithopter","Fusion Hammer","WarpedTongs","Bottled Tornado","CeramicFish","Nunchaku","InkBottle","Lantern"],"acts_visited":["Exordium","TheCity","TheBeyond"],"potions_floor_usage":[16,19,19,21,24,27,28,29,30,31,31,33,37,37,37,40,42,44,48,50,50],"damage_taken":[{"damage":0.0,"enemies":"2 Louse","floor":1.0,"turns":3.0},{"damage":1.0,"enemies":"Jaw Worm","floor":2.0,"turns":3.0},{"damage":12.0,"enemies":"Small Slimes","floor":4.0,"turns":5.0},{"damage":24.0,"enemies":"Lagavulin","floor":6.0,"turns":9.0},{"damage":10.0,"enemies":"Exordium Thugs","floor":7.0,"turns":5.0},{"damage":6.0,"enemies":"Lots of Slimes","floor":10.0,"turns":4.0},{"damage":5.0,"enemies":"Gremlin Nob","floor":11.0,"turns":5.0},{"damage":9.0,"enemies":"Lagavulin","floor":14.0,"turns":8.0},{"damage":33,"enemies":"Slime Boss","floor":16,"turns":11},{"damage":8,"enemies":"Chosen","floor":18,"turns":7},{"damage":2,"enemies":"2 Thieves","floor":19,"turns":4},{"damage":0,"enemies":"Snecko","floor":21,"turns":8},{"damage":0,"enemies":"Gremlin Leader","floor":24,"turns":6},{"damage":23,"enemies":"Cultist and Chosen","floor":27,"turns":5},{"damage":0,"enemies":"Centurion and Healer","floor":28,"turns":7},{"damage":2,"enemies":"Chosen and Byrds","floor":29,"turns":5},{"damage":0,"enemies":"Snecko","floor":30,"turns":5},{"damage":0,"enemies":"Book of Stabbing","floor":31,"turns":6},{"damage":16,"enemies":"Automaton","floor":33,"turns":10},{"damage":0,"enemies":"Orb Walker","floor":35,"turns":5},{"damage":0,"enemies":"3 Shapes","floor":37,"turns":5},{"damage":17,"enemies":"Giant Head","floor":40,"turns":9},{"damage":3,"enemies":"Writhing Mass","floor":42,"turns":6},{"damage":27,"enemies":"Reptomancer","floor":44,"turns":8},{"damage":16,"enemies":"4 Shapes","floor":48,"turns":3},{"damage":60,"enemies":"Donu and Deca","floor":50,"turns":7}],"seed_played":"877979146425254024","potions_obtained":[{"floor":2.0,"key":"Regen Potion"},{"floor":4.0,"key":"Poison Potion"},{"floor":6.0,"key":"DuplicationPotion"},{"floor":14.0,"key":"AttackPotion"},{"floor":18,"key":"LiquidMemories"},{"floor":19,"key":"BlessingOfTheForge"},{"floor":31,"key":"SkillPotion"},{"floor":42,"key":"Energy Potion"},{"floor":48,"key":"AttackPotion"}],"is_trial":false,"path_per_floor":["M","M","?","M","$","E","M","R","T","M","E","?","R","E","R","B",null,"M","M","$","M","?","R","E","$","T","M","M","M","M","E","R","B",null,"M","?","M","$","T","E","R","M","T","E","?","R","$","M","R","B",null],"character_chosen":"THE_SILENT","items_purchased":["All Out Attack","Happy Flower","Noxious Fumes","Lantern","Sadistic Nature"],"campfire_rested":4,"item_purchase_floors":[5,20,20,47,47],"current_hp_per_floor":[65,64,57,45,45,36,26,26,26,20,15,15,49,40,40,7,51,43,41,41,41,41,41,41,41,41,30,42,40,49,49,49,38,58,58,58,65,65,65,48,65,65,65,38,38,65,65,54,65,27],"gold":56,"neow_bonus":"TEN_PERCENT_HP_BONUS","is_daily":false,"chose_seed":false,"campfire_upgraded":4,"win_rate":0.0,"timestamp":1614267791,"path_taken":["M","M","?","M","$","E","M","R","T","M","E","?","R","E","R","BOSS","M","M","$","M","?","R","E","?","T","M","M","?","M","E","R","BOSS","M","?","M","$","?","E","R","M","T","E","?","R","?","?","R","BOSS"],"items_purchased_type":["Card","Relic","Card","Relic","Card"],"build_version":"2020-12-22","purchased_purges":3,"victory":true,"max_hp_per_floor":[72,72,72,72,72,72,72,72,72,72,72,65,65,65,65,65,65,65,65,65,65,65,65,65,65,65,65,65,65,65,65,65,65,65,65,65,65,65,65,65,65,65,65,65,65,65,65,65,65,65],"relic_stats":{"Regal Pillow":23,"Happy Flower":[31],"counters":[26,159],"Golden Idol":138,"CeramicFish":36,"Orichalcum":[444],"MawBank":36,"WarpedTongs":[38],"Tough Bandages":[171],"Nunchaku":[2],"obtain_stats":[{"Regal Pillow":9,"Lantern":47,"Happy Flower":20,"Golden Idol":12,"CeramicFish":40,"Oddly Smooth Stone":26,"Orichalcum":6,"Bottled Tornado":39,"MawBank":17,"WarpedTongs":36,"Calling Bell":17,"Tough Bandages":14,"Nunchaku":43,"Fusion Hammer":34,"Bag of Marbles":11,"FossilizedHelix":17,"Toy Ornithopter":31,"InkBottle":44,"Ring of the Snake":0,"Meat on the Bone":17,"Pocketwatch":24},{"Regal Pillow":5,"Lantern":24,"Happy Flower":11,"Golden Idol":7,"CeramicFish":22,"Oddly Smooth Stone":13,"Orichalcum":4,"Bottled Tornado":21,"MawBank":9,"WarpedTongs":20,"Calling Bell":9,"Tough Bandages":8,"Nunchaku":23,"Fusion Hammer":19,"Bag of Marbles":7,"FossilizedHelix":9,"Toy Ornithopter":18,"InkBottle":24,"Ring of the Snake":0,"Meat on the Bone":9,"Pocketwatch":13},{"Regal Pillow":25,"Lantern":149,"Happy Flower":64,"Golden Idol":34,"CeramicFish":135,"Oddly Smooth Stone":78,"Orichalcum":20,"Bottled Tornado":126,"MawBank":53,"WarpedTongs":121,"Calling Bell":53,"Tough Bandages":42,"Nunchaku":141,"Fusion Hammer":116,"Bag of Marbles":34,"FossilizedHelix":53,"Toy Ornithopter":106,"InkBottle":149,"Ring of the Snake":0,"Meat on the Bone":53,"Pocketwatch":78}],"Toy Ornithopter":30,"InkBottle":[5],"Ring of the Snake":[52],"Meat on the Bone":36,"Pocketwatch":[99]},"card_choices":[{"not_picked":["Cloak And Dagger","Dagger Spray"],"picked":"Bouncing Flask","floor":1.0},{"not_picked":["Outmaneuver","Endless Agony"],"picked":"Well Laid Plans","floor":2.0},{"not_picked":["Backflip","Flying Knee"],"picked":"Cloak And Dagger","floor":4.0},{"not_picked":["Accuracy","Sucker Punch"],"picked":"Wraith Form v2","floor":6.0},{"not_picked":["Calculated Gamble","Outmaneuver"],"picked":"Leg Sweep","floor":7.0},{"not_picked":["Dodge and Roll","Dash"],"picked":"Quick Slash","floor":10.0},{"not_picked":["Storm of Steel","Bane"],"picked":"Tactician","floor":11.0},{"not_picked":["Flying Knee","Flechettes"],"picked":"Reflex","floor":14.0},{"not_picked":["Burst","Grand Finale"],"picked":"Venomology","floor":16},{"not_picked":["Prepared","Blade Dance"],"picked":"Poisoned Stab+1","floor":18},{"not_picked":["Prepared","Distraction"],"picked":"Terror+1","floor":19},{"not_picked":["Dodge and Roll","Eviscerate+1"],"picked":"Bouncing Flask","floor":21},{"not_picked":["Riddle With Holes","Backflip","Dagger Spray"],"picked":"SKIP","floor":24},{"not_picked":["Prepared","Caltrops","Dagger Spray"],"picked":"SKIP","floor":27},{"not_picked":["Outmaneuver","Quick Slash"],"picked":"Escape Plan","floor":28},{"not_picked":["Heel Hook","Backstab","Poisoned Stab"],"picked":"SKIP","floor":29},{"not_picked":["Slice+1","Masterful Stab","Finisher"],"picked":"SKIP","floor":30},{"not_picked":["Dagger Spray","Deflect"],"picked":"Prepared+1","floor":31},{"not_picked":["Glass Knife","Malaise"],"picked":"Burst","floor":33},{"not_picked":["All Out Attack+1","Dagger Spray+1","Predator"],"picked":"SKIP","floor":35},{"not_picked":["Outmaneuver","Well Laid Plans","Dash"],"picked":"SKIP","floor":37},{"not_picked":["Riddle With Holes","Acrobatics","Glass Knife"],"picked":"SKIP","floor":40},{"not_picked":["Distraction+1","Flechettes+1","Concentrate"],"picked":"SKIP","floor":42},{"not_picked":["Caltrops","Dagger Spray"],"picked":"Dodge and Roll+1","floor":44},{"not_picked":["Finesse","Flash of Steel"],"picked":"Sadistic Nature","floor":45},{"not_picked":["Skewer","Predator"],"picked":"Prepared+1","floor":48}],"player_experience":466854,"relics_obtained":[{"floor":6.0,"key":"Orichalcum"},{"floor":9.0,"key":"Regal Pillow"},{"floor":11.0,"key":"Bag of Marbles"},{"floor":14.0,"key":"Tough Bandages"},{"floor":17,"key":"MawBank"},{"floor":17,"key":"Meat on the Bone"},{"floor":17,"key":"FossilizedHelix"},{"floor":24,"key":"Pocketwatch"},{"floor":26,"key":"Oddly Smooth Stone"},{"floor":31,"key":"Toy Ornithopter"},{"floor":39,"key":"Bottled Tornado"},{"floor":40,"key":"CeramicFish"},{"floor":43,"key":"Nunchaku"},{"floor":44,"key":"InkBottle"}],"event_choices":[{"cards_removed":["Strike_G"],"damage_healed":0.0,"max_hp_gain":0.0,"max_hp_loss":0.0,"gold_gain":0.0,"event_name":"Golden Wing","player_choice":"Card Removal","floor":3.0,"gold_loss":0.0,"damage_taken":7.0},{"damage_healed":0.0,"max_hp_gain":0.0,"max_hp_loss":7.0,"gold_gain":0.0,"event_name":"Golden Idol","player_choice":"Lose Max HP","floor":12.0,"gold_loss":0.0,"damage_taken":0.0,"relics_obtained":["Golden Idol"]},{"damage_healed":0,"gold_gain":0,"cards_transformed":["Strike_G"],"player_choice":"Transformed","damage_taken":0,"max_hp_gain":0,"max_hp_loss":0,"event_name":"Transmorgrifier","floor":22,"gold_loss":0,"cards_obtained":["Noxious Fumes"]},{"damage_healed":0,"gold_gain":0,"player_choice":"Rummage","damage_taken":0,"relics_obtained":["WarpedTongs"],"max_hp_gain":0,"max_hp_loss":0,"event_name":"Accursed Blacksmith","floor":36,"gold_loss":0,"cards_obtained":["Pain"]},{"damage_healed":0,"gold_gain":0,"player_choice":"Memory 1","damage_taken":0,"max_hp_gain":0,"max_hp_loss":0,"event_name":"SensoryStone","floor":45,"gold_loss":0}],"is_beta":false,"boss_relics":[{"not_picked":["SlaversCollar","Astrolabe"],"picked":"Calling Bell"},{"not_picked":["Runic Pyramid","WristBlade"],"picked":"Fusion Hammer"}],"items_purged_floors":[5,20,38],"is_endless":false,"potions_floor_spawned":[2,4,6,14,18,19,24,31,33,40,42,48],"ascension_level":18}}