{"host":"vrsxkkch9ccrec7k","time":1614215685,"event":{"mods":["Act Like it!","BaseMod","Bestiary","Better Altar","Better Match","Better Note","Better Sensory Stone","Better Skull","Better Third Choice","Better Vampires","Downfall","Minty Spire (QoL Compilation)","Permanent Neow","Relic Stats","Spicy Shops","StSLib"],"gold_per_floor":[109,109,136,149,197,197,223,237,261,273,301,380,408,33,33,106,106,122,136,136,146,163,163,54,54,54,64,64,80,97,97,97,97,97],"floor_reached":33,"language":"ENG","playtime":1323,"items_purged":["Decay"],"score":486,"play_id":"2c54b2cf-c6cc-4bb1-b506-c62471def057","local_time":"20210224201445","is_ascension_mode":true,"campfire_choices":[{"data":"Sunder","floor":6,"key":"SMITH"},{"data":"Genetic Algorithm","floor":10,"key":"SMITH"},{"floor":15,"key":"REST"},{"floor":23,"key":"REST"},{"data":"Hologram","floor":25,"key":"SMITH"},{"floor":28,"key":"REST"},{"floor":32,"key":"REST"}],"circlet_count":0,"master_deck":["AscendersBane","Strike_B","Strike_B","Strike_B","Strike_B","Defend_B","Defend_B","Defend_B","Defend_B","Zap","Dualcast","Genetic Algorithm+1","Sunder+1","Conserve Battery","Ball Lightning","Ball Lightning","Hologram+1","Turbo","FTL","Meteor Strike","Cold Snap+1","Compile Driver","Meteor Strike","Conserve Battery","Compile Driver","Beam Cell+1","Go for the Eyes+1","Conserve Battery","Sweeping Beam"],"relics":["Guardian:PocketSentry","Art of War","Vajra","DataDisk","MawBank","Frozen Egg 2","sneckomod:BlankCard","SlaversCollar","Nloth\u0027s Gift","Dream Catcher"],"acts_visited":["Exordium","TheCity"],"potions_floor_usage":[7,16,29,33,33],"damage_taken":[{"damage":0,"enemies":"Cultist","floor":1,"turns":3},{"damage":2,"enemies":"Jaw Worm","floor":4,"turns":3},{"damage":12,"enemies":"Lagavulin","floor":7,"turns":6},{"damage":0,"enemies":"Small Slimes","floor":8,"turns":1},{"damage":1,"enemies":"3 Louse","floor":11,"turns":3},{"damage":0,"enemies":"Gremlin Gang","floor":13,"turns":4},{"damage":19,"enemies":"Slime Boss","floor":16,"turns":8},{"damage":3,"enemies":"3 Byrds","floor":18,"turns":4},{"damage":0,"enemies":"Spheric Guardian","floor":19,"turns":1},{"damage":9,"enemies":"3 Cultists","floor":21,"turns":5},{"damage":30,"enemies":"Sentry and Sphere","floor":22,"turns":5},{"damage":16,"enemies":"Chosen and Byrds","floor":27,"turns":5},{"damage":5,"enemies":"Centurion and Healer","floor":29,"turns":6},{"damage":6,"enemies":"Snake Plant","floor":30,"turns":4},{"damage":44,"enemies":"Automaton","floor":33,"turns":6}],"seed_played":"6829420741381107984","potions_obtained":[{"floor":1,"key":"BlessingOfTheForge"},{"floor":11,"key":"CultistPotion"},{"floor":13,"key":"Weak Potion"},{"floor":16,"key":"LiquidMemories"},{"floor":18,"key":"PowerPotion"},{"floor":21,"key":"sneckomod:MuddlingPotion"},{"floor":29,"key":"Strength Potion"}],"is_trial":false,"path_per_floor":["M","?","T","M","T","R","E","M","T","R","M","?","M","$","R","B",null,"M","M","?","M","M","R","$","R","T","M","R","M","M","?","R","B"],"character_chosen":"DEFECT","items_purchased":["Frozen Egg 2","sneckomod:BlankCard","Turbo","FTL","Fruit Juice"],"campfire_rested":4,"item_purchase_floors":[14,14,14,14,24],"current_hp_per_floor":[64,64,64,62,62,62,50,50,50,50,49,49,49,49,70,51,66,63,63,63,54,24,45,45,45,45,29,50,50,44,22,44,0,0],"gold":97,"neow_bonus":"RANDOM_COMMON_RELIC","is_daily":false,"chose_seed":false,"campfire_upgraded":3,"win_rate":0.0,"timestamp":1614215685,"path_taken":["M","?","?","M","?","R","E","M","T","R","M","?","M","$","R","BOSS","M","M","?","M","?","R","$","R","T","M","R","M","M","?","R","BOSS"],"items_purchased_type":["Relic","Relic","Card","Card","Potion"],"build_version":"2020-12-22","purchased_purges":1,"victory":false,"max_hp_per_floor":[71,71,71,71,71,71,71,71,71,71,71,71,71,71,71,71,71,71,71,71,71,71,71,71,71,71,71,71,76,76,76,76,76,76],"relic_stats":{"Dream Catcher":2,"counters":[15,63],"Art of War":[7],"Nloth\u0027s Gift":2,"MawBank":60,"obtain_stats":[{"SlaversCollar":17,"DataDisk":7,"Dream Catcher":26,"sneckomod:BlankCard":14,"Vajra":5,"Guardian:PocketSentry":0,"Art of War":3,"Nloth\u0027s Gift":20,"Frozen Egg 2":14,"Cracked Core":0,"MawBank":9},{"SlaversCollar":7,"DataDisk":3,"Dream Catcher":11,"sneckomod:BlankCard":6,"Vajra":2,"Guardian:PocketSentry":0,"Art of War":1,"Nloth\u0027s Gift":9,"Frozen Egg 2":6,"Cracked Core":0,"MawBank":4},{"SlaversCollar":28,"DataDisk":12,"Dream Catcher":42,"sneckomod:BlankCard":20,"Vajra":6,"Guardian:PocketSentry":0,"Art of War":3,"Nloth\u0027s Gift":33,"Frozen Egg 2":20,"Cracked Core":0,"MawBank":13}]},"card_choices":[{"not_picked":["Lockon","Sweeping Beam"],"picked":"Genetic Algorithm","floor":1},{"not_picked":["Reinforced Body","Loop"],"picked":"Sunder","floor":4},{"not_picked":["Barrage","Darkness"],"picked":"Conserve Battery","floor":7},{"not_picked":["Steam","Streamline"],"picked":"Ball Lightning","floor":8},{"not_picked":["Reboot","Hologram"],"picked":"Ball Lightning","floor":11},{"not_picked":["Streamline","Barrage"],"picked":"Hologram","floor":13},{"not_picked":["Multi-Cast","Rainbow"],"picked":"Meteor Strike","floor":16},{"not_picked":["Stack","Rebound+1"],"picked":"Cold Snap+1","floor":18},{"not_picked":["BootSequence","Streamline"],"picked":"Compile Driver","floor":19},{"not_picked":["Stack","Gash"],"picked":"Meteor Strike","floor":21},{"not_picked":["Hello World+1","Doom and Gloom"],"picked":"Conserve Battery","floor":22},{"not_picked":["Streamline","Rebound"],"picked":"Compile Driver","floor":27},{"not_picked":["White Noise","Redo"],"picked":"Beam Cell+1","floor":28},{"not_picked":["Meteor Strike","Rebound+1"],"picked":"Go for the Eyes+1","floor":29},{"not_picked":["Rebound","Genetic Algorithm"],"picked":"Conserve Battery","floor":30},{"not_picked":["Turbo","Leap"],"picked":"Sweeping Beam","floor":32}],"player_experience":2026195,"relics_obtained":[{"floor":3,"key":"Art of War"},{"floor":5,"key":"Vajra"},{"floor":7,"key":"DataDisk"},{"floor":9,"key":"MawBank"},{"floor":26,"key":"Dream Catcher"}],"event_choices":[{"damage_healed":64,"gold_gain":0,"player_choice":"Leave","damage_taken":0,"max_hp_gain":0,"max_hp_loss":71,"event_name":"betterThird:BetterShining","floor":2,"gold_loss":0},{"damage_healed":0,"gold_gain":67,"player_choice":"Gained Gold","damage_taken":0,"max_hp_gain":0,"max_hp_loss":0,"event_name":"Golden Wing","floor":12,"gold_loss":0},{"damage_healed":0,"gold_gain":0,"player_choice":"Traded Relic","damage_taken":0,"relics_obtained":["Nloth\u0027s Gift"],"max_hp_gain":0,"max_hp_loss":0,"event_name":"N\u0027loth","floor":20,"relics_lost":["Cracked Core"],"gold_loss":0},{"damage_healed":0,"gold_gain":0,"player_choice":" Potion ","damage_taken":22,"relics_obtained":[],"max_hp_gain":44,"max_hp_loss":22,"event_name":"betterAltar:BetterAltar","floor":31,"potions_obtained":["betterAltar:AltarPotion"],"relics_lost":[],"gold_loss":0}],"is_beta":false,"boss_relics":[{"not_picked":["Cursed Key","Empty Cage"],"picked":"SlaversCollar"}],"items_purged_floors":[14],"is_endless":false,"potions_floor_spawned":[1,11,13,16,18,19,21,29],"killed_by":"Automaton","ascension_level":19}}