{"host":"p5axfb00mxhraew6","time":1614270252,"event":{"mods":["100% Spire Juice","Abigail Mod","Act Like it!","BaseMod","CapriCore","Friendly Minions","GifTheSpireLib","Jedi Mod","KomeijiMod","Library of Ruina","Library of Ruina Extra","MarisaÅiñ∂âJÅ@ñÇóùçπÅj","Minty Spire (QoL Compilation)","Prisma Mod","ReimuÅiîé??öÎÅj","RemiliaÅiÂQïƒ‰ª?Åj","SOSÅiézîb?îVéqÅj","StSLib","Td1madao Mod","The Alterego","The Immortal","The Problem Sleuth","Yakumo Yukari mod"],"gold_per_floor":[115,40,52,52,52,77,94,94,94,106,124,124,142,160,160,264,264,280,212,224,242,260,293,293,307,307,324,351,351,364,376,376,472,472,490,98,114,114,114,139,155,155,180,194,224,224,99,128,128,128,128,128,128,51,82,82,82],"floor_reached":56,"language":"ENG","playtime":2685,"items_purged":["LightAttack","LightAttack","Standoff"],"score":1060,"play_id":"5dd5245c-5e65-4f18-9303-3783c96baf73","local_time":"20210226012412","is_ascension_mode":true,"campfire_choices":[{"data":"CombatPreparation","floor":8,"key":"SMITH"},{"data":"Rampage_lor","floor":12,"key":"SMITH"},{"data":"CombatPreparation","floor":15,"key":"SMITH"},{"data":"RagingStormLove","floor":24,"key":"SMITH"},{"data":"SuanNi","floor":29,"key":"SMITH"},{"floor":32,"key":"RECALL"},{"data":"CrackOfDawn","floor":46,"key":"SMITH"},{"data":"BlazingStrike","floor":49,"key":"SMITH"},{"floor":53,"key":"REST"}],"circlet_count":0,"master_deck":["Dodge","LightDefense","LightDefense","LightDefense","LightDefense","ChargeAndCover","FocusedStrikes","GoinFirst","CombatPreparation+1","Deflect_lor","AbsorbImpact","CombatPreparation+1","Unlock1","Rampage_lor+1","DefenseOrder","BlazingStrike+1","RagingStormLove+1","CookingPrep+1","Eject+1","BlowItUp+1","ExtremeEdge+1","Retaliate+1","HighSpeedStabbing","Gamble","SuanNi+1","FrontalAssault","DimensionalRift+1","CrackOfDawn+1","CumulusWall+1","DefenseOrder+1","RagingStormLove+1","BiteOff+1","Quickness+1","StayCalm+1","SnakesPrey+1","QuickSuppression+1","SnakesPrey","GuidanceOfTheGears","Parry2"],"relics":["PageOfLibrarian","Tea:ReiMu","ScarletDevilRocket","Mango","Velvet Choker","Gambling Chip","StrikeDummy","Bag of Preparation","jedi:cryingmask","Sozu","KyoryuNoHagoromo","PageOfGalaxyChild","PreservedInsect","jedi:arcanewood","Toy Ornithopter"],"acts_visited":["Exordium","TheCity","TheBeyond","TheEnding"],"potions_floor_usage":[28,56,56,56],"damage_taken":[{"damage":0,"enemies":"Cultist","floor":1,"turns":3},{"damage":0,"enemies":"2 Louse","floor":3,"turns":2},{"damage":12,"enemies":"Lagavulin","floor":6,"turns":6},{"damage":0,"enemies":"Small Slimes","floor":7,"turns":4},{"damage":1,"enemies":"Exordium Thugs","floor":10,"turns":6},{"damage":0,"enemies":"Looter","floor":11,"turns":4},{"damage":0,"enemies":"Blue Slaver","floor":13,"turns":2},{"damage":0,"enemies":"Lots of Slimes","floor":14,"turns":4},{"damage":16,"enemies":"The Guardian","floor":16,"turns":7},{"damage":0,"enemies":"2 Thieves","floor":18,"turns":3},{"damage":0,"enemies":"Shell Parasite","floor":20,"turns":4},{"damage":7,"enemies":"Cultist and Chosen","floor":21,"turns":2},{"damage":5,"enemies":"Sentry and Sphere","floor":22,"turns":4},{"damage":0,"enemies":"Book of Stabbing","floor":23,"turns":4},{"damage":0,"enemies":"Shelled Parasite and Fungi","floor":25,"turns":4},{"damage":0,"enemies":"Centurion and Healer","floor":27,"turns":4},{"damage":3,"enemies":"Gremlin Leader","floor":28,"turns":4},{"damage":0,"enemies":"3 Cultists","floor":30,"turns":3},{"damage":0,"enemies":"Cultist and Chosen","floor":31,"turns":3},{"damage":3,"enemies":"Champ","floor":33,"turns":6},{"damage":12,"enemies":"3 Shapes","floor":35,"turns":3},{"damage":0,"enemies":"Orb Walker","floor":37,"turns":2},{"damage":0,"enemies":"Nemesis","floor":40,"turns":6},{"damage":0,"enemies":"4 Shapes","floor":41,"turns":1},{"damage":0,"enemies":"3 Darklings","floor":44,"turns":3},{"damage":12,"enemies":"Reptomancer","floor":45,"turns":5},{"damage":8,"enemies":"Giant Head","floor":48,"turns":6},{"damage":47,"enemies":"Awakened One","floor":50,"turns":9},{"damage":11,"enemies":"Awakened One","floor":51,"turns":6},{"damage":7,"enemies":"Shield and Spear","floor":55,"turns":4},{"damage":90,"enemies":"The Heart","floor":56,"turns":8}],"seed_played":"-8015095540021492178","potions_obtained":[{"floor":3,"key":"ColorlessPotion"},{"floor":7,"key":"Strength Potion"},{"floor":14,"key":"BlessingOfTheForge"},{"floor":16,"key":"Energy Potion"},{"floor":31,"key":"SkillPotion"}],"is_trial":false,"path_per_floor":["M","$","M","T","?","E","M","R","T","M","M","R","M","M","R","B",null,"M","?","M","M","M","E","R","M","T","M","E","R","M","M","R","B",null,"M","$","M","?","?","E","M","?","T","M","E","R","$","E","R","B",null,null,"R","$","E","B"],"character_chosen":"Librarian","items_purchased":["KyoryuNoHagoromo","SnakesPrey","GuidanceOfTheGears"],"campfire_rested":1,"item_purchase_floors":[36,54,54],"current_hp_per_floor":[60,60,62,62,67,55,55,55,69,68,68,68,68,68,68,52,79,79,79,79,72,67,67,67,67,67,67,64,64,64,64,64,61,81,69,69,69,69,69,69,77,77,77,85,76,76,76,76,76,37,34,75,88,88,81,0,0],"gold":82,"neow_bonus":"ONE_RANDOM_RARE_CARD","is_daily":false,"chose_seed":false,"campfire_upgraded":7,"win_rate":0.0,"timestamp":1614270252,"path_taken":["M","$","M","?","?","E","?","R","T","?","M","R","M","M","R","BOSS","M","?","M","M","M","E","R","M","T","?","E","R","M","M","R","BOSS","M","$","M","?","?","E","?","?","T","?","E","R","$","E","R","BOSS","R","$","E","BOSS"],"items_purchased_type":["Relic","Card","Card"],"build_version":"2020-12-22","purchased_purges":3,"victory":false,"max_hp_per_floor":[67,67,67,67,67,76,78,78,92,92,92,92,88,88,88,88,88,88,88,88,88,88,88,88,88,88,88,88,88,88,88,88,88,88,88,88,88,88,88,88,88,88,88,88,88,88,88,88,88,88,88,88,88,88,88,88,88],"card_choices":[{"not_picked":["UncannyStrike","DirtyBlow","HighKick","DevastatingThrash","GuidanceOfTheGears","PuppetBlockade","Marionette","AlloutWar"],"picked":"CombatPreparation","floor":1},{"not_picked":["BiAn","ScatteringSlash","Parry2","Reload","Unlock1","SerpentSwordTechnique","Leap_lor","Wallop_lor"],"picked":"Deflect_lor","floor":3},{"not_picked":["AssaultOrder","Feast","ShrineToMusic","Fence","ExtremeEdge","BayonetCombat","Standoff","SparkingSpear"],"picked":"AbsorbImpact","floor":6},{"not_picked":["BayonetCombat","ViolentFlame","ToWhereThePrescriptPoints","AsThePrescriptOrders","FleetEdge","Rampage_lor","Parry2","SkitterAway"],"picked":"CombatPreparation","floor":7},{"not_picked":["SuppressingShot","SinglePointStab","GuidanceOfTheGears","DesperateStruggle","Outburst","Rampage_lor","EnergyStrike","SpearedSweep"],"picked":"Unlock1","floor":10},{"not_picked":["Execute_lor","Fence","WillOfThePrescript","AutomatedMovement","SinglePointStab","DesperateStruggle","Outburst","FlashingStrike"],"picked":"Rampage_lor","floor":11},{"not_picked":["Transpierce","Rewind","ExtremeEdge","Diversion","PinpointShot","BurningFlash","Retaliate","Feast"],"picked":"DefenseOrder","floor":13},{"not_picked":["SerpentSwordTechnique","EnergyShield","WillOfThePrescript","ToOvercomeCrisis","Faith","EnergyStrike","GreatSerpentsImpact","ReadyUp"],"picked":"BlazingStrike","floor":14},{"not_picked":["MindCrush","Transpierce"],"picked":"RagingStormLove","floor":16},{"not_picked":["Juggling+1","Diversion","UpbeatPerformance+1","Wallop_lor","SkitterAway+1","ViolentFlame","DarkCloud+1","Rewind"],"picked":"CookingPrep+1","floor":18},{"not_picked":["EnergyShield+1","StructuralAnalysis","Unlock1+1","SummaryJudgment","HiddenBlade+1","Guardian_lor","DarkCloud","HandleRequest"],"picked":"Eject+1","floor":20},{"not_picked":["NonstopAssault","LossOfSenses","FrontalAssault","InnerArdor","ToOvercomeCrisis","Multislash","Pound","FleetEdge"],"picked":"BlowItUp+1","floor":21},{"not_picked":["Quickness","Parry+1","ViolentFlame","MultiHit","AGoldenOpportunity","SuppressingShot","EnergyShield","IngredientHunt"],"picked":"ExtremeEdge+1","floor":22},{"not_picked":["BoundaryOfDeath","SuppressingShot+1","NightInTheBackstreets","Castigation","StrikeDown","MultiBlock+1","Ripple","AsThePrescriptOrders"],"picked":"Retaliate+1","floor":23},{"not_picked":["GreatSerpentsImpact","Multislash","BlazingStrike","NightInTheBackstreets","Standoff","SmokingPipe+1","MultiBlock","SharpSwipe"],"picked":"HighSpeedStabbing","floor":25},{"not_picked":["StrongStrike","GuidanceOfTheGears","TraceOfFumes","HiddenBlade","BlowItUp","Unlock1","FleetEdge+1","Track"],"picked":"Gamble","floor":27},{"not_picked":["SerpentSwordTechnique","GuardingStance","Retaliate","HiddenBlade+1","QuickSuppression+1","CrackOfDawn","DirtyBlow","EnergyCycle"],"picked":"SuanNi","floor":28},{"not_picked":["DesperateStruggle","FierceCharge","FocusFire","QuickAttack+1","BackAttack","EnergyShield+1","BulkyImpact","ViolentFlame"],"picked":"FrontalAssault","floor":30},{"not_picked":["IdentifyWeakpoint","Standoff+1","UpbeatPerformance","DeepDrag","PreemptiveStrike","BurningFlash+1","HiddenBlade","VioletBlade+1"],"picked":"DimensionalRift+1","floor":31},{"not_picked":["Decapitation","FormingStorm"],"picked":"CrackOfDawn","floor":33},{"not_picked":["BlowItUp","BiAn","GrazeTheGrass","RhinoRam+1","FrontalAssault+1","InnerArdor+1","SuppressingShot+1","Thrust+1"],"picked":"CumulusWall+1","floor":35},{"not_picked":["FieryWaltz+1","DesperateStruggle","Deflect_lor","WillOfThePrescript","ToOvercomeCrisis","TraceOfFumes+1","Thrust+1","GrazeTheGrass+1"],"picked":"DefenseOrder+1","floor":37},{"not_picked":["Gigigig","EnergyStrike+1","ToOvercomeCrisis","YoureTooSlow","GuardingStance","FierceCharge+1","HeavyPeaks","NightInTheBackstreets"],"picked":"BiteOff+1","floor":40},{"not_picked":["SinglePointStab+1","FaintMemories+1","HiddenBlade+1","BackstreetsDash","ViolentFlame","FlashingStrike+1","DaringDecision","EndlessBattle"],"picked":"Quickness+1","floor":41},{"not_picked":["NightInTheBackstreets","TrimTheIngredients+1","SmokingPipe","MultiBlock+1","StrongStrike","BackAttack+1","FendThisOffIfYouCan","SerpentineBarrier"],"picked":"StayCalm+1","floor":44},{"not_picked":["SmokingPipe","QuickAttack","Eradication","DesperateStruggle+1","EnergyConversion","ElectricShock","BackAttack","StructuralAnalysis"],"picked":"SnakesPrey+1","floor":45},{"not_picked":["FlyingSword+1","Fence+1","FleetFootsteps+1","IllEndYou","AutomatedMovement+1","Unlock1+1","BattleCommand+1","Concentration+1"],"picked":"QuickSuppression+1","floor":48},{"not_picked":["InkOver+1","Reload+1","GatherIntel","TendonChords","HiddenBlade","FervidEmotions","WildCard+1","Overcharge"],"picked":"Parry2","floor":55}],"player_experience":1277125,"relics_obtained":[{"floor":4,"key":"Tea:ReiMu"},{"floor":6,"key":"ScarletDevilRocket"},{"floor":9,"key":"Mango"},{"floor":23,"key":"StrikeDummy"},{"floor":26,"key":"Bag of Preparation"},{"floor":28,"key":"jedi:cryingmask"},{"floor":40,"key":"PageOfGalaxyChild"},{"floor":45,"key":"PreservedInsect"},{"floor":48,"key":"jedi:arcanewood"},{"floor":55,"key":"Toy Ornithopter"}],"event_choices":[{"damage_healed":5,"gold_gain":0,"player_choice":"Full Heal","damage_taken":0,"max_hp_gain":0,"max_hp_loss":0,"event_name":"Wheel of Change","floor":5,"gold_loss":0},{"damage_healed":0,"gold_gain":0,"player_choice":"Paid Gold","damage_taken":0,"relics_obtained":["Gambling Chip"],"max_hp_gain":0,"max_hp_loss":0,"event_name":"WeMeetAgain","floor":19,"gold_loss":68},{"damage_healed":0,"gold_gain":0,"player_choice":"Memory 1","damage_taken":0,"max_hp_gain":0,"max_hp_loss":0,"event_name":"SensoryStone","floor":38,"gold_loss":0},{"damage_healed":0,"gold_gain":0,"player_choice":"Copied","damage_taken":0,"max_hp_gain":0,"max_hp_loss":0,"event_name":"Duplicator","floor":39,"gold_loss":0,"cards_obtained":["RagingStormLove"]},{"damage_healed":0,"gold_gain":0,"cards_transformed":["LightAttack"],"player_choice":"Transformed","damage_taken":0,"max_hp_gain":0,"max_hp_loss":0,"event_name":"Transmorgrifier","floor":42,"gold_loss":0,"cards_obtained":["Standoff"]}],"is_beta":false,"boss_relics":[{"not_picked":["Snecko Eye","jedi:battlestandard"],"picked":"Velvet Choker"},{"not_picked":["Philosopher\u0027s Stone","Fusion Hammer"],"picked":"Sozu"}],"items_purged_floors":[2,36,47],"is_endless":false,"potions_floor_spawned":[3,7,14,16,21,23,25,31,33,37,45,48,55],"killed_by":"The Heart","ascension_level":5}}