{"host":"aq7km0trio740wk5","time":1614229016,"event":{"mods":["BaseMod","Colored Powertips","Highlight Path","Minty Spire (QoL Compilation)","Permanent Neow","Relic Stats"],"gold_per_floor":[119,136,136,151,151,195,223,235,274,286,337,374,386,72,72,167,167,192,192,210,210,233,274,274,312,338,353,353,353,386,126,126,222,222,236,236,236,252,252,286,326,378,378,378,406,406,441,456,456,456,456,456,456,18,59,59],"floor_reached":57,"language":"ENG","playtime":5756,"items_purged":["Strike_B","Shame","Strike_B+1"],"score":3012,"play_id":"70f24619-7fa6-4a67-81ab-595ffdc757c4","local_time":"20210224225656","is_ascension_mode":true,"campfire_choices":[{"data":"Cold Snap","floor":8,"key":"SMITH"},{"floor":10,"key":"REST"},{"data":"Zap","floor":15,"key":"SMITH"},{"floor":24,"key":"REST"},{"data":"Electrodynamics","floor":28,"key":"SMITH"},{"data":"Biased Cognition","floor":32,"key":"SMITH"},{"floor":46,"key":"RECALL"},{"data":"Defragment","floor":49,"key":"SMITH"},{"data":"Capacitor","floor":53,"key":"SMITH"}],"circlet_count":0,"master_deck":["AscendersBane","Strike_B+1","Zap+1","Dualcast","CurseOfTheBell","Cold Snap+1","Leap+1","Echo Form","Conserve Battery+1","Compile Driver","Coolheaded+1","Conserve Battery+1","Undo+1","Electrodynamics+1","FTL","Recycle+1","Barrage","Darkness+1","Echo Form","Ghostly+1","Ghostly+1","Ghostly+1","Biased Cognition+1","Core Surge","Skim+1","Core Surge","Coolheaded+1","PanicButton+1","Defragment+1","Hologram+1","Capacitor+1","Seek+1"],"relics":["Calling Bell","Orichalcum","Toxic Egg 2","Bird Faced Urn","Golden Idol","MawBank","Ancient Tea Set","Whetstone","Frozen Eye","Cursed Key","Meat on the Bone","Dream Catcher","MealTicket","Sozu","CeramicFish","Lizard Tail","Potion Belt","Bag of Marbles","Lantern","DataDisk"],"acts_visited":["Exordium","TheCity","TheBeyond","TheEnding"],"potions_floor_usage":[6,22,23,27,56],"damage_taken":[{"damage":6,"enemies":"Jaw Worm","floor":1,"turns":2},{"damage":0,"enemies":"2 Louse","floor":2,"turns":3},{"damage":0,"enemies":"Cultist","floor":4,"turns":4},{"damage":0,"enemies":"Lagavulin","floor":6,"turns":5},{"damage":15,"enemies":"Exordium Wildlife","floor":7,"turns":3},{"damage":38,"enemies":"3 Sentries","floor":11,"turns":9},{"damage":2,"enemies":"3 Louse","floor":12,"turns":4},{"damage":1,"enemies":"The Guardian","floor":16,"turns":13},{"damage":0,"enemies":"3 Byrds","floor":18,"turns":4},{"damage":2,"enemies":"Shell Parasite","floor":20,"turns":6},{"damage":0,"enemies":"Cultist and Chosen","floor":22,"turns":6},{"damage":63,"enemies":"Gremlin Leader","floor":23,"turns":8},{"damage":13,"enemies":"Book of Stabbing","floor":25,"turns":7},{"damage":17,"enemies":"Shelled Parasite and Fungi","floor":27,"turns":7},{"damage":0,"enemies":"Gremlin Leader","floor":30,"turns":7},{"damage":21,"enemies":"Champ","floor":33,"turns":8},{"damage":0,"enemies":"3 Shapes","floor":35,"turns":5},{"damage":0,"enemies":"Orb Walker","floor":38,"turns":5},{"damage":0,"enemies":"Nemesis","floor":40,"turns":7},{"damage":0,"enemies":"Mind Bloom Boss Battle","floor":41,"turns":4},{"damage":0,"enemies":"Giant Head","floor":42,"turns":7},{"damage":0,"enemies":"3 Darklings","floor":45,"turns":6},{"damage":0,"enemies":"Reptomancer","floor":47,"turns":5},{"damage":0,"enemies":"Sphere and 2 Shapes","floor":48,"turns":7},{"damage":18,"enemies":"Donu and Deca","floor":50,"turns":7},{"damage":18,"enemies":"Time Eater","floor":51,"turns":8},{"damage":3,"enemies":"Shield and Spear","floor":55,"turns":5},{"damage":42,"enemies":"The Heart","floor":56,"turns":11}],"seed_played":"-8454383244021723416","potions_obtained":[{"floor":1,"key":"EssenceOfDarkness"},{"floor":2,"key":"Dexterity Potion"},{"floor":12,"key":"Swift Potion"},{"floor":18,"key":"DistilledChaos"},{"floor":23,"key":"Energy Potion"},{"floor":25,"key":"Block Potion"},{"floor":27,"key":"SpeedPotion"}],"is_trial":false,"path_per_floor":["M","M","?","M","?","E","M","R","T","R","E","M","?","$","R","B",null,"M","?","M","?","M","E","R","E","T","M","R","?","E","$","R","B",null,"M","?","?","M","?","E","?","E","T","?","M","R","E","M","R","B","B",null,"R","$","E","B",null],"character_chosen":"DEFECT","items_purchased":["Frozen Eye","Undo+1","Biased Cognition","Seek+1","Lantern"],"campfire_rested":2,"item_purchase_floors":[14,14,31,54,54],"current_hp_per_floor":[58,58,58,58,58,60,47,47,47,64,28,26,19,19,19,20,53,59,59,63,63,64,5,24,27,27,30,30,30,32,32,32,19,29,32,30,30,30,20,28,30,30,30,30,30,30,30,30,30,24,22,28,28,30,30,15],"gold":59,"neow_bonus":"BOSS_RELIC","is_daily":false,"chose_seed":false,"campfire_upgraded":6,"win_rate":0.0,"timestamp":1614229016,"path_taken":["M","M","?","M","?","E","M","R","T","R","E","?","?","$","R","BOSS","M","?","M","?","M","E","R","E","T","M","R","?","E","$","R","BOSS","M","?","?","?","?","E","?","E","T","?","?","R","E","M","R","BOSS","BOSS","R","$","E","BOSS"],"items_purchased_type":["Relic","Card","Card","Card","Relic"],"build_version":"2020-12-22","purchased_purges":3,"victory":true,"max_hp_per_floor":[71,71,64,64,64,64,64,64,64,64,64,64,64,64,64,64,64,64,64,64,64,64,64,64,64,64,64,64,32,32,32,32,32,32,32,30,30,30,30,30,30,30,30,30,30,30,30,30,30,30,30,30,30,30,30,30],"relic_stats":{"counters":[28,173],"Golden Idol":211,"CeramicFish":36,"Whetstone":["Strike_B","Strike_B"],"Orichalcum":[342],"MawBank":96,"Cursed Key":1,"Sozu":6,"Dream Catcher":0,"Lizard Tail":0,"Bird Faced Urn":[106],"MealTicket":2,"obtain_stats":[{"Potion Belt":42,"Lantern":54,"Golden Idol":3,"CeramicFish":40,"Whetstone":11,"Orichalcum":0,"MawBank":6,"Ancient Tea Set":9,"Cursed Key":17,"Calling Bell":0,"Sozu":34,"Frozen Eye":14,"Dream Catcher":25,"Lizard Tail":41,"DataDisk":55,"Bird Faced Urn":0,"MealTicket":30,"Bag of Marbles":47,"Toxic Egg 2":0,"Cracked Core":0,"Meat on the Bone":23},{"Potion Belt":21,"Lantern":26,"Golden Idol":2,"CeramicFish":19,"Whetstone":6,"Orichalcum":0,"MawBank":4,"Ancient Tea Set":5,"Cursed Key":8,"Calling Bell":0,"Sozu":16,"Frozen Eye":7,"Dream Catcher":13,"Lizard Tail":20,"DataDisk":27,"Bird Faced Urn":0,"MealTicket":15,"Bag of Marbles":23,"Toxic Egg 2":0,"Cracked Core":0,"Meat on the Bone":12},{"Potion Belt":124,"Lantern":157,"Golden Idol":5,"CeramicFish":113,"Whetstone":26,"Orichalcum":0,"MawBank":14,"Ancient Tea Set":17,"Cursed Key":43,"Calling Bell":0,"Sozu":96,"Frozen Eye":30,"Dream Catcher":74,"Lizard Tail":117,"DataDisk":162,"Bird Faced Urn":0,"MealTicket":88,"Bag of Marbles":135,"Toxic Egg 2":0,"Cracked Core":0,"Meat on the Bone":67}],"Meat on the Bone":36},"card_choices":[{"not_picked":["FTL","Reprogram+1"],"picked":"Cold Snap","floor":1},{"not_picked":["Redo+1","FTL"],"picked":"Leap+1","floor":2},{"not_picked":["Streamline","Loop"],"picked":"Echo Form","floor":4},{"not_picked":["Storm","Skim+1"],"picked":"Conserve Battery+1","floor":6},{"not_picked":["Melter","Aggregate+1"],"picked":"Compile Driver","floor":7},{"not_picked":["Glacier+1","Core Surge"],"picked":"Coolheaded+1","floor":11},{"not_picked":["Compile Driver","Chaos+1"],"picked":"Conserve Battery+1","floor":12},{"not_picked":["All For One","Core Surge"],"picked":"Electrodynamics","floor":16},{"not_picked":["Reprogram+1","Rip and Tear","Stack+1"],"picked":"SKIP","floor":18},{"not_picked":["Reprogram+1","Rip and Tear","Stack+1"],"picked":"SKIP","floor":18},{"not_picked":["Steam+1","Storm","Cold Snap"],"picked":"SKIP","floor":20},{"not_picked":["Stack+1","Beam Cell"],"picked":"Barrage","floor":22},{"not_picked":["Beam Cell","Barrage"],"picked":"Darkness+1","floor":23},{"not_picked":["Go for the Eyes","Conserve Battery+1"],"picked":"Echo Form","floor":25},{"not_picked":["Steam+1","Compile Driver","Leap+1"],"picked":"SKIP","floor":27},{"not_picked":["Ball Lightning","Cold Snap","Rip and Tear"],"picked":"SKIP","floor":30},{"not_picked":["Hyperbeam","Machine Learning"],"picked":"Core Surge","floor":33},{"not_picked":["Barrage","Gash","Ball Lightning"],"picked":"SKIP","floor":35},{"not_picked":["Leap+1","Reprogram+1"],"picked":"Coolheaded+1","floor":38},{"not_picked":["The Bomb+1","Jack Of All Trades+1"],"picked":"PanicButton+1","floor":39},{"not_picked":["Go for the Eyes+1","Turbo+1","White Noise+1"],"picked":"SKIP","floor":40},{"not_picked":["Steam+1","Auto Shields+1"],"picked":"Defragment","floor":41},{"not_picked":["FTL","Doom and Gloom"],"picked":"Hologram+1","floor":42},{"not_picked":["Tempest+1","Skim+1"],"picked":"Capacitor","floor":45},{"not_picked":["Turbo+1","Doom and Gloom","Beam Cell"],"picked":"SKIP","floor":47},{"not_picked":["Sunder","Ball Lightning","Steam+1"],"picked":"SKIP","floor":48},{"not_picked":["Tempest+1","Steam+1","Chaos+1"],"picked":"SKIP","floor":55}],"player_experience":4122743,"relics_obtained":[{"floor":0.0,"key":"Orichalcum"},{"floor":0.0,"key":"Toxic Egg 2"},{"floor":0.0,"key":"Bird Faced Urn"},{"floor":6,"key":"MawBank"},{"floor":9,"key":"Ancient Tea Set"},{"floor":11,"key":"Whetstone"},{"floor":23,"key":"Meat on the Bone"},{"floor":25,"key":"Dream Catcher"},{"floor":30,"key":"MealTicket"},{"floor":40,"key":"CeramicFish"},{"floor":41,"key":"Lizard Tail"},{"floor":42,"key":"Potion Belt"},{"floor":47,"key":"Bag of Marbles"},{"floor":55,"key":"DataDisk"}],"event_choices":[{"damage_healed":0,"gold_gain":0,"player_choice":"Lose Max HP","damage_taken":0,"relics_obtained":["Golden Idol"],"max_hp_gain":0,"max_hp_loss":7,"event_name":"Golden Idol","floor":3,"gold_loss":0},{"cards_removed":["Defend_B"],"damage_healed":0,"gold_gain":0,"player_choice":"Offered Basic","damage_taken":0,"max_hp_gain":0,"max_hp_loss":0,"event_name":"Bonfire Elementals","floor":5,"gold_loss":0},{"cards_removed":["Defend_B"],"damage_healed":0,"gold_gain":0,"player_choice":"Card Removal","damage_taken":7,"max_hp_gain":0,"max_hp_loss":0,"event_name":"Golden Wing","floor":13,"gold_loss":0},{"damage_healed":0,"gold_gain":0,"cards_transformed":["Defend_B","Strike_B"],"player_choice":"Became Test Subject","damage_taken":0,"max_hp_gain":0,"max_hp_loss":0,"event_name":"Drug Dealer","floor":19,"gold_loss":0,"cards_obtained":["FTL","Recycle"]},{"damage_healed":0,"gold_gain":0,"player_choice":"Ignored","damage_taken":0,"max_hp_gain":0,"max_hp_loss":0,"event_name":"Vampires","floor":21,"gold_loss":0},{"damage_healed":0,"gold_gain":0,"player_choice":"Became a Ghost","damage_taken":0,"max_hp_gain":0,"max_hp_loss":32,"event_name":"Ghosts","floor":29,"gold_loss":0,"cards_obtained":["Ghostly","Ghostly","Ghostly"]},{"damage_healed":0,"gold_gain":0,"player_choice":"Max HP","damage_taken":0,"max_hp_gain":0,"max_hp_loss":2,"event_name":"Winding Halls","floor":36,"gold_loss":0},{"damage_healed":0,"gold_gain":0,"player_choice":"2 cards matched","damage_taken":0,"max_hp_gain":0,"max_hp_loss":0,"event_name":"Match and Keep!","floor":37,"gold_loss":0,"cards_obtained":["Skim","Core Surge"]},{"damage_healed":0,"gold_gain":0,"player_choice":"Memory 3","damage_taken":10,"max_hp_gain":0,"max_hp_loss":0,"event_name":"SensoryStone","floor":39,"gold_loss":0},{"damage_healed":0,"gold_gain":0,"player_choice":"Fight","damage_taken":0,"max_hp_gain":0,"max_hp_loss":0,"event_name":"MindBloom","floor":41,"gold_loss":0},{"cards_removed":["Defend_B"],"damage_healed":0,"gold_gain":0,"player_choice":"Purged","damage_taken":0,"max_hp_gain":0,"max_hp_loss":0,"event_name":"Purifier","floor":44,"gold_loss":0}],"is_beta":false,"boss_relics":[{"not_picked":["Runic Pyramid","Inserter"],"picked":"Cursed Key"},{"not_picked":["SacredBark","Tiny House"],"picked":"Sozu"}],"items_purged_floors":[14,31,54],"is_endless":false,"potions_floor_spawned":[1,2,4,12,18,23,25,27,33,35,40,41,47,48,55],"ascension_level":20}}