{"host":"9upmmxurwkb1bpyr","time":1614265035,"event":{"mods":["2.2 Compatiblity","AchievementEnabler","BaseMod","Beaked The Cultist","Colored Powertips","Custom Start","Downfall","Gremlin Mod","Hermit","Highlight Path","Infinite Spire","Jorbs\u0027s Wanderer Trilogy","Minty Spire (QoL Compilation)","Quick Restart","Replay The Spire","StSLib","Td1madao Mod","The Alterego","The Bug Knight","The Hierophant","The Judge","The Servant 0.9.4","Yuri Mod"],"gold_per_floor":[199,214,214,77,92,92,141,241,153,166,266,284,284,317,331,435,435,435,452,452,464,464,380,406,416,436,436,451,451,451,451,461,461,481,584,584,584,597,597,231,243,260,260,245,245,263,282,298,298,312,332,332,332,332],"floor_reached":52,"language":"ENG","playtime":4741,"items_purged":["champ:FalseCounter","champ:Strike"],"score":614,"play_id":"b0e7179d-ec05-4651-b443-9343ced50246","local_time":"20210225095715","is_ascension_mode":true,"campfire_choices":[{"data":"champ:Taunt","floor":1.0,"key":"SMITH"},{"data":"champ:Backstep","floor":6.0,"key":"SMITH"},{"data":"champ:ShieldWall","floor":13.0,"key":"SMITH"},{"data":"champ:ArenaPreparation","floor":18.0,"key":"SMITH"},{"data":"champ:StanceDance","floor":27.0,"key":"SMITH"},{"data":"champ:DancingMaster","floor":29.0,"key":"SMITH"},{"data":"Zap","floor":37,"key":"SMITH"},{"data":"infinitespire:TheBestDefense","floor":49,"key":"SMITH"}],"circlet_count":0,"master_deck":["champ:Strike","champ:Strike","champ:Strike","champ:Defend","champ:Defend","champ:Defend","champ:Execute","champ:Taunt+1","champ:DefensiveShout","champ:BringItOn","champ:Backstep+1","champ:ArenaPreparation+1","champ:ShieldWall+1","champ:Circumvent+1","champ:DancingMaster+1","champ:FlashCut","champ:ShieldThrow","champ:PreciseThrust+1","champ:StanceDance+1","champ:FlashCut+1","champ:UltimateStance+1","champ:GutPunch+1","infinitespire:Collect","champ:UltimateStance","Hallucinations","Zap+1","champ:IgnorePain","Replay:Sssssssssshield","ReplayTheSpireMod:Chaos Vortex","champ:Improvising","champ:MurderStrike","infinitespire:TheBestDefense+1","Parasite","champ:EndlessRage+1"],"relics":["champ:ChampionCrownUpgraded","Replay:Rubber Ducky","CloakClasp","War Paint","ReplayTheSpireMod:SealedPack","champ:BerserkersGuideToSlaughter","infinitespire:BottledMercury"],"acts_visited":["Exordium","TheCity","TheBeyond"],"potions_floor_usage":[50,52,52,52,52,52],"damage_taken":[{"damage":10.0,"enemies":"Jaw Worm","floor":2.0,"turns":5.0},{"damage":10.0,"enemies":"downfall:FleeingMerchant","floor":4.0,"turns":4.0},{"damage":1.0,"enemies":"2 Louse","floor":5.0,"turns":3.0},{"damage":45.0,"enemies":"2 Louse","floor":8.0,"turns":10.0},{"damage":10.0,"enemies":"downfall:FleeingMerchant","floor":9.0,"turns":4.0},{"damage":10.0,"enemies":"Small Slimes","floor":10.0,"turns":3.0},{"damage":0.0,"enemies":"Blue Slaver","floor":12.0,"turns":3.0},{"damage":20.0,"enemies":"Lagavulin","floor":14.0,"turns":6.0},{"damage":20.0,"enemies":"Large Slime","floor":15.0,"turns":3.0},{"damage":10.0,"enemies":"DF_ARCHETYPE_STREAMLINE","floor":16.0,"turns":12.0},{"damage":10.0,"enemies":"Shell Parasite","floor":19.0,"turns":6.0},{"damage":35.0,"enemies":"Spheric Guardian","floor":21.0,"turns":3.0},{"damage":30.0,"enemies":"downfall:FleeingMerchant","floor":23.0,"turns":4.0},{"damage":53.0,"enemies":"Centurion and Healer","floor":25.0,"turns":5.0},{"damage":15.0,"enemies":"Snake Plant","floor":26.0,"turns":4.0},{"damage":50.0,"enemies":"Cultist and Chosen","floor":28.0,"turns":6.0},{"damage":46.0,"enemies":"Centurion and Healer","floor":32.0,"turns":6.0},{"damage":30.0,"enemies":"Sentry and Sphere","floor":34.0,"turns":5.0},{"damage":35.0,"enemies":"SI_MIRROR_ARCHETYPE","floor":35.0,"turns":10.0},{"damage":20,"enemies":"3 Shapes","floor":38,"turns":3},{"damage":20,"enemies":"downfall:FleeingMerchant","floor":40,"turns":4},{"damage":0,"enemies":"Orb Walker","floor":41,"turns":4},{"damage":0,"enemies":"4 Shapes","floor":42,"turns":7},{"damage":5,"enemies":"downfall:FleeingMerchant","floor":44,"turns":4},{"damage":31,"enemies":"Writhing Mass","floor":46,"turns":8},{"damage":33,"enemies":"Sphere and 2 Shapes","floor":47,"turns":8},{"damage":47,"enemies":"Spire Growth","floor":48,"turns":4},{"damage":48,"enemies":"Transient","floor":50,"turns":5},{"damage":10,"enemies":"4 Shapes","floor":51,"turns":9},{"damage":75,"enemies":"WA_ARCHETYPE_DIVINITY","floor":52,"turns":9}],"seed_played":"8925216081485513236","potions_obtained":[{"floor":10.0,"key":"Toxic Potion"},{"floor":12.0,"key":"SkillPotion"},{"floor":14.0,"key":"Swift Potion"},{"floor":15.0,"key":"Block Potion"},{"floor":21.0,"key":"Dexterity Potion"},{"floor":25.0,"key":"Reflective Coating"},{"floor":28.0,"key":"Energy Potion"},{"floor":35.0,"key":"Strength Potion"},{"floor":38,"key":"AttackPotion"}],"is_trial":false,"path_per_floor":["R","M","?","$","M","R","T","?","$","M","?","M","R","E","M","B",null,"R","M","?","M","?","$","T","M","M","R","M","R","PTL","PTL","M","AVR","M","B",null,"R","M","?","$","M","M","T","$","?","M","M","M","R","M","M","B"],"character_chosen":"THE_CHAMP","items_purchased":["champ:BringItOn","champ:ShieldWall","champ:UltimateStance","champ:BerserkersGuideToSlaughter","EntropicBrew"],"campfire_rested":0,"item_purchase_floors":[4,9,23,40,40],"current_hp_per_floor":[90,90,90,90,89,89,89,84,84,84,84,84,84,84,84,84,90,90,90,90,90,90,90,90,82,82,82,67,67,67,67,61,61,51,51,90,90,90,90,90,90,90,90,90,68,72,69,62,62,64,74,0,0,0],"gold":332,"neow_bonus":"HUNDRED_GOLD","is_daily":false,"chose_seed":false,"campfire_upgraded":8,"win_rate":0.0,"timestamp":1614265035,"path_taken":["R","M","?","$","M","R","T","?","$","M","?","M","R","E","M","BOSS","R","M","?","M","?","?","T","M","M","R","M","R","PTL","PTL","M","AVR","M","BOSS","R","M","?","$","M","?","T","?","?","M","M","?","R","M","M","BOSS"],"items_purchased_type":["Card","Card","Card","Relic","Potion"],"build_version":"2020-12-22","purchased_purges":2,"victory":false,"max_hp_per_floor":[90,90,90,90,90,90,90,90,90,90,90,90,90,90,90,90,90,90,90,90,90,90,90,90,90,90,90,90,90,90,90,90,90,90,90,90,90,90,90,90,90,90,90,90,90,90,90,90,90,90,90,90,90,90],"card_choices":[{"not_picked":["champ:Encircle","champ:Haymaker"],"picked":"champ:DefensiveShout","floor":2.0},{"not_picked":["champ:Duel","champ:TornadoPunch"],"picked":"champ:FalseCounter","floor":4.0},{"not_picked":["champ:DeathBlow","champ:Duel"],"picked":"champ:Backstep","floor":5.0},{"not_picked":["champ:Encircle","champ:Shatter"],"picked":"champ:ArenaPreparation","floor":9.0},{"not_picked":["champ:ArenaPreparation","champ:HeartStrike","champ:SetATrap"],"picked":"SKIP","floor":10.0},{"not_picked":["champ:Shatter","champ:FaceSlap"],"picked":"champ:Circumvent","floor":12.0},{"not_picked":["champ:Shatter","champ:BringItOn"],"picked":"champ:DancingMaster","floor":14.0},{"not_picked":["champ:DefensiveShout","champ:DeathBlow"],"picked":"champ:FlashCut","floor":15.0},{"not_picked":["champ:SwordThrow","champ:SteelEdge"],"picked":"champ:ShieldThrow","floor":16.0},{"not_picked":["champ:FlashCut","champ:FanOfKnives"],"picked":"champ:PreciseThrust+1","floor":19.0},{"not_picked":["champ:TornadoPunch","champ:EndlessRage"],"picked":"champ:StanceDance","floor":21.0},{"not_picked":["champ:TornadoPunch+1","champ:RecklessLeap"],"picked":"champ:FlashCut+1","floor":23.0},{"not_picked":["champ:RapidStrikes","champ:ArenaPreparation"],"picked":"champ:GutPunch+1","floor":25.0},{"not_picked":["champ:SetATrap","champ:GladiatorForm","champ:FocusedBerserking"],"picked":"SKIP","floor":26.0},{"not_picked":["champ:Circumvent","champ:CrownThrow","champ:PreciseThrust"],"picked":"SKIP","floor":28.0},{"not_picked":["champ:Circumvent+1","champ:BladeFlurry","champ:AdrenalArmor"],"picked":"SKIP","floor":32.0},{"not_picked":["champ:PreciseThrust+1","champ:IronFortress","champ:HeartStrike"],"picked":"SKIP","floor":34.0},{"not_picked":["champ:MurderStrike","champ:ShieldThrow"],"picked":"champ:UltimateStance","floor":35.0},{"not_picked":["Survivor","Vigilance"],"picked":"Zap","floor":36},{"not_picked":["champ:TripleStrike","champ:Devastate"],"picked":"champ:IgnorePain","floor":36},{"not_picked":["Discovery","Impatience"],"picked":"Replay:Sssssssssshield","floor":36},{"not_picked":["ReplayTheSpireMod:??????????????????????","infinitespire:SealOfDarkness+"],"picked":"ReplayTheSpireMod:Chaos Vortex","floor":36},{"not_picked":["champ:BringItOn","champ:FanOfKnives","champ:TornadoPunch"],"picked":"SKIP","floor":38},{"not_picked":["champ:ShieldWall","champ:PerfectedStrike","champ:DeathBlow+1"],"picked":"SKIP","floor":40},{"not_picked":["champ:BringItOn+1","champ:StanceDance+1"],"picked":"champ:MurderStrike","floor":41},{"not_picked":["champ:CrownThrow","champ:PreciseThrust","champ:AdrenalArmor"],"picked":"SKIP","floor":42},{"not_picked":["champ:BerserkersShout+1","champ:ViciousMockery+1","champ:SetATrap"],"picked":"SKIP","floor":44},{"not_picked":["infinitespire:Punishment","infinitespire:Starlight"],"picked":"infinitespire:TheBestDefense","floor":45},{"not_picked":["champ:DefensiveShout","champ:Endure+1","champ:Shatter"],"picked":"SKIP","floor":46},{"not_picked":["champ:BerserkersShout","champ:PerfectedStrike+1","champ:Haymaker"],"picked":"SKIP","floor":47},{"not_picked":["champ:RecklessLeap+1","champ:Backstep+1","champ:Lariat+1"],"picked":"SKIP","floor":48},{"not_picked":["champ:PerfectedStrike","champ:Duel"],"picked":"champ:EndlessRage+1","floor":50},{"not_picked":["champ:SetATrap+1","champ:GutPunch+1","champ:Improvising"],"picked":"SKIP","floor":51}],"player_experience":943604,"relics_obtained":[{"floor":7.0,"key":"Replay:Rubber Ducky"},{"floor":8.0,"key":"CloakClasp"},{"floor":14.0,"key":"infinitespire:PuzzleCube"},{"floor":24.0,"key":"War Paint"},{"floor":43,"key":"infinitespire:BottledMercury"}],"event_choices":[],"is_beta":false,"boss_relics":[{"not_picked":["Replay:Grab Bag","infinitespire:Cupcake"],"picked":"champ:ChampionCrownUpgraded"},{"not_picked":["SlaversCollar","SacredBark"],"picked":"ReplayTheSpireMod:SealedPack"}],"items_purged_floors":[4,40],"is_endless":false,"potions_floor_spawned":[10,12,14,15,16,21,25,28,35,38,42,46],"killed_by":"WA_ARCHETYPE_DIVINITY","ascension_level":1}}