{"host":"jexbkylv34f8xu3o","time":1614289484,"event":{"mods":["AchievementEnabler","BaseMod","Colored Map","Colored Powertips","GifTheSpireLib","Highlight Path","Minty Spire (QoL Compilation)","Quick Restart","StSLib"],"gold_per_floor":[37,116,40,51,63,63,97,97,128,128,128,128],"floor_reached":10,"language":"ENG","playtime":394,"items_purged":[],"score":106,"play_id":"db99711e-a255-4f3c-809a-adcc10ce05aa","local_time":"20210225184444","is_ascension_mode":true,"campfire_choices":[{"data":"Neutralize","floor":7,"key":"SMITH"}],"circlet_count":0,"master_deck":["Strike_G","Strike_G","Strike_G","Strike_G","Strike_G","Defend_G","Defend_G","Defend_G","Defend_G","Defend_G","Survivor","Neutralize+1","PiercingWail","Backflip","Quick Slash+1","Heel Hook","Underhanded Strike","Flying Knee","Blade Dance"],"relics":["Ring of the Snake","NeowsBlessing","Dream Catcher","Meat on the Bone"],"acts_visited":["Exordium"],"potions_floor_usage":[6,8,10],"damage_taken":[{"damage":0,"enemies":"Cultist","floor":1,"turns":1},{"damage":0,"enemies":"2 Louse","floor":3,"turns":1},{"damage":0,"enemies":"Small Slimes","floor":4,"turns":1},{"damage":44,"enemies":"Lagavulin","floor":6,"turns":13},{"damage":11,"enemies":"3 Sentries","floor":8,"turns":8},{"damage":25,"enemies":"Gremlin Nob","floor":10,"turns":3}],"seed_played":"-4914146335096847037","potions_obtained":[{"floor":3,"key":"DuplicationPotion"},{"floor":4,"key":"Regen Potion"},{"floor":6,"key":"SkillPotion"}],"is_trial":false,"path_per_floor":["M","$","M","M","?","E","R","E","T","E"],"character_chosen":"THE_SILENT","items_purchased":["Backflip","Quick Slash"],"campfire_rested":0,"item_purchase_floors":[2,2],"current_hp_per_floor":[3,63,63,63,63,63,34,34,23,23,0,0],"gold":128,"neow_bonus":"THREE_ENEMY_KILL","is_daily":false,"chose_seed":false,"campfire_upgraded":1,"win_rate":0.0,"timestamp":1614289484,"path_taken":["M","$","M","?","?","E","R","E","T","E"],"items_purchased_type":["Card","Card"],"build_version":"2020-12-22","purchased_purges":0,"victory":false,"max_hp_per_floor":[70,70,70,70,70,70,70,70,70,70,70,70],"card_choices":[{"not_picked":["Dodge and Roll","Underhanded Strike"],"picked":"PiercingWail","floor":1},{"not_picked":["Dodge and Roll","Dagger Throw"],"picked":"Heel Hook","floor":3},{"not_picked":["Well Laid Plans","Acrobatics"],"picked":"Underhanded Strike","floor":4},{"not_picked":["Blur","Caltrops"],"picked":"Flying Knee","floor":6},{"not_picked":["Dagger Throw","Acrobatics"],"picked":"Blade Dance","floor":8}],"player_experience":570823,"relics_obtained":[{"floor":6,"key":"Dream Catcher"},{"floor":8,"key":"Meat on the Bone"}],"event_choices":[{"damage_healed":0,"gold_gain":0,"player_choice":"Grow","damage_taken":0,"max_hp_gain":0,"max_hp_loss":0,"event_name":"Living Wall","floor":5,"gold_loss":0,"cards_upgraded":["Quick Slash"]}],"is_beta":false,"boss_relics":[],"items_purged_floors":[],"is_endless":false,"potions_floor_spawned":[3,4,6],"killed_by":"Gremlin Nob","ascension_level":8}}