{"host":"i29s15dsg0c43zmx","time":1614274869,"event":{"mods":["AchievementEnabler","BaseMod","Colored Map","Minty Spire (QoL Compilation)","StSLib"],"gold_per_floor":[114,114,5,24,41,69,79,79,79,92,56,56,90,90,90,216,216,230,271,271,287,34,34,48,68,68,68,68,98,63,76,76,76,76],"floor_reached":33,"language":"ENG","playtime":1459,"items_purged":["Strike_B"],"score":289,"play_id":"2a44a49f-8ebf-48ed-8300-4ccf58ca7b85","local_time":"20210225184109","is_ascension_mode":true,"campfire_choices":[{"data":"Chaos","floor":12,"key":"SMITH"},{"data":"Redo","floor":15,"key":"SMITH"},{"floor":23,"key":"REST"},{"floor":27,"key":"REST"},{"floor":32,"key":"REST"}],"circlet_count":0,"master_deck":["Strike_B","Strike_B","Defend_B","Defend_B","Defend_B","Defend_B","Zap+1","Dualcast","Defragment","Capacitor","Conserve Battery","Redo+1","Cold Snap","Cold Snap","Chaos+1","Defragment","Barrage","Buffer","Chaos","Lockon+1","Hello World","Static Discharge"],"relics":["Cracked Core","Happy Flower","Omamori","Singing Bowl","Inserter","Red Mask","Nloth\u0027s Gift","Bottled Tornado","Ginger","Centennial Puzzle","Question Card"],"acts_visited":["Exordium","TheCity"],"potions_floor_usage":[6,13,16,29],"damage_taken":[{"damage":1,"enemies":"2 Louse","floor":1,"turns":3},{"damage":1,"enemies":"Cultist","floor":4,"turns":3},{"damage":1,"enemies":"Jaw Worm","floor":5,"turns":4},{"damage":20,"enemies":"3 Sentries","floor":6,"turns":8},{"damage":16,"enemies":"Lots of Slimes","floor":7,"turns":4},{"damage":3,"enemies":"Looter","floor":10,"turns":4},{"damage":21,"enemies":"Lagavulin","floor":13,"turns":5},{"damage":8,"enemies":"Slime Boss","floor":16,"turns":10},{"damage":15,"enemies":"2 Thieves","floor":18,"turns":5},{"damage":51,"enemies":"Masked Bandits","floor":19,"turns":6},{"damage":3,"enemies":"Shell Parasite","floor":21,"turns":5},{"damage":15,"enemies":"Snake Plant","floor":24,"turns":5},{"damage":10,"enemies":"Centurion and Healer","floor":25,"turns":11},{"damage":39,"enemies":"Gremlin Leader","floor":29,"turns":6},{"damage":2,"enemies":"Snecko","floor":31,"turns":8},{"damage":33,"enemies":"Collector","floor":33,"turns":4}],"seed_played":"7189069139128541132","potions_obtained":[{"floor":4,"key":"DistilledChaos"},{"floor":5,"key":"Block Potion"},{"floor":10,"key":"PowerPotion"},{"floor":18,"key":"FearPotion"},{"floor":25,"key":"SneckoOil"}],"is_trial":false,"path_per_floor":["M","?","$","M","M","E","M","?","T","M","$","R","E","?","R","B",null,"M","?","?","M","$","R","M","M","T","R","?","E","$","M","R","B"],"character_chosen":"DEFECT","items_purchased":["Defragment","Chaos","Bottled Tornado","Hello World"],"campfire_rested":3,"item_purchase_floors":[3,11,22,30],"current_hp_per_floor":[81,81,81,80,79,59,43,43,43,40,40,40,19,19,19,13,84,69,20,20,17,17,42,27,17,17,42,42,5,5,3,29,0,0],"gold":76,"neow_bonus":"TEN_PERCENT_HP_BONUS","is_daily":false,"chose_seed":false,"campfire_upgraded":2,"win_rate":0.0,"timestamp":1614274869,"path_taken":["M","?","$","?","M","E","?","?","T","?","$","R","E","?","R","BOSS","M","?","?","M","$","R","?","M","T","R","?","E","$","M","R","BOSS"],"items_purchased_type":["Card","Card","Relic","Card"],"build_version":"2020-12-22","purchased_purges":1,"victory":false,"max_hp_per_floor":[82,82,82,82,82,82,82,82,82,82,82,82,82,82,82,84,84,84,86,86,86,86,86,86,86,86,86,86,88,88,88,88,88,88],"card_choices":[{"not_picked":["Go for the Eyes","Hologram","Gash"],"picked":"SKIP","floor":1},{"not_picked":["Rebound","Redo"],"picked":"Capacitor","floor":4},{"not_picked":["Barrage","Cold Snap"],"picked":"Conserve Battery","floor":5},{"not_picked":["Loop","Steam"],"picked":"Redo","floor":6},{"not_picked":["Compile Driver","Stack"],"picked":"Cold Snap","floor":7},{"not_picked":["Ball Lightning","Double Energy"],"picked":"Cold Snap","floor":10},{"not_picked":["Force Field","All For One"],"picked":"Defragment","floor":13},{"not_picked":["Machine Learning","Meteor Strike","Seek"],"picked":"Singing Bowl","floor":16},{"not_picked":["Leap+1","Compile Driver"],"picked":"Barrage","floor":18},{"not_picked":["Compile Driver","Beam Cell","Stack"],"picked":"Singing Bowl","floor":19},{"not_picked":["Ball Lightning","Chill+1"],"picked":"Buffer","floor":21},{"not_picked":["Compile Driver","Storm+1"],"picked":"Chaos","floor":24},{"not_picked":["Steam Power","Scrape+1"],"picked":"Lockon+1","floor":25},{"not_picked":["Recycle","Heatsinks+1","Melter"],"picked":"Singing Bowl","floor":29},{"not_picked":["Barrage+1","Melter","Scrape"],"picked":"Static Discharge","floor":31}],"player_experience":134274,"relics_obtained":[{"floor":6,"key":"Happy Flower"},{"floor":9,"key":"Omamori"},{"floor":13,"key":"Singing Bowl"},{"floor":19,"key":"Red Mask"},{"floor":26,"key":"Ginger"},{"floor":29,"key":"Question Card"}],"event_choices":[{"damage_healed":0,"gold_gain":0,"player_choice":"Forge","damage_taken":0,"max_hp_gain":0,"max_hp_loss":0,"event_name":"Accursed Blacksmith","floor":2,"gold_loss":0,"cards_upgraded":["Zap"]},{"cards_removed":["Strike_B"],"damage_healed":0,"gold_gain":0,"player_choice":"Purged","damage_taken":0,"max_hp_gain":0,"max_hp_loss":0,"event_name":"Purifier","floor":8,"gold_loss":0},{"damage_healed":0,"gold_gain":0,"player_choice":"Take Wound","damage_taken":0,"relics_obtained":["Golden Idol"],"max_hp_gain":0,"max_hp_loss":0,"event_name":"Golden Idol","floor":14,"gold_loss":0,"cards_obtained":["Injury"]},{"damage_healed":0,"gold_gain":0,"player_choice":"Fought Bandits","damage_taken":0,"max_hp_gain":0,"max_hp_loss":0,"event_name":"Masked Bandits","floor":19,"gold_loss":0},{"damage_healed":0,"gold_gain":0,"player_choice":"Traded Relic","damage_taken":0,"relics_obtained":["Nloth\u0027s Gift"],"max_hp_gain":0,"max_hp_loss":0,"event_name":"N\u0027loth","floor":20,"relics_lost":["Golden Idol"],"gold_loss":0},{"damage_healed":0,"gold_gain":0,"player_choice":"Gave Potion","damage_taken":0,"relics_obtained":["Centennial Puzzle"],"max_hp_gain":0,"max_hp_loss":0,"event_name":"WeMeetAgain","floor":28,"gold_loss":0}],"is_beta":false,"boss_relics":[{"not_picked":["Velvet Choker","Runic Pyramid"],"picked":"Inserter"}],"items_purged_floors":[3],"is_endless":false,"potions_floor_spawned":[4,5,10,18,25],"killed_by":"Collector","ascension_level":1}}