{"host":"2162l6swvnky91ct","time":1614295200,"event":{"mods":["AchievementEnabler","BaseMod","Downfall","Hermit","Marisa????????","Minty Spire (QoL Compilation)","Replay The Spire","StSLib","The Cursed","The Servant 0.9.4"],"gold_per_floor":[99,115,115,130,152,175,175,193,27,44,44,60,60,104,142,152,152],"floor_reached":16,"language":"ENG","playtime":1295,"items_purged":[],"score":98,"play_id":"79eef394-d873-4fb2-b469-a81787e3ab95","local_time":"20210226002000","is_ascension_mode":false,"campfire_choices":[{"floor":1,"key":"RECALL"},{"data":"1","floor":11,"key":"LIFT"},{"floor":13,"key":"REST"}],"circlet_count":0,"master_deck":["hermit:Strike_Hermit","hermit:Strike_Hermit","hermit:Strike_Hermit","hermit:Strike_Hermit","hermit:Defend_Hermit","hermit:Defend_Hermit","hermit:Defend_Hermit","hermit:Snapshot","hermit:Covet","hermit:Snipe","hermit:Scavenge","hermit:GhostlyPresence","hermit:BigShot","hermit:Combo","hermit:DeadOrAlive","hermit:Scavenge","hermit:DeadMansHand","hermit:CursedWeapon"],"relics":["hermit:Momento","Girya","Pet Ghost"],"acts_visited":["Exordium"],"potions_floor_usage":[16,16],"damage_taken":[{"damage":13,"enemies":"2 Louse","floor":2,"turns":3},{"damage":0,"enemies":"Cultist","floor":4,"turns":3},{"damage":2,"enemies":"Jaw Worm","floor":5,"turns":3},{"damage":14,"enemies":"downfall:LooterAlt","floor":6,"turns":6},{"damage":8,"enemies":"3 Louse","floor":8,"turns":5},{"damage":0,"enemies":"downfall:FleeingMerchant","floor":9,"turns":4},{"damage":0,"enemies":"Exordium Wildlife","floor":10,"turns":5},{"damage":6,"enemies":"2 Fungi Beasts","floor":12,"turns":3},{"damage":1,"enemies":"3 Louse","floor":14,"turns":4},{"damage":2,"enemies":"downfall:LooterAlt","floor":15,"turns":5},{"damage":103,"enemies":"DF_ARCHETYPE_STREAMLINE","floor":16,"turns":14}],"seed_played":"2147937620052495166","potions_obtained":[{"floor":4,"key":"Elixir"},{"floor":6,"key":"BlessingOfTheForge"},{"floor":8,"key":"sneckomod:MuddlingPotion"}],"is_trial":false,"path_per_floor":["R","M","?","M","M","M","T","M","$","M","R","M","R","M","M","B"],"character_chosen":"HERMIT","items_purchased":["Pet Ghost"],"campfire_rested":1,"item_purchase_floors":[9],"current_hp_per_floor":[82,69,69,69,67,53,53,45,45,45,45,39,63,62,60,0,0],"gold":152,"neow_bonus":"TEN_PERCENT_HP_BONUS","is_daily":false,"chose_seed":false,"campfire_upgraded":0,"win_rate":0.0,"timestamp":1614295200,"path_taken":["R","M","?","M","M","M","T","M","?","?","R","M","R","M","M","BOSS"],"items_purchased_type":["Relic"],"build_version":"2020-12-22","purchased_purges":0,"victory":false,"max_hp_per_floor":[82,82,82,82,82,82,82,82,82,82,82,82,82,82,82,82,82],"card_choices":[{"not_picked":["hermit:SprayPray","hermit:Glare"],"picked":"hermit:Snipe","floor":2},{"not_picked":["hermit:Vantage","hermit:Horror"],"picked":"hermit:Scavenge","floor":4},{"not_picked":["hermit:Cheat","hermit:Gestalt"],"picked":"hermit:GhostlyPresence","floor":5},{"not_picked":["hermit:HighCaliber","hermit:Glare","hermit:Ricochet"],"picked":"SKIP","floor":6},{"not_picked":["hermit:Misfire","hermit:SprayPray"],"picked":"hermit:BigShot","floor":8},{"not_picked":["hermit:CalledShot","hermit:HoleUp"],"picked":"hermit:Combo","floor":9},{"not_picked":["hermit:Malice","hermit:BodyArmor"],"picked":"hermit:DeadOrAlive","floor":10},{"not_picked":["hermit:PistolWhip","hermit:Feint"],"picked":"hermit:Scavenge","floor":12},{"not_picked":["hermit:Quickdraw","hermit:Ricochet"],"picked":"hermit:DeadMansHand","floor":14},{"not_picked":["hermit:LuckOfTheDraw","hermit:Desperado"],"picked":"hermit:CursedWeapon","floor":15}],"player_experience":155121,"relics_obtained":[{"floor":7,"key":"Girya"}],"event_choices":[{"cards_removed":["hermit:Defend_Hermit"],"damage_healed":0,"gold_gain":0,"player_choice":"Offered Basic","damage_taken":0,"max_hp_gain":0,"max_hp_loss":0,"event_name":"Bonfire Elementals","floor":3,"gold_loss":0}],"is_beta":false,"boss_relics":[],"items_purged_floors":[],"is_endless":false,"potions_floor_spawned":[4,6,8,14],"killed_by":"DF_ARCHETYPE_STREAMLINE","ascension_level":0}}