{"host":"24j0rle15g8q9bc9","time":1614223574,"event":{"mods":["2.2 Compatiblity","Act Like it!","Bartender","BaseMod","Better Note","Card Forge","Colored Map","Colored Powertips","DeckTracker","Downfall","Elementarium","Hallownest","Hubris","Jorbs\u0027s Wanderer Trilogy","Minty Spire (QoL Compilation)","Rare Cards Sparkle","Remilia??????","StSLib","The Bug Knight","The Death Knight","The Necromancer","Treasure Hunter"],"gold_per_floor":[117,132,39,58,58,86,102,102,177,177,252,269,282,315,315,414,414,431,451,411,411,430,430,446,446,446],"floor_reached":25,"language":"ENG","playtime":2072,"items_purged":[],"score":240,"play_id":"4ee3bfb8-bf9c-4e3b-bfcb-83ab8957f7eb","local_time":"20210224232614","is_ascension_mode":false,"campfire_choices":[{"floor":10,"key":"REST"},{"floor":15,"key":"REST"},{"floor":23,"key":"REST"}],"circlet_count":0,"master_deck":["DeathKnight:Strike_DeathKnight+1","DeathKnight:Strike_DeathKnight+1","DeathKnight:Strike_DeathKnight+1","DeathKnight:Strike_DeathKnight+1","DeathKnight:Defend_DeathKnight+1","DeathKnight:Defend_DeathKnight+1","DeathKnight:Defend_DeathKnight+1","DeathKnight:Defend_DeathKnight+1","DeathKnight:RuneTap+1","DeathKnight:RuneStrike+1","DeathKnight:Pestilence+1","DeathKnight:UnholyPresence+1","DeathKnight:MutagenicPlague+1","DeathKnight:Rot+1","DeathKnight:DancingRuneblade+1","TH:EnergyPotion+1","DeathKnight:DeathCoil+1","DeathKnight:AntiMagicShell+1","DeathKnight:Defile+1","DeathKnight:PlagueStrike+1","DeathKnight:GargoyleSkin+1","DeathKnight:ScourgeStrike+1"],"relics":["DeathKnight:BrokenRuneblade","Hammer of Thor","Seething Fire","Anvil of the Gods","Toy Ornithopter","HollowMod:PaleOreRelic","Toxic Egg 2","Cleaning_Rag","hubris:Stopwatch"],"acts_visited":["Exordium","TheCity"],"potions_floor_usage":[6,14,14,16,25],"damage_taken":[{"damage":0,"enemies":"Cultist","floor":1,"turns":2},{"damage":3,"enemies":"Jaw Worm","floor":2,"turns":3},{"damage":2,"enemies":"Small Slimes","floor":4,"turns":5},{"damage":19,"enemies":"Gremlin Nob","floor":6,"turns":4},{"damage":10,"enemies":"Looter","floor":7,"turns":3},{"damage":0,"enemies":"Exordium Thugs","floor":12,"turns":3},{"damage":0,"enemies":"2 Fungi Beasts","floor":13,"turns":2},{"damage":2,"enemies":"Lagavulin","floor":14,"turns":5},{"damage":32,"enemies":"Hexaghost","floor":16,"turns":6},{"damage":8,"enemies":"Shell Parasite","floor":18,"turns":4},{"damage":32,"enemies":"3 Cultists","floor":19,"turns":6},{"damage":25,"enemies":"Centurion and Healer","floor":22,"turns":6},{"damage":14,"enemies":"Snake Plant","floor":24,"turns":4},{"damage":23,"enemies":"Sentry and Sphere","floor":25,"turns":3}],"seed_played":"-5593028833161092958","potions_obtained":[{"floor":0,"key":"sneckomod:MuddlingPotion"},{"floor":0,"key":"DeathKnight:RimePotion"},{"floor":0,"key":"DeathKnight:PlagueVial"},{"floor":7,"key":"EssenceOfSteel"},{"floor":14,"key":"Explosive Potion"},{"floor":18,"key":"champ:CounterPotion"},{"floor":24,"key":"hexamod:SoulburnPotion"}],"is_trial":false,"path_per_floor":["M","M","$","M","?","E","M","$","T","R","?","M","M","E","R","B",null,"M","M","?","?","M","R","M","M"],"character_chosen":"DEATH_KNIGHT","items_purchased":["DeathKnight:MutagenicPlague","DeathKnight:Rot"],"campfire_rested":3,"item_purchase_floors":[3,3],"current_hp_per_floor":[75,72,72,70,70,56,46,46,46,68,57,57,57,65,75,48,75,67,35,35,35,10,32,18,0,0],"gold":446,"neow_bonus":"THREE_SMALL_POTIONS","is_daily":false,"chose_seed":false,"campfire_upgraded":0,"win_rate":0.0,"timestamp":1614223574,"path_taken":["M","?","?","M","?","E","M","$","T","R","?","M","M","E","R","BOSS","M","M","?","?","M","R","M","M"],"items_purchased_type":["Card","Card"],"build_version":"2020-12-22","purchased_purges":0,"victory":false,"max_hp_per_floor":[75,75,75,75,75,75,75,75,75,75,75,75,75,75,75,75,75,75,75,75,75,75,75,75,75,75],"card_choices":[{"not_picked":["DeathKnight:MutagenicPlague","DeathKnight:Obliterate"],"picked":"DeathKnight:Pestilence","floor":1},{"not_picked":["DeathKnight:MindFreeze","DeathKnight:BoneSpear"],"picked":"DeathKnight:UnholyPresence","floor":2},{"not_picked":["DeathKnight:DeathCoil","DeathKnight:AntiMagicShell"],"picked":"DeathKnight:DancingRuneblade","floor":4},{"not_picked":["TH:Mimic"],"picked":"TH:EnergyPotion","floor":6},{"not_picked":["DeathKnight:Marrowrend","DeathKnight:Parry","DeathKnight:BoneSpear"],"picked":"SKIP","floor":6},{"not_picked":["DeathKnight:Lichborne","DeathKnight:HornOfWinter"],"picked":"DeathKnight:DeathCoil","floor":7},{"not_picked":["TH:BikiniMail","TH:EnergyPotion"],"picked":"SKIP","floor":9},{"not_picked":["DeathKnight:Pestilence+1","DeathKnight:DeathRune+1","DeathKnight:Hemostasis+1"],"picked":"SKIP","floor":12},{"not_picked":["DeathKnight:Rot","DeathKnight:Lichborne+1","DeathKnight:DarkSuccor+1"],"picked":"SKIP","floor":13},{"not_picked":["DeathKnight:Pestilence+1","DeathKnight:IcyTouch"],"picked":"DeathKnight:AntiMagicShell+1","floor":14},{"not_picked":["TH:PixieDust","TH:BikiniMail"],"picked":"SKIP","floor":14},{"not_picked":["DeathKnight:Frostscythe","DeathKnight:Simulacrum+1"],"picked":"DeathKnight:Defile","floor":16},{"not_picked":["DeathKnight:MindFreeze+1","DeathKnight:IcyTouch","DeathKnight:Marrowrend"],"picked":"SKIP","floor":18},{"not_picked":["DeathKnight:DancingRuneblade","DeathKnight:Hemostasis+1"],"picked":"DeathKnight:PlagueStrike","floor":19},{"not_picked":["DeathKnight:PathOfFrost+1","DeathKnight:HartStrike"],"picked":"DeathKnight:GargoyleSkin+1","floor":22},{"not_picked":["DeathKnight:Ossuary+1","DeathKnight:Pestilence+1"],"picked":"DeathKnight:ScourgeStrike+1","floor":24}],"player_experience":91044,"relics_obtained":[{"floor":6,"key":"HollowMod:PaleOreRelic"},{"floor":9,"key":"Toxic Egg 2"},{"floor":14,"key":"Cleaning_Rag"}],"event_choices":[{"damage_healed":0,"gold_gain":0,"player_choice":"Box","damage_taken":0,"relics_obtained":["Toy Ornithopter"],"max_hp_gain":0,"max_hp_loss":0,"event_name":"Big Fish","floor":5,"gold_loss":0,"cards_obtained":["Regret"]},{"damage_healed":0,"gold_gain":75,"player_choice":"Gather Gold","damage_taken":11,"max_hp_gain":0,"max_hp_loss":0,"event_name":"World of Goop","floor":11,"gold_loss":0},{"damage_healed":0,"gold_gain":0,"player_choice":"Upgrade","damage_taken":0,"max_hp_gain":0,"max_hp_loss":0,"event_name":"Designer","floor":20,"gold_loss":40,"cards_upgraded":["DeathKnight:PlagueStrike"]},{"damage_healed":0,"gold_gain":0,"player_choice":"Ignored","damage_taken":0,"max_hp_gain":0,"max_hp_loss":0,"event_name":"Purifier","floor":21,"gold_loss":0}],"is_beta":false,"boss_relics":[{"not_picked":["Runic Dome","hubris:GrandSneckoEye"],"picked":"hubris:Stopwatch"}],"items_purged_floors":[],"is_endless":false,"potions_floor_spawned":[2,7,12,14,18,24],"killed_by":"Sentry and Sphere","ascension_level":0}}