{"host":"cd7awanv0x2msn9z","time":1614252754,"event":{"mods":["BaseMod","Downfall","Minty Spire (QoL Compilation)","Replay The Spire","StSLib","SuperFastMode"],"gold_per_floor":[109,109,109,129,143,143,175,175,229,229,229],"floor_reached":10,"language":"ZHS","playtime":239,"items_purged":[],"score":76,"play_id":"58a37bdc-6c0b-43bb-b5a1-971697ff03ac","local_time":"20210225193234","is_ascension_mode":true,"campfire_choices":[{"data":"Dagger Throw","floor":6.0,"key":"SMITH"}],"circlet_count":0,"master_deck":["Strike_G","Strike_G","Strike_G","Strike_G","Strike_G","Defend_G","Defend_G+1","Defend_G","Defend_G+1","Defend_G","Survivor","Neutralize","CurseOfTheBell","Caltrops+1","Dagger Throw+1"],"relics":["Calling Bell","Omamori","Letter Opener","Tingsha","Bag of Preparation","ReplayFunnel","Happy Flower"],"acts_visited":["Exordium"],"potions_floor_usage":[10],"damage_taken":[{"damage":7.0,"enemies":"2 Louse","floor":1.0,"turns":3.0},{"damage":4.0,"enemies":"Jaw Worm","floor":4.0,"turns":4.0},{"damage":0.0,"enemies":"Small Slimes","floor":5.0,"turns":4.0},{"damage":27.0,"enemies":"Lagavulin","floor":7.0,"turns":5.0},{"damage":21,"enemies":"3 Sentries","floor":10,"turns":4}],"seed_played":"6141781341306521495","potions_obtained":[{"floor":4.0,"key":"SteroidPotion"},{"floor":5.0,"key":"AttackPotion"},{"floor":7.0,"key":"Death Potion"}],"is_trial":false,"path_per_floor":["M","?","T","M","M","R","E","?","T","E"],"character_chosen":"THE_SILENT","items_purchased":[],"campfire_rested":0,"item_purchase_floors":[],"current_hp_per_floor":[63,63,63,59,59,59,32,18,18,0,0],"gold":229,"neow_bonus":"BOSS_RELIC","is_daily":false,"chose_seed":false,"campfire_upgraded":1,"win_rate":0.0,"timestamp":1614252754,"path_taken":["M","?","?","?","M","R","E","?","T","E"],"items_purchased_type":[],"build_version":"2020-12-22","purchased_purges":0,"victory":false,"max_hp_per_floor":[70,70,70,70,70,70,70,70,70,70,70],"card_choices":[{"not_picked":["Backflip","Dagger Spray"],"picked":"Caltrops","floor":1.0},{"not_picked":["Outmaneuver","Terror","Hidden Blade"],"picked":"SKIP","floor":4.0},{"not_picked":["Outmaneuver","Riddle With Holes"],"picked":"Dagger Throw","floor":5.0},{"not_picked":["Replay:Poison Smokescreen","Blade Dance","Flechettes"],"picked":"SKIP","floor":7.0}],"player_experience":147483,"relics_obtained":[{"floor":0.0,"key":"Omamori"},{"floor":0.0,"key":"Letter Opener"},{"floor":0.0,"key":"Tingsha"},{"floor":3.0,"key":"Bag of Preparation"},{"floor":7.0,"key":"ReplayFunnel"},{"floor":9.0,"key":"Happy Flower"}],"event_choices":[{"damage_healed":0.0,"max_hp_gain":0.0,"max_hp_loss":0.0,"gold_gain":0.0,"event_name":"Living Wall","player_choice":"Grow","floor":2.0,"gold_loss":0.0,"damage_taken":0.0,"cards_upgraded":["Caltrops"]},{"damage_healed":0.0,"max_hp_gain":0.0,"max_hp_loss":0.0,"gold_gain":0.0,"event_name":"Shining Light","player_choice":"Entered Light","floor":8.0,"gold_loss":0.0,"damage_taken":14.0,"cards_upgraded":["Defend_G","Defend_G"]}],"is_beta":false,"boss_relics":[],"items_purged_floors":[],"is_endless":false,"potions_floor_spawned":[4,5,7],"killed_by":"3 Sentries","ascension_level":3}}