{"host":"nb3r5a3er9rrnn3n","time":1614235820,"event":{"mods":["BaseMod","Colored Map","Downfall","Minty Spire (QoL Compilation)","Relic Stats","Spire Arcade","StSLib"],"gold_per_floor":[0,10,10,22,39,39,39,59,59,86,96,108,108,133,143,246,246,146,161,261,261,272,272,272,272,283,313,398,398,9,20,37,142,142,142,160,174,174,191,221,244,264,264,479,279,154,154,4,24,24,24,54,54,54,54,54],"floor_reached":57,"language":"ENG","playtime":4890,"items_purged":["Regret","Parasite","Guardian:Defend_Guardian","Guardian:Defend_Guardian+1"],"score":1909,"play_id":"45f11308-ab88-4371-80ab-014727c225cb","local_time":"20210225175020","is_ascension_mode":true,"campfire_choices":[{"data":"Guardian:CompilePackage","floor":1.0,"key":"SMITH"},{"data":"Guardian:PiercingHide","floor":9.0,"key":"SMITH"},{"data":"Guardian:DecasProtection","floor":13.0,"key":"SMITH"},{"data":"Guardian:PiercingHide","floor":18.0,"key":"SMITH"},{"data":"Guardian:BodySlam","floor":25.0,"key":"SMITH"},{"floor":35.0,"key":"RECALL"},{"data":"Guardian:StasisField","floor":45.0,"key":"SMITH"},{"data":"Guardian:EvasiveProtocol","floor":47.0,"key":"SMITH"},{"data":"Guardian:ShieldSpikes","floor":54.0,"key":"SMITH"}],"circlet_count":0,"master_deck":["AscendersBane","Guardian:CurlUp+1","Guardian:PiercingHide+1","Guardian:DecasProtection+1","Guardian:PiercingHide+1","Guardian:BodySlam+1","Guardian:PiercingHide","Guardian:Clone+1","Guardian:StasisField+1","Guardian:Harden","Guardian:EvasiveProtocol+1","Guardian:PiercingHide+1","Guardian:Repulse+1","Guardian:EvasiveProtocol+1","Guardian:Clone+1","Guardian:ShieldSpikes+1","Guardian:DecasProtection+1"],"relics":["Guardian:ModeShifter","White Beast Statue","Pear","TungstenRod","Empty Cage","downfall:HeartBlessingGreen","MutagenicStrength","bronze:DecasWashers","Bag of Preparation","Orichalcum","bronze:DonusWashers","Anchor","Coffee Dripper","War Paint","downfall:HeartBlessingRed","downfall:HeartBlessingBlue","Mummified Hand"],"acts_visited":["Exordium","TheCity","TheBeyond","TheEnding"],"potions_floor_usage":[56],"damage_taken":[{"damage":10.0,"enemies":"Small Slimes","floor":2.0,"turns":3.0},{"damage":4.0,"enemies":"Cultist","floor":4.0,"turns":6.0},{"damage":0.0,"enemies":"2 Louse","floor":5.0,"turns":2.0},{"damage":13.0,"enemies":"Blue Slaver","floor":8.0,"turns":5.0},{"damage":3.0,"enemies":"Lagavulin","floor":10.0,"turns":10.0},{"damage":0.0,"enemies":"downfall:LooterAlt","floor":11.0,"turns":4.0},{"damage":4.0,"enemies":"Red Slaver","floor":12.0,"turns":7.0},{"damage":31.0,"enemies":"Gremlin Nob","floor":14.0,"turns":5.0},{"damage":0.0,"enemies":"Blue Slaver","floor":15.0,"turns":3.0},{"damage":21.0,"enemies":"WA_ARCHETYPE_RETAIN","floor":16.0,"turns":13.0},{"damage":3.0,"enemies":"Spheric Guardian","floor":19.0,"turns":7.0},{"damage":8.0,"enemies":"downfall:Augmenter","floor":20.0,"turns":7.0},{"damage":0.0,"enemies":"downfall:LooterAlt2","floor":22.0,"turns":4.0},{"damage":1.0,"enemies":"Snecko","floor":26.0,"turns":6.0},{"damage":7.0,"enemies":"Slavers","floor":27.0,"turns":5.0},{"damage":4.0,"enemies":"downfall:FleeingMerchant","floor":30.0,"turns":4.0},{"damage":0.0,"enemies":"Chosen and Byrds","floor":31.0,"turns":2.0},{"damage":0.0,"enemies":"Centurion and Healer","floor":32.0,"turns":6.0},{"damage":0.0,"enemies":"SI_MIRROR_ARCHETYPE","floor":33.0,"turns":8.0},{"damage":0.0,"enemies":"3 Darklings","floor":36.0,"turns":6.0},{"damage":0.0,"enemies":"3 Shapes","floor":37.0,"turns":7.0},{"damage":0.0,"enemies":"Writhing Mass","floor":39.0,"turns":4.0},{"damage":0.0,"enemies":"Nemesis","floor":40.0,"turns":7.0},{"damage":0.0,"enemies":"Spire Growth","floor":42.0,"turns":4.0},{"damage":0.0,"enemies":"downfall:FleeingMerchant","floor":44.0,"turns":4.0},{"damage":0.0,"enemies":"Transient","floor":49.0,"turns":5.0},{"damage":19.0,"enemies":"IC_BLOCK_ARCHETYPE","floor":50.0,"turns":11.0},{"damage":34.0,"enemies":"downfall:CharBossMerchant","floor":52.0,"turns":10.0},{"damage":37.0,"enemies":"downfall:NeowBoss","floor":55.0,"turns":18.0},{"damage":0,"enemies":"downfall:NeowBossFinal","floor":56,"turns":8}],"seed_played":"4057676524020694362","potions_obtained":[{"floor":4.0,"key":"LiquidBronze"},{"floor":8.0,"key":"Guardian:DefensiveModePotion"},{"floor":10.0,"key":"Regen Potion"},{"floor":12.0,"key":"PowerPotion"},{"floor":14.0,"key":"FearPotion"},{"floor":15.0,"key":"ColorlessPotion"},{"floor":16.0,"key":"SneckoOil"},{"floor":19.0,"key":"SpeedPotion"},{"floor":20.0,"key":"SkillPotion"},{"floor":22.0,"key":"GamblersBrew"},{"floor":30.0,"key":"AttackPotion"},{"floor":31.0,"key":"Weak Potion"},{"floor":36.0,"key":"Fruit Juice"},{"floor":37.0,"key":"Guardian:BlockOnCardUsePotion"},{"floor":40.0,"key":"SkillPotion"},{"floor":44.0,"key":"Dexterity Potion"},{"floor":52.0,"key":"Ancient Potion"}],"is_trial":false,"path_per_floor":["R","M","?","M","M","?","T","M","R","E","M","M","R","E","M","B",null,"R","M","?","?","M","?","T","R","M","E","?","?","$","M","M","B",null,"R","M","M","?","M","E","T","M","?","$","R","$","R","$","M","B",null,"E","$","R","B","B",null],"character_chosen":"GUARDIAN","items_purchased":["bronze:DonusWashers","Anchor"],"campfire_rested":0,"item_purchase_floors":[30,30],"current_hp_per_floor":[72,62,62,58,58,58,58,45,45,52,52,48,48,32,32,11,70,70,67,59,59,59,59,59,59,58,51,36,36,32,32,32,32,76,76,76,81,105,105,105,105,105,105,102,112,112,112,112,112,93,107,73,73,73,36,36],"gold":54,"neow_bonus":"THREE_RARE_CARDS","is_daily":false,"chose_seed":false,"campfire_upgraded":8,"win_rate":0.0,"timestamp":1614235820,"path_taken":["R","M","?","M","M","?","T","M","R","E","?","M","R","E","M","BOSS","R","M","?","?","M","?","T","R","?","E","?","?","$","M","M","BOSS","R","M","M","?","M","E","T","?","?","$","R","$","R","$","M","BOSS","E","$","R","BOSS","BOSS"],"items_purchased_type":["Relic","Relic"],"build_version":"2020-12-22","purchased_purges":4,"victory":true,"max_hp_per_floor":[80,80,80,80,80,80,80,80,80,90,90,90,90,90,90,90,90,90,90,90,90,90,90,90,90,90,90,90,90,90,90,90,90,90,90,90,95,105,105,105,105,105,105,102,112,112,112,112,112,112,112,112,112,112,112,112],"relic_stats":{"counters":[30,190],"Mummified Hand":[11],"Bag of Preparation":[30],"Orichalcum":[0],"War Paint":["Guardian:CurlUp","Guardian:Defend_Guardian"],"obtain_stats":[{"bronze:DonusWashers":30,"Pear":10,"downfall:HeartBlessingRed":45,"bronze:DecasWashers":24,"Guardian:ModeShifter":0,"downfall:HeartBlessingGreen":18,"Bag of Preparation":27,"Orichalcum":29,"War Paint":40,"Empty Cage":17,"White Beast Statue":7,"Anchor":30,"downfall:HeartBlessingBlue":45,"Mummified Hand":52,"MutagenicStrength":20,"Coffee Dripper":34,"TungstenRod":14},{"bronze:DonusWashers":16,"Pear":5,"downfall:HeartBlessingRed":25,"bronze:DecasWashers":13,"Guardian:ModeShifter":0,"downfall:HeartBlessingGreen":10,"Bag of Preparation":15,"Orichalcum":15,"War Paint":23,"Empty Cage":10,"White Beast Statue":3,"Anchor":16,"downfall:HeartBlessingBlue":25,"Mummified Hand":28,"MutagenicStrength":12,"Coffee Dripper":19,"TungstenRod":8},{"bronze:DonusWashers":90,"Pear":26,"downfall:HeartBlessingRed":138,"bronze:DecasWashers":75,"Guardian:ModeShifter":0,"downfall:HeartBlessingGreen":57,"Bag of Preparation":86,"Orichalcum":86,"War Paint":130,"Empty Cage":57,"White Beast Statue":11,"Anchor":90,"downfall:HeartBlessingBlue":138,"Mummified Hand":164,"MutagenicStrength":71,"Coffee Dripper":106,"TungstenRod":41}],"TungstenRod":17},"card_choices":[{"not_picked":["Guardian:ConstructionForm","Guardian:StasisEngine"],"picked":"Guardian:CompilePackage","floor":0.0},{"not_picked":["Guardian:WalkerClaw","Guardian:Gem_Lightblue"],"picked":"Guardian:PiercingHide","floor":2.0},{"not_picked":["Guardian:Recover","Guardian:CrystalBeam"],"picked":"Guardian:Incinerate","floor":4.0},{"not_picked":["Guardian:Orbwalk","Guardian:ShieldCharger"],"picked":"Guardian:DecasProtection","floor":5.0},{"not_picked":["Guardian:PrismaticBeam","Guardian:Emergency"],"picked":"Guardian:PiercingHide","floor":8.0},{"not_picked":["Guardian:WalkerClaw","Guardian:FastForward","Guardian:CrystalBeam"],"picked":"SKIP","floor":10.0},{"not_picked":["Guardian:ChargeUp","Guardian:Planning"],"picked":"Guardian:PrismaticBarrier","floor":11.0},{"not_picked":["Guardian:FloatingOrbs","Guardian:Gem_Red"],"picked":"Guardian:Gem_Green","floor":12.0},{"not_picked":["Guardian:Incinerate","Guardian:Gem_Red","Guardian:CrystalBeam"],"picked":"SKIP","floor":14.0},{"not_picked":["Guardian:CrystalBeam","Guardian:Gem_Red"],"picked":"Guardian:Gem_Fragmented","floor":15.0},{"not_picked":["Guardian:BaubleBeam","Guardian:GemFire"],"picked":"Guardian:Gem_Synthetic","floor":16.0},{"not_picked":["Guardian:VentSteam","Guardian:Planning"],"picked":"Guardian:Gem_Green","floor":19.0},{"not_picked":["Guardian:TemporalStrike","Guardian:Orbwalk+1"],"picked":"Guardian:PiercingHide","floor":20.0},{"not_picked":["Guardian:CrystalBeam","Guardian:ShieldCharger+1"],"picked":"Guardian:Clone+1","floor":22.0},{"not_picked":["Guardian:Reroute+1","Guardian:ChargeUp+1"],"picked":"Guardian:StasisField","floor":26.0},{"not_picked":["Guardian:GuardianWhirl","Guardian:Gem_Fragmented"],"picked":"Guardian:Harden","floor":27.0},{"not_picked":["Guardian:Gem_Blue","Guardian:ChargeCore+1"],"picked":"Guardian:EvasiveProtocol","floor":30.0},{"not_picked":["Guardian:ArmoredProtocol","Guardian:ChargeUp","Guardian:MultiBeam"],"picked":"SKIP","floor":31.0},{"not_picked":["Guardian:BodySlam","Guardian:TemporalStrike"],"picked":"Guardian:PiercingHide+1","floor":32.0},{"not_picked":["Guardian:BaubleBeam","Guardian:StasisEngine"],"picked":"Guardian:Gem_Orange","floor":33.0},{"not_picked":["Guardian:PolyBeam","Guardian:Gem_Cyan"],"picked":"Guardian:Repulse+1","floor":36.0},{"not_picked":["Guardian:GuardianWhirl+1","Guardian:Suspension+1","Guardian:PolyBeam"],"picked":"SKIP","floor":37.0},{"not_picked":["Guardian:ShieldCharger+1","Guardian:Incinerate+1","Guardian:Gem_Lightblue"],"picked":"SKIP","floor":39.0},{"not_picked":["Guardian:ChargeCore","Guardian:Suspension"],"picked":"Guardian:EvasiveProtocol+1","floor":40.0},{"not_picked":["Guardian:TemporalStrike+1","Guardian:Incinerate+1"],"picked":"Guardian:Gem_Yellow","floor":42.0},{"not_picked":["Guardian:Planning+1","Guardian:Suspension+1"],"picked":"Guardian:Clone+1","floor":44.0},{"not_picked":["Guardian:Incinerate","Guardian:Planning"],"picked":"Guardian:ShieldSpikes","floor":49.0},{"not_picked":["Guardian:ChargeUp+1","Guardian:Gem_Synthetic"],"picked":"Guardian:DecasProtection+1","floor":52.0}],"player_experience":2073613,"relics_obtained":[{"floor":7.0,"key":"White Beast Statue"},{"floor":10.0,"key":"Pear"},{"floor":14.0,"key":"TungstenRod"},{"floor":20.0,"key":"MutagenicStrength"},{"floor":24.0,"key":"bronze:DecasWashers"},{"floor":27.0,"key":"Bag of Preparation"},{"floor":40.0,"key":"War Paint"},{"floor":52.0,"key":"Mummified Hand"}],"event_choices":[{"damage_healed":0.0,"max_hp_gain":0.0,"max_hp_loss":0.0,"gold_gain":0.0,"event_name":"Ghosts","player_choice":"Ignored","floor":21.0,"gold_loss":0.0,"damage_taken":0.0},{"cards_removed":["Guardian:CompilePackage"],"damage_healed":14.0,"max_hp_gain":10.0,"max_hp_loss":0.0,"gold_gain":0.0,"event_name":"Bonfire Elementals","player_choice":"Offered Rare","floor":38.0,"gold_loss":0.0,"damage_taken":0.0},{"cards_removed":["Guardian:Defend_Guardian"],"damage_healed":0.0,"max_hp_gain":0.0,"max_hp_loss":0.0,"gold_gain":0.0,"event_name":"Falling","player_choice":"Removed Skill","floor":43.0,"gold_loss":0.0,"damage_taken":0.0}],"is_beta":false,"boss_relics":[{"not_picked":["expansioncontent:StudyCardRelic","Snecko Eye"],"picked":"Empty Cage"},{"not_picked":["Velvet Choker","Black Star"],"picked":"Coffee Dripper"}],"items_purged_floors":[30,44,46,48],"is_endless":false,"potions_floor_spawned":[4,8,10,11,12,14,15,16,19,20,22,26,27,30,31,32,33,36,37,39,40,42,44,49,52],"ascension_level":10}}