{"host":"wppa8gky53tnknhf","time":1614270617,"event":{"mods":["AchievementEnabler","Act Like it!","BaseMod","Better Third Choice","BetterRewards","Card Forge","Colored Powertips","Hubris","Infinite Spire","Marked Mod","Minty Spire (QoL Compilation)","Permanent Neow","Quick Restart","Rare Cards Sparkle","Relic Stats","Reliquary","Remove Card Discount Mod","Replay The Spire","Spikes Relics","Spire Birthday Party","StSLib","Wandering Minibosses","thorton"],"gold_per_floor":[359,308,322,338,338,370,370,370,370,370,502,502,529,539,539,638,638,653,653,672,684,702,702,733,733,783,812,812,827,854,870,870,969,969,987,1004,1004,763,777,777,811,811,863,910,925,925,958,972,972,972,972,972,558,591,591,591],"floor_reached":55,"language":"ENG","playtime":1591,"items_purged":[],"score":973,"play_id":"d281ae54-010b-4947-8038-44d97a81a0a6","local_time":"20210225163017","is_ascension_mode":true,"campfire_choices":[{"floor":8.0,"key":"RECALL"},{"floor":15,"key":"REST"},{"floor":23,"key":"REST"},{"floor":25,"key":"REST"},{"floor":32,"key":"REST"},{"floor":40,"key":"REST"},{"data":"1","floor":49,"key":"LIFT"},{"data":"2","floor":52,"key":"LIFT"}],"circlet_count":0,"master_deck":["Strike_R+1","Strike_R+1","Strike_R+1","Strike_R+1","Strike_R+1","Defend_R+1","Defend_R+1","Defend_R+1","Defend_R+1","Cleave+1","Clash+1","Sword Boomerang+1","infinitespire:OneForAll+1","Shrug It Off+1","Shockwave+1","Bash+1","Shrug It Off+1","Twin Strike+1","Barricade+1","Rage+1","Cleave+1","Limit Break+1","Flex+1","Twin Strike+1","BarbarianYell+1","Body Slam+1","Iron Wave+1","Flex+1","AbeCurse","Iron Wave+1","Shrug It Off+1","Metallicize+1","infinitespire:Gouge+1","infinitespire:Punishment+1","Limit Break+1","Sword Boomerang+1","Thunderclap+1","Flex+1","Heavy Blade+1","Shrug It Off+1","Flame Barrier+1","Bludgeon+1"],"relics":["Black Blood","Hammer of Thor","Seething Fire","Anvil of the Gods","hubris:Icosahedron","hubris:TenFootPole","hubris:ChampionShield","Replay:PocketPolymizer","SacredBark","Art of War","RoseTintedShades","Abe\u0027s Treasure","Rawhide","Blood Vial","Fusion Hammer","DollysMirror","Girya","infinitespire:EmpoweringShard","infinitespire:WardingShard","Akabeko"],"acts_visited":["Exordium","TheCity","TheBeyond","TheEnding"],"potions_floor_usage":[16,29,33,33,35,41,44,44,54,55],"damage_taken":[{"damage":0.0,"enemies":"Cultist","floor":1.0,"turns":2.0},{"damage":0.0,"enemies":"Small Slimes","floor":3.0,"turns":3.0},{"damage":0.0,"enemies":"Jaw Worm","floor":4.0,"turns":3.0},{"damage":12.0,"enemies":"Lagavulin","floor":6.0,"turns":5.0},{"damage":19.0,"enemies":"3 Sentries","floor":11.0,"turns":4.0},{"damage":0,"enemies":"Lagavulin","floor":13,"turns":3},{"damage":5,"enemies":"3 Louse","floor":14,"turns":2},{"damage":6,"enemies":"The Guardian","floor":16,"turns":12},{"damage":2,"enemies":"3 Byrds","floor":18,"turns":4},{"damage":0,"enemies":"Spheric Guardian","floor":20,"turns":3},{"damage":42,"enemies":"Shelled Parasite and Fungi","floor":21,"turns":9},{"damage":8,"enemies":"3 Cultists","floor":22,"turns":4},{"damage":24,"enemies":"Slavers","floor":24,"turns":6},{"damage":0,"enemies":"Book of Stabbing","floor":27,"turns":3},{"damage":1,"enemies":"Centurion and Healer","floor":29,"turns":3},{"damage":19,"enemies":"Slavers","floor":30,"turns":5},{"damage":10,"enemies":"Snake Plant","floor":31,"turns":2},{"damage":26,"enemies":"Collector","floor":33,"turns":5},{"damage":45,"enemies":"3 Darklings","floor":35,"turns":5},{"damage":18,"enemies":"Orb Walker","floor":36,"turns":5},{"damage":19,"enemies":"Sphere and 2 Shapes","floor":39,"turns":5},{"damage":0,"enemies":"Giant Head","floor":41,"turns":7},{"damage":0,"enemies":"2 Orb Walkers","floor":44,"turns":4},{"damage":0,"enemies":"3 Darklings","floor":45,"turns":4},{"damage":23,"enemies":"Nemesis","floor":47,"turns":5},{"damage":3,"enemies":"Writhing Mass","floor":48,"turns":2},{"damage":56,"enemies":"Time Eater","floor":50,"turns":10},{"damage":20,"enemies":"Shield and Spear","floor":54,"turns":3},{"damage":74,"enemies":"The Heart","floor":55,"turns":6}],"seed_played":"8680850703594301298","potions_obtained":[{"floor":1.0,"key":"Adrenaline Potion"},{"floor":6.0,"key":"FearPotion"},{"floor":14,"key":"infinitespire:BlackPotion"},{"floor":20,"key":"BloodPotion"},{"floor":24,"key":"Ancient Potion"},{"floor":29,"key":"FearPotion"},{"floor":36,"key":"Toxic Potion"},{"floor":37,"key":"infinitespire:BlackPotion"},{"floor":37,"key":"HeartOfIron"},{"floor":44,"key":"Energy Potion"},{"floor":47,"key":"EssenceOfSteel"}],"is_trial":false,"path_per_floor":["M","$","M","M","?","E","?","R","T","?","E","?","E","M","R","B",null,"M","?","M","M","M","R","E","R","T","E","AVR","M","E","M","R","B",null,"M","M","?","$","M","R","E","AVR","T","?","M","?","E","M","R","B",null,"R","$","E","B"],"character_chosen":"IRONCLAD","items_purchased":["Clash","Rawhide","infinitespire:WardingShard","Heavy Blade","Shrug It Off","Flame Barrier"],"campfire_rested":5,"item_purchase_floors":[2,38,53,53,53,53],"current_hp_per_floor":[80,80,80,80,80,74,74,74,74,74,61,61,67,68,80,80,80,80,80,80,50,54,78,66,80,80,80,80,80,73,75,80,66,80,79,73,73,73,66,80,80,80,80,80,80,80,69,80,80,36,80,80,80,72,0,0],"gold":591,"neow_bonus":"TWO_FIFTY_GOLD","is_daily":false,"chose_seed":false,"campfire_upgraded":0,"win_rate":0.0,"timestamp":1614270617,"path_taken":["M","$","?","M","?","E","?","R","T","?","E","?","E","M","R","BOSS","M","?","M","M","M","R","E","R","T","E","AVR","?","E","M","R","BOSS","M","M","?","$","?","R","E","AVR","T","?","M","?","E","M","R","BOSS","R","$","E","BOSS"],"items_purchased_type":["Card","Relic","Relic","Card","Card","Card"],"build_version":"2020-12-22","purchased_purges":0,"victory":false,"max_hp_per_floor":[80,80,80,80,80,80,80,80,80,80,80,80,80,80,80,80,80,80,80,80,80,80,80,80,80,80,80,80,80,80,80,80,80,80,80,80,80,80,80,80,80,80,80,80,80,80,80,80,80,80,80,80,80,80,80,80],"relic_stats":{"Blood Vial":4,"counters":[29,134],"Black Blood":189,"Art of War":[4],"obtain_stats":[{"Girya":44,"Replay:PocketPolymizer":27,"SacredBark":28,"Black Blood":17,"RoseTintedShades":30,"Rawhide":38,"Hammer of Thor":0,"Seething Fire":0,"Burning Blood":0,"Akabeko":54,"Blood Vial":41,"hubris:Icosahedron":10,"infinitespire:WardingShard":53,"Anvil of the Gods":0,"DollysMirror":42,"Fusion Hammer":42,"hubris:TenFootPole":24,"Art of War":28,"infinitespire:EmpoweringShard":47,"hubris:ChampionShield":26,"Abe\u0027s Treasure":34},{"Girya":23,"Replay:PocketPolymizer":14,"SacredBark":14,"Black Blood":8,"RoseTintedShades":16,"Rawhide":20,"Hammer of Thor":0,"Seething Fire":0,"Burning Blood":0,"Akabeko":28,"Blood Vial":22,"hubris:Icosahedron":4,"infinitespire:WardingShard":27,"Anvil of the Gods":0,"DollysMirror":22,"Fusion Hammer":22,"hubris:TenFootPole":13,"Art of War":14,"infinitespire:EmpoweringShard":25,"hubris:ChampionShield":13,"Abe\u0027s Treasure":18},{"Girya":104,"Replay:PocketPolymizer":63,"SacredBark":63,"Black Blood":34,"RoseTintedShades":71,"Rawhide":88,"Hammer of Thor":0,"Seething Fire":0,"Burning Blood":0,"Akabeko":128,"Blood Vial":100,"hubris:Icosahedron":13,"infinitespire:WardingShard":125,"Anvil of the Gods":0,"DollysMirror":100,"Fusion Hammer":100,"hubris:TenFootPole":60,"Art of War":63,"infinitespire:EmpoweringShard":113,"hubris:ChampionShield":60,"Abe\u0027s Treasure":78}]},"card_choices":[{"not_picked":["Run Through","Clothesline"],"picked":"Cleave","floor":1.0},{"not_picked":["Armaments","Havoc"],"picked":"Sword Boomerang","floor":3.0},{"not_picked":["Warcry","Run Through"],"picked":"infinitespire:OneForAll","floor":4.0},{"not_picked":["Heavy Blade","Eclipse"],"picked":"Shrug It Off","floor":6.0},{"not_picked":["Clothesline","Headbutt"],"picked":"Shockwave","floor":11.0},{"not_picked":["Headbutt","Warcry"],"picked":"Shrug It Off","floor":13},{"not_picked":["Run Through","Replay:Undeath\u0027s Touch"],"picked":"Twin Strike","floor":14},{"not_picked":["Immolate","Corruption"],"picked":"Barricade","floor":16},{"not_picked":["Heavy Blade","Perfected Strike"],"picked":"Rage+1","floor":18},{"not_picked":["Massacre","Perfected Strike+1"],"picked":"Cleave","floor":20},{"not_picked":["Pommel Strike","Bloodletting"],"picked":"Limit Break","floor":21},{"not_picked":["Anger","Evolve"],"picked":"Flex+1","floor":22},{"not_picked":["Armaments+1","Iron Wave"],"picked":"Twin Strike","floor":24},{"not_picked":["ReplayTheSpireMod:Corrosion Curse","Hemokinesis"],"picked":"BarbarianYell","floor":27},{"not_picked":["Dual Wield","Invigoration"],"picked":"Body Slam","floor":29},{"not_picked":["Wild Strike","ReplayTheSpireMod:Stacked"],"picked":"Iron Wave+1","floor":30},{"not_picked":["Cleave","Hemogenesis"],"picked":"Flex","floor":31},{"not_picked":["Replay:Undeath\u0027s Touch","Invigoration+1"],"picked":"Iron Wave","floor":35},{"not_picked":["ReplayReversal+1","Replay:Undeath\u0027s Touch+1"],"picked":"Shrug It Off","floor":36},{"not_picked":["Sentinel","Pommel Strike","Warcry"],"picked":"SKIP","floor":39},{"not_picked":["Feed","Headbutt+1"],"picked":"Metallicize","floor":41},{"not_picked":["Pommel Strike","Anger+1"],"picked":"Sword Boomerang","floor":44},{"not_picked":["hubris:ReadiedAction+1","Replay:Undeath\u0027s Touch","Burning Pact+1"],"picked":"SKIP","floor":45},{"not_picked":["Run Through+1","Havoc"],"picked":"Thunderclap","floor":47},{"not_picked":["Wild Strike","Power Through+1"],"picked":"Flex","floor":48},{"not_picked":["Ghostly Armor","True Grit+1"],"picked":"Bludgeon","floor":54}],"player_experience":745623,"relics_obtained":[{"floor":24,"key":"hubris:TenFootPole"},{"floor":26,"key":"hubris:ChampionShield"},{"floor":27,"key":"Replay:PocketPolymizer"},{"floor":30,"key":"RoseTintedShades"},{"floor":41,"key":"Blood Vial"},{"floor":44,"key":"Girya"},{"floor":47,"key":"infinitespire:EmpoweringShard"},{"floor":54,"key":"Akabeko"}],"event_choices":[{"damage_healed":74.0,"max_hp_gain":0.0,"max_hp_loss":80.0,"gold_gain":0.0,"event_name":"betterThird:BetterShining","player_choice":"Leave","floor":7.0,"gold_loss":0.0,"damage_taken":0.0},{"damage_healed":0,"gold_gain":0,"player_choice":"Ignored","damage_taken":0,"max_hp_gain":0,"max_hp_loss":0,"event_name":"Upgrade Shrine","floor":19,"gold_loss":0},{"damage_healed":0,"gold_gain":0,"player_choice":"Got Potions","damage_taken":0,"max_hp_gain":0,"max_hp_loss":0,"event_name":"Lab","floor":37,"gold_loss":0},{"damage_healed":0,"gold_gain":0,"player_choice":"Fight","damage_taken":0,"max_hp_gain":0,"max_hp_loss":0,"event_name":"Mysterious Sphere","floor":44,"gold_loss":0}],"is_beta":false,"boss_relics":[{"not_picked":["hubris:TerracottaHorce","reliquary:WritOfMandamus"],"picked":"Black Blood"},{"not_picked":["Mark of Pain","hubris:ScarierMask"],"picked":"Abe\u0027s Treasure"}],"items_purged_floors":[],"is_endless":false,"potions_floor_spawned":[1,6,13,14,20,24,29,31,36,44,47],"killed_by":"The Heart","ascension_level":1}}