{"host":"zdahj580pq9zy75i","time":1614255809,"event":{"mods":["AchievementEnabler","BaseMod","Bestiary","Colored Map","Minty Spire (QoL Compilation)","Relic Stats","StSLib","ojb\u0027s Info Mod: The sequel"],"gold_per_floor":[112,112,37,52,64,64,96,112,137,187,187,206,234,251,251,324,324,338,348,220,236,236,236,21,55,107,107,107,107,107],"floor_reached":29,"language":"ENG","playtime":1135,"items_purged":[],"score":506,"play_id":"5dda21ba-7fe5-426e-9a00-4b061e51c0b7","local_time":"20210225072329","is_ascension_mode":true,"campfire_choices":[{"data":"Whirlwind","floor":6,"key":"SMITH"},{"data":"Cleave","floor":11,"key":"SMITH"},{"data":"Disarm","floor":15,"key":"SMITH"},{"floor":23,"key":"REST"},{"floor":28,"key":"REST"}],"circlet_count":0,"master_deck":["AscendersBane","Strike_R+1","Strike_R","Defend_R","Defend_R","Defend_R","Defend_R","Bash+1","Cleave+1","Anger","Whirlwind+1","Reaper","Disarm+1","Pummel","Pummel","Demon Form","True Grit","Flame Barrier","Pummel","Burning Pact+1","Shrug It Off","Sword Boomerang","Feel No Pain","Warcry+1","Power Through"],"relics":["Burning Blood","Anchor","Happy Flower","Whetstone","Sundial","Philosopher\u0027s Stone","Strange Spoon","Toy Ornithopter"],"acts_visited":["Exordium","TheCity"],"potions_floor_usage":[16,25,29],"damage_taken":[{"damage":8,"enemies":"2 Louse","floor":1,"turns":4},{"damage":1,"enemies":"Cultist","floor":4,"turns":3},{"damage":10,"enemies":"Small Slimes","floor":5,"turns":3},{"damage":15,"enemies":"3 Sentries","floor":7,"turns":5},{"damage":10,"enemies":"Exordium Wildlife","floor":8,"turns":3},{"damage":0,"enemies":"Gremlin Gang","floor":12,"turns":1},{"damage":8,"enemies":"Gremlin Nob","floor":13,"turns":3},{"damage":12,"enemies":"Blue Slaver","floor":14,"turns":4},{"damage":46,"enemies":"The Guardian","floor":16,"turns":9},{"damage":16,"enemies":"2 Thieves","floor":18,"turns":3},{"damage":26,"enemies":"Spheric Guardian","floor":19,"turns":4},{"damage":26,"enemies":"3 Cultists","floor":21,"turns":5},{"damage":58,"enemies":"Slavers","floor":25,"turns":4},{"damage":41,"enemies":"Gremlin Leader","floor":29,"turns":2}],"seed_played":"-4863723462302447592","potions_obtained":[{"floor":7,"key":"AttackPotion"},{"floor":12,"key":"FearPotion"},{"floor":19,"key":"SmokeBomb"},{"floor":21,"key":"Dexterity Potion"}],"is_trial":false,"path_per_floor":["M","?","?","M","M","R","E","M","T","?","R","M","E","M","R","B",null,"M","M","$","M","?","R","$","E","T","?","R","E"],"character_chosen":"IRONCLAD","items_purchased":["Flame Barrier","Pummel","Feel No Pain","Strange Spoon"],"campfire_rested":2,"item_purchase_floors":[20,20,24,24],"current_hp_per_floor":[73,68,68,73,69,69,60,64,64,56,56,62,64,62,62,26,68,58,38,38,38,38,62,62,10,10,10,34,0,0],"gold":107,"neow_bonus":"TEN_PERCENT_HP_BONUS","is_daily":false,"chose_seed":false,"campfire_upgraded":3,"win_rate":0.0,"timestamp":1614255809,"path_taken":["M","?","?","M","M","R","E","M","T","?","R","M","E","M","R","BOSS","M","M","$","M","?","R","$","E","T","?","R","E"],"items_purchased_type":["Card","Card","Card","Relic"],"build_version":"2020-12-22","purchased_purges":0,"victory":false,"max_hp_per_floor":[82,82,82,82,82,82,82,82,82,82,82,82,82,82,82,82,82,82,82,82,82,82,82,82,82,82,82,82,82,82],"relic_stats":{"Strange Spoon":[3],"Happy Flower":[12],"counters":[14,53],"Sundial":[4],"Whetstone":["Strike_R","Bash"],"obtain_stats":[{"Strange Spoon":24,"Anchor":2,"Happy Flower":7,"Sundial":13,"Philosopher\u0027s Stone":17,"Whetstone":9,"Burning Blood":0,"Toy Ornithopter":25},{"Strange Spoon":12,"Anchor":1,"Happy Flower":4,"Sundial":7,"Philosopher\u0027s Stone":9,"Whetstone":5,"Burning Blood":0,"Toy Ornithopter":13},{"Strange Spoon":47,"Anchor":4,"Happy Flower":15,"Sundial":22,"Philosopher\u0027s Stone":35,"Whetstone":18,"Burning Blood":0,"Toy Ornithopter":51}],"Burning Blood":78,"Toy Ornithopter":5},"card_choices":[{"not_picked":["Sword Boomerang","Rupture"],"picked":"Cleave","floor":1},{"not_picked":["Reckless Charge","Armaments"],"picked":"Anger","floor":4},{"not_picked":["Armaments","Flex"],"picked":"Whirlwind","floor":5},{"not_picked":["Heavy Blade","Havoc"],"picked":"Reaper","floor":7},{"not_picked":["Body Slam","Iron Wave"],"picked":"Disarm","floor":8},{"not_picked":["Wild Strike","Clothesline"],"picked":"Pummel","floor":12},{"not_picked":["Barricade","Intimidate"],"picked":"Pummel","floor":13},{"not_picked":["Flex","Headbutt","Evolve"],"picked":"SKIP","floor":14},{"not_picked":["Barricade","Exhume"],"picked":"Demon Form","floor":16},{"not_picked":["Warcry","Body Slam","Rupture"],"picked":"SKIP","floor":18},{"not_picked":["Intimidate","Armaments"],"picked":"True Grit","floor":19},{"not_picked":["Uppercut+1","Perfected Strike"],"picked":"Burning Pact+1","floor":21},{"not_picked":["Perfected Strike","Anger+1"],"picked":"Warcry+1","floor":25}],"player_experience":812091,"relics_obtained":[{"floor":7,"key":"Happy Flower"},{"floor":9,"key":"Whetstone"},{"floor":13,"key":"Sundial"},{"floor":25,"key":"Toy Ornithopter"}],"event_choices":[{"damage_healed":0,"gold_gain":0,"player_choice":"Success","damage_taken":5,"relics_obtained":["Anchor"],"max_hp_gain":0,"max_hp_loss":0,"event_name":"Scrap Ooze","floor":2,"gold_loss":0},{"cards_removed":["Strike_R"],"damage_healed":0,"gold_gain":0,"player_choice":"Card Removal","damage_taken":0,"max_hp_gain":0,"max_hp_loss":0,"event_name":"The Cleric","floor":3,"gold_loss":75},{"damage_healed":0,"gold_gain":50,"player_choice":"Touch","damage_taken":8,"max_hp_gain":0,"max_hp_loss":0,"event_name":"FaceTrader","floor":10,"gold_loss":0},{"damage_healed":0,"gold_gain":0,"cards_transformed":["Strike_R","Strike_R"],"player_choice":"Became Test Subject","damage_taken":0,"max_hp_gain":0,"max_hp_loss":0,"event_name":"Drug Dealer","floor":22,"gold_loss":0,"cards_obtained":["Shrug It Off","Sword Boomerang"]},{"damage_healed":0,"gold_gain":0,"player_choice":"Read","damage_taken":0,"max_hp_gain":0,"max_hp_loss":0,"event_name":"The Library","floor":27,"gold_loss":0,"cards_obtained":["Power Through"]}],"is_beta":false,"boss_relics":[{"not_picked":["Sozu","Pandora\u0027s Box"],"picked":"Philosopher\u0027s Stone"}],"items_purged_floors":[],"is_endless":false,"potions_floor_spawned":[7,12,14,19,21],"killed_by":"Gremlin Leader","ascension_level":20}}