{"host":"4udtejx3ummmwg8f","time":1614231578,"event":{"mods":["BaseMod","Minty Spire (QoL Compilation)"],"gold_per_floor":[112,122,137,23,34,59,87,122,203,203,236,236,267,295,295,397,397,409,87,102,102,17,51,81,112,112,137,169,169,51,51,51,156,156,171,171,191,168,168,194,228,228,228,262,262,262,562,615,615,714,714,753,842,882,299,348,409,409,438,438,130,130,164,164,209,209,319,346,398,426,88,133,200,200,200,200,243,243,318,345,345,270,270,380,380,434,457,215,215,259,259,259,300,337,337,337,337,337,364,364,364,364],"floor_reached":101,"language":"ENG","playtime":7078,"items_purged":["Defend_G","Strike_G","Writhe"],"score":2358,"play_id":"13ea5128-93e4-49af-bb1d-8766a41415cb","local_time":"20210225160938","daily_mods":["Heirloom","Time Dilation","Flight"],"is_ascension_mode":true,"campfire_choices":[{"floor":10,"key":"REST"},{"floor":12,"key":"REST"},{"data":"Adrenaline","floor":15,"key":"SMITH"},{"data":"After Image","floor":32,"key":"SMITH"},{"floor":42,"key":"REST"},{"data":"HandOfGreed","floor":46,"key":"SMITH"},{"data":"Mind Blast","floor":49,"key":"SMITH"},{"data":"Die Die Die","floor":58,"key":"SMITH"},{"data":"Accuracy","floor":62,"key":"SMITH"},{"data":"Accuracy","floor":64,"key":"SMITH"},{"data":"Blade Dance","floor":66,"key":"SMITH"},{"data":"Crippling Poison","floor":74,"key":"SMITH"},{"data":"Bite","floor":75,"key":"SMITH"},{"data":"Bite","floor":76,"key":"SMITH"},{"data":"Bite","floor":81,"key":"SMITH"},{"data":"Terror","floor":83,"key":"SMITH"},{"data":"Cloak And Dagger","floor":91,"key":"SMITH"},{"data":"Noxious Fumes","floor":92,"key":"SMITH"},{"data":"Unload","floor":95,"key":"SMITH"},{"data":"Venomology","floor":97,"key":"SMITH"},{"data":"Caltrops","floor":98,"key":"SMITH"},{"data":"Well Laid Plans","floor":100,"key":"SMITH"}],"circlet_count":0,"master_deck":["Defend_G","Survivor","Neutralize","Blade Dance+1","Terror+1","Deadly Poison","Well Laid Plans+1","Cloak And Dagger+1","Die Die Die+1","Flechettes","Adrenaline+1","PiercingWail","Venomology+1","Crippling Poison+1","After Image+1","Poisoned Stab","Outmaneuver+1","Accuracy+1","Bane+1","Backflip+1","Cloak And Dagger+1","Accuracy+1","Blur+1","Bite+1","Bite+1","Bite+1","Night Terror+1","Bouncing Flask+1","Backflip+1","Deflect+1","HandOfGreed+1","Deep Breath+1","Mind Blast+1","Deflect+1","Escape Plan+1","Prepared+1","Madness+1","Madness+1","Dagger Throw","Unload+1","Caltrops+1","Reflex+1","Noxious Fumes+1","Transmutation+1","Outmaneuver+1","Dagger Throw","Deadly Poison+1","Masterful Stab","Bane","PiercingWail+1","Storm of Steel+1","Bullet Time+1","Thinking Ahead+1","Crippling Poison+1","Deflect+1","Deflect+1","Malaise+1","Transmutation+1","Prepared+1","Tactician+1","Prepared+1","Distraction+1","Noxious Fumes+1","Phantasmal Killer+1","Footwork+1","Calculated Gamble+1","Dagger Throw","Blade Dance+1","Eviscerate+1","Enlightenment+1","Metamorphosis+1","Impatience+1"],"relics":["Unceasing Top","Tingsha","PreservedInsect","Orichalcum","Torii","Question Card","Peace Pipe","Toy Ornithopter","Busted Crown","TwistedFunnel","Paper Crane","Toxic Egg 2","Bag of Marbles","Turnip","Mercury Hourglass","Boot","Pantograph","Smiling Mask","Enchiridion","HoveringKite","Vajra","Matryoshka","Nunchaku","Bottled Flame","Tiny Chest","Sundial","SacredBark","CeramicFish","Regal Pillow","White Beast Statue","Centennial Puzzle","Letter Opener","Potion Belt","Omamori","Astrolabe","WristBlade","Shuriken"],"acts_visited":["Exordium","TheCity","TheBeyond","Exordium","TheCity","TheBeyond"],"potions_floor_usage":[6,7,14,16,16,18,20,20,23,24,25,27,27,33,33,33,37,40,41,41,44,48,50,65,67,67,67,70,77,77,84,84,84,90,93,93,94,101,101,101],"damage_taken":[{"damage":0,"enemies":"Cultist","floor":1,"turns":3},{"damage":0,"enemies":"2 Louse","floor":2,"turns":2},{"damage":0,"enemies":"Small Slimes","floor":3,"turns":2},{"damage":9,"enemies":"Blue Slaver","floor":5,"turns":3},{"damage":12,"enemies":"Gremlin Nob","floor":6,"turns":3},{"damage":7,"enemies":"Lagavulin","floor":7,"turns":4},{"damage":14,"enemies":"3 Sentries","floor":8,"turns":4},{"damage":7,"enemies":"Lagavulin","floor":11,"turns":3},{"damage":1,"enemies":"Gremlin Nob","floor":13,"turns":3},{"damage":8,"enemies":"Lagavulin","floor":14,"turns":3},{"damage":30,"enemies":"Hexaghost","floor":16,"turns":8},{"damage":1,"enemies":"Chosen","floor":18,"turns":5},{"damage":1,"enemies":"Spheric Guardian","floor":20,"turns":3},{"damage":22,"enemies":"Slavers","floor":23,"turns":4},{"damage":0,"enemies":"Book of Stabbing","floor":24,"turns":5},{"damage":14,"enemies":"Slavers","floor":25,"turns":3},{"damage":0,"enemies":"Gremlin Leader","floor":27,"turns":4},{"damage":6,"enemies":"Book of Stabbing","floor":28,"turns":4},{"damage":0,"enemies":"Automaton","floor":33,"turns":6},{"damage":0,"enemies":"3 Darklings","floor":35,"turns":4},{"damage":0,"enemies":"Orb Walker","floor":37,"turns":4},{"damage":0,"enemies":"Reptomancer","floor":40,"turns":5},{"damage":23,"enemies":"Nemesis","floor":41,"turns":3},{"damage":0,"enemies":"Reptomancer","floor":44,"turns":1},{"damage":25,"enemies":"Nemesis","floor":48,"turns":5},{"damage":11,"enemies":"Donu and Deca","floor":50,"turns":6},{"damage":0,"enemies":"2 Louse","floor":52,"turns":1},{"damage":0,"enemies":"Gremlin Nob","floor":53,"turns":1},{"damage":0,"enemies":"3 Sentries","floor":54,"turns":2},{"damage":0,"enemies":"Small Slimes","floor":56,"turns":1},{"damage":0,"enemies":"Gremlin Nob","floor":57,"turns":1},{"damage":0,"enemies":"Cultist","floor":59,"turns":1},{"damage":0,"enemies":"Lagavulin","floor":63,"turns":2},{"damage":0,"enemies":"Exordium Wildlife","floor":65,"turns":1},{"damage":35,"enemies":"Hexaghost","floor":67,"turns":3},{"damage":0,"enemies":"Shell Parasite","floor":69,"turns":1},{"damage":0,"enemies":"2 Thieves","floor":70,"turns":1},{"damage":6,"enemies":"Centurion and Healer","floor":72,"turns":3},{"damage":0,"enemies":"Slavers","floor":73,"turns":2},{"damage":0,"enemies":"Gremlin Leader","floor":77,"turns":2},{"damage":1,"enemies":"Chosen and Byrds","floor":79,"turns":2},{"damage":0,"enemies":"Snecko","floor":80,"turns":2},{"damage":33,"enemies":"Collector","floor":84,"turns":3},{"damage":2,"enemies":"3 Shapes","floor":86,"turns":1},{"damage":0,"enemies":"3 Darklings","floor":87,"turns":2},{"damage":0,"enemies":"Writhing Mass","floor":90,"turns":1},{"damage":0,"enemies":"Giant Head","floor":93,"turns":2},{"damage":0,"enemies":"Reptomancer","floor":94,"turns":1},{"damage":80,"enemies":"Time Eater","floor":101,"turns":4}],"seed_played":"-3688792929900774843","potions_obtained":[{"floor":2,"key":"CunningPotion"},{"floor":6,"key":"Energy Potion"},{"floor":8,"key":"LiquidBronze"},{"floor":11,"key":"FearPotion"},{"floor":14,"key":"Energy Potion"},{"floor":18,"key":"SpeedPotion"},{"floor":20,"key":"Dexterity Potion"},{"floor":25,"key":"DuplicationPotion"},{"floor":27,"key":"BlessingOfTheForge"},{"floor":33,"key":"Weak Potion"},{"floor":37,"key":"Explosive Potion"},{"floor":52,"key":"GamblersBrew"},{"floor":56,"key":"AttackPotion"},{"floor":59,"key":"Strength Potion"},{"floor":63,"key":"Dexterity Potion"},{"floor":65,"key":"Weak Potion"},{"floor":67,"key":"Ancient Potion"},{"floor":69,"key":"SkillPotion"},{"floor":70,"key":"AttackPotion"},{"floor":72,"key":"CultistPotion"},{"floor":73,"key":"Ancient Potion"},{"floor":77,"key":"Fruit Juice"},{"floor":79,"key":"SkillPotion"},{"floor":80,"key":"ColorlessPotion"},{"floor":84,"key":"DuplicationPotion"},{"floor":86,"key":"SkillPotion"},{"floor":87,"key":"SpeedPotion"},{"floor":90,"key":"DuplicationPotion"},{"floor":93,"key":"ColorlessPotion"},{"floor":94,"key":"AttackPotion"}],"is_trial":true,"path_per_floor":["M","M","M","$","M","E","E","E","T","R","E","R","E","E","R","B",null,"M","$","M","?","?","E","E","E","T","E","E","?","$","?","R","B",null,"M","?","M","$","?","E","E","R","T","E","?","R","?","E","R","B",null,"M","?","E","$","M","E","R","M","T","$","R","E","R","M","R","B",null,"M","M","$","M","E","R","R","R","E","$","M","M","R","?","R","B",null,"M","M","$","?","M","R","R","E","E","R","?","R","R","?","R","B"],"character_chosen":"THE_SILENT","items_purchased":["Well Laid Plans","Footwork","TwistedFunnel","Blur+1","Deflect+1","Regal Pillow","White Beast Statue","Transmutation+1","Outmaneuver+1","Potion Belt","Omamori","Malaise+1","Transmutation+1","Shuriken"],"campfire_rested":3,"item_purchase_floors":[4,19,19,30,38,55,55,55,55,61,61,71,71,88],"current_hp_per_floor":[70,70,70,70,61,49,42,28,28,49,42,63,64,58,58,40,70,70,70,69,69,69,48,55,48,48,60,56,40,40,40,40,70,70,70,70,70,70,60,70,47,68,68,70,61,61,61,45,45,66,70,70,70,70,70,70,70,70,70,70,70,70,70,70,70,70,37,70,70,70,70,66,66,66,66,66,80,80,80,80,80,80,80,47,80,78,78,78,78,80,80,80,80,80,80,80,80,80,70,70,0,0],"gold":364,"neow_bonus":"","is_daily":false,"chose_seed":false,"campfire_upgraded":19,"win_rate":0.0,"timestamp":1614231578,"path_taken":["M","?","M","$","M","E","E","E","T","R","E","R","E","E","R","BOSS","M","$","M","?","?","E","E","E","T","E","E","?","$","?","R","BOSS","M","?","?","?","?","E","E","R","T","E","?","R","?","E","R","BOSS","M","?","?","$","?","E","R","M","T","$","R","E","R","M","R","BOSS","M","?","?","M","?","R","R","R","E","$","?","M","R","?","R","BOSS","M","M","$","?","M","R","R","?","E","R","?","R","R","?","R","BOSS"],"items_purchased_type":["Card","Card","Relic","Card","Card","Relic","Relic","Card","Card","Relic","Relic","Card","Card","Relic"],"build_version":"2020-12-22","purchased_purges":3,"victory":false,"max_hp_per_floor":[70,70,70,70,70,70,70,70,70,70,70,70,70,70,70,70,70,70,70,70,70,70,70,70,70,70,70,70,70,70,70,70,70,70,70,70,70,70,70,70,70,70,70,70,70,70,70,70,70,70,70,70,70,70,70,70,70,70,70,70,70,70,70,70,70,70,70,70,70,70,70,70,70,70,70,70,80,80,80,80,80,80,80,80,80,80,80,80,80,80,80,80,80,80,80,80,80,80,80,80,80,80],"card_choices":[{"not_picked":["Poisoned Stab","Quick Slash"],"picked":"Blade Dance","floor":1},{"not_picked":["Blade Dance","Deadly Poison"],"picked":"Terror","floor":2},{"not_picked":["Choke","Dagger Throw"],"picked":"Deadly Poison","floor":3},{"not_picked":["Poisoned Stab","Eviscerate"],"picked":"Cloak And Dagger","floor":5},{"not_picked":["Heel Hook","Bane"],"picked":"Die Die Die","floor":6},{"not_picked":["Deadly Poison","Blade Dance"],"picked":"Flechettes","floor":7},{"not_picked":["Flying Knee","Outmaneuver"],"picked":"Adrenaline","floor":8},{"not_picked":["Outmaneuver","Reflex","Poisoned Stab"],"picked":"PiercingWail","floor":11},{"not_picked":["Eviscerate","Outmaneuver","Tactician"],"picked":"Venomology","floor":13},{"not_picked":["Finisher","Flying Knee","Dagger Throw"],"picked":"Crippling Poison","floor":14},{"not_picked":["Venomology","A Thousand Cuts","Doppelganger"],"picked":"After Image","floor":16},{"not_picked":["Quick Slash"],"picked":"Poisoned Stab","floor":18},{"not_picked":["Dagger Throw"],"picked":"Outmaneuver+1","floor":20},{"not_picked":["Flechettes"],"picked":"Accuracy","floor":23},{"not_picked":["Poisoned Stab"],"picked":"Bane+1","floor":24},{"not_picked":["Reflex+1"],"picked":"Backflip+1","floor":25},{"not_picked":["Well Laid Plans"],"picked":"Cloak And Dagger+1","floor":27},{"not_picked":["Deadly Poison+1"],"picked":"Accuracy","floor":28},{"not_picked":["Envenom"],"picked":"Night Terror+1","floor":33},{"not_picked":["Heel Hook"],"picked":"Bouncing Flask+1","floor":35},{"not_picked":["PiercingWail+1"],"picked":"Backflip+1","floor":37},{"not_picked":["Finesse+1"],"picked":"HandOfGreed","floor":39},{"not_picked":["Flash of Steel"],"picked":"Deep Breath+1","floor":39},{"not_picked":["HandOfGreed"],"picked":"Mind Blast","floor":39},{"not_picked":["Envenom"],"picked":"Deflect+1","floor":40},{"not_picked":["Slice+1"],"picked":"Escape Plan+1","floor":41},{"not_picked":["Poisoned Stab"],"picked":"Prepared+1","floor":44},{"not_picked":["Deadly Poison+1"],"picked":"Dagger Throw","floor":48},{"not_picked":["Grand Finale"],"picked":"Unload","floor":50},{"not_picked":["Quick Slash"],"picked":"Caltrops","floor":52},{"not_picked":["Blade Dance+1"],"picked":"Reflex+1","floor":53},{"not_picked":["Well Laid Plans"],"picked":"Noxious Fumes","floor":54},{"not_picked":["Poisoned Stab"],"picked":"Dagger Throw","floor":56},{"not_picked":["Deflect+1"],"picked":"Deadly Poison+1","floor":57},{"not_picked":["Dagger Throw"],"picked":"Masterful Stab","floor":59},{"not_picked":["Dagger Spray"],"picked":"Bane","floor":63},{"not_picked":["Poisoned Stab"],"picked":"PiercingWail+1","floor":65},{"not_picked":["Wraith Form v2"],"picked":"Storm of Steel+1","floor":67},{"not_picked":["Heel Hook"],"picked":"Deflect+1","floor":69},{"not_picked":["Quick Slash"],"picked":"Deflect+1","floor":70},{"not_picked":["Dagger Throw"],"picked":"Prepared+1","floor":72},{"not_picked":["Dodge and Roll+1"],"picked":"Tactician+1","floor":73},{"not_picked":["Backflip+1"],"picked":"Prepared+1","floor":77},{"not_picked":["Footwork"],"picked":"Distraction+1","floor":79},{"not_picked":["Flying Knee"],"picked":"Noxious Fumes+1","floor":80},{"not_picked":["Corpse Explosion+1"],"picked":"Phantasmal Killer+1","floor":84},{"not_picked":["Heel Hook+1"],"picked":"Footwork+1","floor":86},{"not_picked":["Underhanded Strike"],"picked":"Calculated Gamble+1","floor":87},{"not_picked":["Quick Slash"],"picked":"Dagger Throw","floor":90},{"not_picked":["Escape Plan+1"],"picked":"Blade Dance+1","floor":93},{"not_picked":["Dagger Throw"],"picked":"Eviscerate+1","floor":94},{"not_picked":["Impatience+1"],"picked":"Enlightenment+1","floor":99},{"not_picked":["Panacea+1"],"picked":"Metamorphosis+1","floor":99},{"not_picked":["Flash of Steel"],"picked":"Impatience+1","floor":99}],"player_experience":163807,"relics_obtained":[{"floor":6,"key":"PreservedInsect"},{"floor":7,"key":"Orichalcum"},{"floor":8,"key":"Torii"},{"floor":9,"key":"Question Card"},{"floor":11,"key":"Blood Vial"},{"floor":13,"key":"Peace Pipe"},{"floor":14,"key":"Toy Ornithopter"},{"floor":23,"key":"Bag of Marbles"},{"floor":24,"key":"Turnip"},{"floor":25,"key":"Mercury Hourglass"},{"floor":26,"key":"Boot"},{"floor":27,"key":"Pantograph"},{"floor":28,"key":"Smiling Mask"},{"floor":29,"key":"Enchiridion"},{"floor":40,"key":"Vajra"},{"floor":41,"key":"Matryoshka"},{"floor":43,"key":"Nunchaku"},{"floor":43,"key":"Bottled Flame"},{"floor":44,"key":"Tiny Chest"},{"floor":48,"key":"Sundial"},{"floor":60,"key":"Centennial Puzzle"},{"floor":60,"key":"Letter Opener"}],"event_choices":[{"damage_healed":0,"gold_gain":0,"player_choice":"Opened","damage_taken":0,"relics_obtained":["Paper Crane"],"max_hp_gain":0,"max_hp_loss":0,"event_name":"The Mausoleum","floor":21,"gold_loss":0,"cards_obtained":["Writhe"]},{"damage_healed":0,"gold_gain":0,"player_choice":"Obtained Relic","damage_taken":0,"relics_obtained":["Toxic Egg 2"],"max_hp_gain":0,"max_hp_loss":0,"event_name":"Addict","floor":22,"gold_loss":85},{"damage_healed":0,"gold_gain":0,"player_choice":"Obtained Book","damage_taken":16,"max_hp_gain":0,"max_hp_loss":0,"event_name":"Cursed Tome","floor":29,"gold_loss":0},{"damage_healed":0,"gold_gain":0,"player_choice":"Became a vampire (Vial)","damage_taken":0,"max_hp_gain":0,"max_hp_loss":0,"event_name":"Vampires","floor":31,"relics_lost":["Blood Vial"],"gold_loss":0,"cards_obtained":["Bite","Bite","Bite","Bite","Bite"]},{"cards_removed":["Defend_G"],"damage_healed":0,"gold_gain":0,"player_choice":"Purged","damage_taken":0,"max_hp_gain":0,"max_hp_loss":0,"event_name":"Purifier","floor":36,"gold_loss":0},{"damage_healed":0,"gold_gain":0,"player_choice":"Memory 3","damage_taken":10,"max_hp_gain":0,"max_hp_loss":0,"event_name":"SensoryStone","floor":39,"gold_loss":0},{"damage_healed":0,"gold_gain":0,"player_choice":"Embrace Madness","damage_taken":9,"max_hp_gain":0,"max_hp_loss":0,"event_name":"Winding Halls","floor":45,"gold_loss":0,"cards_obtained":["Madness","Madness"]},{"damage_healed":0,"gold_gain":300,"player_choice":"Gold","damage_taken":0,"max_hp_gain":0,"max_hp_loss":0,"event_name":"Wheel of Change","floor":47,"gold_loss":0},{"damage_healed":0,"gold_gain":0,"player_choice":"Searched \u00272\u0027 times","damage_taken":0,"relics_obtained":["CeramicFish"],"max_hp_gain":0,"max_hp_loss":0,"event_name":"Dead Adventurer","floor":53,"gold_loss":0},{"cards_removed":["Bite"],"damage_healed":0,"gold_gain":0,"player_choice":"Gave Gold","damage_taken":0,"max_hp_gain":0,"max_hp_loss":0,"event_name":"Beggar","floor":82,"gold_loss":75},{"damage_healed":0,"gold_gain":0,"player_choice":"Bought 0 Potions","damage_taken":0,"max_hp_gain":0,"max_hp_loss":0,"event_name":"The Woman in Blue","floor":89,"gold_loss":0},{"cards_removed":["Footwork"],"damage_healed":0,"gold_gain":0,"player_choice":"Removed Power","damage_taken":0,"max_hp_gain":0,"max_hp_loss":0,"event_name":"Falling","floor":96,"gold_loss":0},{"damage_healed":0,"gold_gain":0,"player_choice":"Memory 3","damage_taken":10,"max_hp_gain":0,"max_hp_loss":0,"event_name":"SensoryStone","floor":99,"gold_loss":0}],"is_beta":false,"boss_relics":[{"not_picked":["Snecko Eye","Pandora\u0027s Box"],"picked":"Busted Crown"},{"not_picked":["Fusion Hammer","Velvet Choker"],"picked":"HoveringKite"},{"not_picked":["Astrolabe","Calling Bell"],"picked":"SacredBark"},{"not_picked":["Sozu","Velvet Choker"],"picked":"Astrolabe"},{"not_picked":["Runic Dome","Snecko Eye"],"picked":"WristBlade"}],"items_purged_floors":[4,19,30],"is_endless":true,"potions_floor_spawned":[2,6,8,11,14,18,20,25,27,33,37,40,52,56,57,59,63,65,67,69,70,72,73,77,79,80,84,86,87,90,93,94],"killed_by":"Time Eater","ascension_level":1}}