{"host":"zmzacdglms6ret13","time":1614270471,"event":{"mods":["Act Like it!","BaseMod","Colored Map","Decade(王小明)","Downfall","Energized Spire","Hallownest","Highlight Path","Marisa（F雨　魔理沙）","Minty Spire (QoL Compilation)","MostiFishMod","Pale of the Ancients","Quick Restart","Replay The Spire","RumiaBox-露米娅的神秘盒子","SOS（斯巴达之子）","StSLib","Td1madao Mod","The Construct","The Cursed","The IronCluck","The Servant 0.9.4","Waifu the Spire","Warlord Emblem"],"gold_per_floor":[113,113,130,141,66,94,94,0,0,31,42,53,53,70,70,168,168,185,185,197,197,265,296,296,323,323,351,251,251,267,267,267,368,368,387,400,100,115,115,142,142,156,156,316,18,30,49,62,62,62,82,96,143,93,93,103,103,129,129,69],"floor_reached":61,"language":"ZHS","playtime":4036,"items_purged":["Strike_G","Strike_G+1","Hallownest:curseDreamersLament","Strike_G+1"],"score":1879,"play_id":"18198cce-a27f-45b6-9967-ae83ba963286","local_time":"20210226002751","is_ascension_mode":true,"campfire_choices":[{"data":"MostiFishMod:WinterMarkForm","floor":7.0,"key":"SMITH"},{"data":"Neutralize","floor":13.0,"key":"SMITH"},{"floor":24.0,"key":"RECALL"},{"data":"MostiFishMod:ShivMaster","floor":32.0,"key":"SMITH"},{"data":"MostiFishMod:Wind","floor":49.0,"key":"SMITH"},{"data":"MostiFishMod:LethalBlade","floor":55.0,"key":"SMITH"},{"floor":57.0,"key":"REST"}],"circlet_count":0,"master_deck":["Survivor","Neutralize+1","Hallownest:skillSlugHide","Hallownest:skillSlugHide+1","Hallownest:skillSlugHide","Hallownest:skillSlugHide","MostiFishMod:WinterMarkForm+1","Blade Dance+1","MostiFishMod:FrostNova","AbeCurse","MostiFishMod:PerfectParry+1","Acrobatics+1","MostiFishMod:ShivMaster+1","Prepared","MostiFishMod:LethalBlade+1","Prepared+1","MostiFishMod:Wind+1"],"relics":["Ring of the Snake","DaveBox","BirthdayGift-Icosahedron","SynthV:TestCard","construct:BoolHorns","Bag of Marbles","HollowDreamFlower","Abe\u0027s Treasure","War Paint","Whetstone","Bird Faced Urn","Replay:WaspNest","Hallownest:WatcherSealRelic","Philosopher\u0027s Stone","Anchor","SynthV","Hallownest:KingsIdolRelic","Smiling Mask","Lantern","Hallownest:GodTamersBeastRelic","Bottled Tornado","paleoftheancients:Timepiece","paleoftheancients:KeyRelic","Gremlin Horn","CultistMask","paleoftheancients:SoulOfTheSilent","LastBattle","Boot"],"acts_visited":["Exordium","Hallownest:Greenpath","Hallownest:CityofTears","Hallownest:KingdomsEdge"],"potions_floor_usage":[60],"damage_taken":[{"damage":0.0,"enemies":"Hallownest:monsterHuskWarrior","floor":1.0,"turns":3.0},{"damage":0.0,"enemies":"Hallownest:monsterHuskGuard","floor":3.0,"turns":3.0},{"damage":0.0,"enemies":"2_ Uuma","floor":4.0,"turns":2.0},{"damage":0.0,"enemies":"Hallownest:eliteVengeflyKing","floor":6.0,"turns":3.0},{"damage":0.0,"enemies":"Hallownest:eliteCrystalGuardian","floor":10.0,"turns":3.0},{"damage":0.0,"enemies":"Hallownest:1_Ooma_and_2_Uuma","floor":11.0,"turns":3.0},{"damage":0.0,"enemies":"Hallownest:MossCreep_and_Mosskin","floor":12.0,"turns":3.0},{"damage":0.0,"enemies":"Hallownest:monsterFoolEater","floor":14.0,"turns":2.0},{"damage":5.0,"enemies":"Hallownest:BossBrokenVessel","floor":16.0,"turns":4.0},{"damage":0.0,"enemies":"Hallownest:2_Mistakes","floor":18.0,"turns":3.0},{"damage":0.0,"enemies":"Hallownest:3_Youths","floor":20.0,"turns":2.0},{"damage":0.0,"enemies":"Hallownest:Glutton_and_Coward","floor":22.0,"turns":2.0},{"damage":0.0,"enemies":"Hallownest:eliteSoulWarrior","floor":23.0,"turns":3.0},{"damage":0.0,"enemies":"Hallownest:Nosk","floor":25.0,"turns":3.0},{"damage":0.0,"enemies":"Hallownest:eliteSoulWarrior","floor":27.0,"turns":2.0},{"damage":0.0,"enemies":"Hallownest:monsterShrumalOgre","floor":30.0,"turns":2.0},{"damage":2.0,"enemies":"Hallownest:BossSoulMaster","floor":33.0,"turns":3.0},{"damage":0.0,"enemies":"Hallownest:2_Littles","floor":35.0,"turns":2.0},{"damage":9.0,"enemies":"Hallownest:Shield_Heavy","floor":36.0,"turns":2.0},{"damage":0.0,"enemies":"Hallownest:Xero_Hu_Marmu","floor":38.0,"turns":3.0},{"damage":0.0,"enemies":"Hallownest:StalkingDevout","floor":40.0,"turns":3.0},{"damage":0.0,"enemies":"Hallownest:Slobbering_and_Violent","floor":42.0,"turns":3.0},{"damage":0.0,"enemies":"Hallownest:Slobbering_and_Violent","floor":44.0,"turns":2.0},{"damage":0.0,"enemies":"Hallownest:Slobbering_and_Violent","floor":44.0,"turns":2.0},{"damage":9.0,"enemies":"Hallownest:Slobbering_and_Violent","floor":44.0,"turns":3.0},{"damage":0.0,"enemies":"Hallownest:Slobbering_and_Violent","floor":44.0,"turns":2.0},{"damage":0.0,"enemies":"Hallownest:2_Great","floor":46.0,"turns":2.0},{"damage":6.0,"enemies":"Hallownest:2_Wing_and_1_Kings","floor":47.0,"turns":2.0},{"damage":0.0,"enemies":"Hallownest:Shield_Sturdy","floor":48.0,"turns":2.0},{"damage":0.0,"enemies":"Hallownest:BossGreyPrinceZote","floor":50.0,"turns":4.0},{"damage":10.0,"enemies":"Hallownest:BossGreyPrinceZote","floor":51.0,"turns":4.0},{"damage":0.0,"enemies":"Hallownest:BossGreyPrinceZote","floor":52.0,"turns":2.0},{"damage":39.0,"enemies":"","floor":56.0,"turns":5.0},{"damage":19,"enemies":"paleoftheancients:N","floor":60,"turns":5}],"seed_played":"2271810122117499617","potions_obtained":[{"floor":6.0,"key":"Energy Potion"},{"floor":10.0,"key":"Flashbang"},{"floor":14.0,"key":"GhostInAJar"},{"floor":16.0,"key":"Strength Potion"},{"floor":22.0,"key":"AttackPotion"},{"floor":30.0,"key":"CunningPotion"},{"floor":35.0,"key":"FairyPotion"},{"floor":42.0,"key":"Ancient Potion"},{"floor":56.0,"key":"Dexterity Potion"}],"is_trial":false,"path_per_floor":["M","?","M","M","$","E","R","?","T","E","M","M","R","M","R_BF","B",null,"M","?","M","?","M","E","R","E","T","E","$","?","M","?","R_BF","B",null,"M","M","$","M","?","E","?","M","T","?","$","M","M","M","R","B","M","M","?","$","R","M","R","T","?","B",null],"character_chosen":"THE_SILENT","items_purchased":["Anchor","SynthV","Bottled Tornado"],"campfire_rested":1,"item_purchase_floors":[37,37,45],"current_hp_per_floor":[77,77,77,77,77,77,77,77,77,77,77,77,77,77,77,73,77,77,77,77,77,77,77,77,77,77,77,77,77,77,77,77,77,77,77,73,73,77,77,77,77,77,77,77,77,77,75,77,77,77,76,77,77,77,77,39,62,62,62,61],"gold":69,"neow_bonus":"TEN_PERCENT_HP_BONUS","is_daily":false,"chose_seed":false,"campfire_upgraded":5,"win_rate":0.0,"timestamp":1614270471,"path_taken":["M","?","M","M","$","E","R","?","T","E","M","M","R","M","R_BF","BOSS","M","?","M","?","?","E","R","E","T","E","$","?","M","?","R_BF","BOSS","M","M","$","M","?","E","?","M","T","?","$","M","?","M","R","BOSS","M","M","?","$","R","M","R","T","?","BOSS"],"items_purchased_type":["Relic","Relic","Relic"],"build_version":"2020-12-22","purchased_purges":4,"victory":true,"max_hp_per_floor":[77,77,77,77,77,77,77,77,77,77,77,77,77,77,77,77,77,77,77,77,77,77,77,77,77,77,77,77,77,77,77,77,77,77,77,77,77,77,77,77,77,77,77,77,77,77,77,77,77,77,77,77,77,77,77,77,77,77,77,77],"card_choices":[{"not_picked":["Flying Knee","Outmaneuver","Dagger Spray"],"picked":"SKIP","floor":1.0},{"not_picked":["Dagger Throw","Reflex","Deadly Poison","Sucker Punch","Outmaneuver"],"picked":"SKIP","floor":3.0},{"not_picked":["MostiFishMod:FrostNova","Poisoned Stab","Underhanded Strike","Expertise"],"picked":"MostiFishMod:WinterMarkForm","floor":4.0},{"not_picked":["Expertise","Fluid Movement","Underhanded Strike","Slice","PiercingWail"],"picked":"SKIP","floor":6.0},{"not_picked":["Fluid Movement","Sucker Punch","Dagger Throw","Heel Hook"],"picked":"Blade Dance","floor":10.0},{"not_picked":["Slice","Bane","Poisoned Stab","MostiFishMod:PerfectParry","Dagger Throw"],"picked":"SKIP","floor":11.0},{"not_picked":["Predator","Choke","Blade Dance","Dash"],"picked":"MostiFishMod:FrostNova","floor":12.0},{"not_picked":["Burst","Underhanded Strike","Deadly Poison","MostiFishMod:ThornCasing","Draining Mist"],"picked":"SKIP","floor":14.0},{"not_picked":["Dash","Prepared","Underhanded Strike","Footwork","Distraction+1"],"picked":"SKIP","floor":18.0},{"not_picked":["Underhanded Strike","Deflect+1","Acrobatics","MostiFishMod:HiddenBlade"],"picked":"MostiFishMod:PerfectParry","floor":19.0},{"not_picked":["MostiFishMod:VineMother","Quick Slash","Underhanded Strike","MostiFishMod:PerfectParry","Acrobatics"],"picked":"SKIP","floor":20.0},{"not_picked":["Acrobatics","Underhanded Strike","Crippling Poison","Slice+1","Choke"],"picked":"SKIP","floor":22.0},{"not_picked":["MostiFishMod:InvigoratingSolution","Flechettes","Backstab","Flying Knee"],"picked":"Acrobatics+1","floor":23.0},{"not_picked":["Deadly Poison","Eviscerate","Flying Knee+1","Cloak And Dagger"],"picked":"MostiFishMod:ShivMaster","floor":25.0},{"not_picked":["Backflip+1","Hidden Blade","Dagger Spray+1","Bane"],"picked":"Prepared","floor":27.0},{"not_picked":["Poisoned Stab+1","Dagger Spray+1","Prepared","MostiFishMod:HiddenBlade","Heel Hook"],"picked":"SKIP","floor":30.0},{"not_picked":["MostiFishMod:Opportunism","Storm of Steel","MostiFishMod:SpreadingSpore","MostiFishMod:Neurotoxin"],"picked":"MostiFishMod:FullyArmed","floor":33.0},{"not_picked":["Setup","ReplayTheSpireMod:Tripwire","Deadly Poison","Poisoned Stab+1","Prepared"],"picked":"SKIP","floor":35.0},{"not_picked":["Prepared+1","Acrobatics+1","Dagger Spray+1","Catalyst","ReplayTheSpireMod:Shiv Toss"],"picked":"SKIP","floor":36.0},{"not_picked":["MostiFishMod:FrostNova+1","Bane","Infinite Blades+1","Deadly Poison+1"],"picked":"MostiFishMod:LethalBlade","floor":38.0},{"not_picked":["After Image","Slice+1","Underhanded Strike+1","Poisoned Stab"],"picked":"Prepared+1","floor":40.0},{"not_picked":["Poisoned Stab","Hidden Blade","Blur","Backflip","PiercingWail"],"picked":"SKIP","floor":42.0},{"not_picked":["Crippling Poison","Poisoned Stab","Deflect+1","Underhanded Strike","Backflip"],"picked":"SKIP","floor":46.0},{"not_picked":["Underhanded Strike+1","All Out Attack+1","Acrobatics+1","Backflip+1"],"picked":"MostiFishMod:Wind","floor":47.0},{"not_picked":["Dagger Spray+1","Underhanded Strike+1","Choke+1","Hidden Blade+1","Bane+1"],"picked":"SKIP","floor":48.0},{"not_picked":["Blur+1","MostiFishMod:PoisonShield+1","ReplayTheSpireMod:Scrap Shanks","Poisoned Stab+1","Dodge and Roll+1"],"picked":"SKIP","floor":51.0},{"not_picked":["MostiFishMod:FullyArmed","Hidden Blade+1","MostiFishMod:PreservedThorns","ReplayTheSpireMod:Exploit Weakness+1","Dagger Throw"],"picked":"SKIP","floor":52.0},{"not_picked":["Deadly Poison+1","MostiFishMod:FrostNova","Hidden Blade+1","Finisher","Dagger Spray"],"picked":"SKIP","floor":56.0}],"player_experience":397827,"relics_obtained":[{"floor":1.0,"key":"SynthV:TestCard"},{"floor":6.0,"key":"construct:BoolHorns"},{"floor":10.0,"key":"HollowDreamFlower"},{"floor":23.0,"key":"War Paint"},{"floor":25.0,"key":"Whetstone"},{"floor":26.0,"key":"Bird Faced Urn"},{"floor":27.0,"key":"Replay:WaspNest"},{"floor":40.0,"key":"Smiling Mask"},{"floor":43.0,"key":"Lantern"},{"floor":51.0,"key":"paleoftheancients:SoulOfTheSilent"},{"floor":53.0,"key":"LastBattle"},{"floor":58.0,"key":"Boot"}],"event_choices":[],"is_beta":false,"boss_relics":[{"not_picked":["NightmareShop","Empty Cage"],"picked":"Abe\u0027s Treasure"},{"not_picked":["Velvet Choker","Calling Bell"],"picked":"Philosopher\u0027s Stone"}],"items_purged_floors":[5,28,45,54],"is_endless":false,"potions_floor_spawned":[6,10,14,16,20,22,30,35,42,44,44,46,48,56],"ascension_level":4}}