{"host":"90jl2h70xtuoeg0i","time":1614240968,"event":{"mods":["AchievementEnabler","BaseMod","Colored Map","Colored Powertips","Minty Spire (QoL Compilation)","Relic Stats","ojb\u0027s Better Paths Mod","ojb\u0027s Info Mod"],"gold_per_floor":[365,3,14,26,46,46,61,61,61,95,95,123,137,169,169,169,169],"floor_reached":16,"language":"ENG","playtime":3676,"items_purged":[],"score":244,"play_id":"badfd27e-dcf7-4dc8-b221-7dcf41be5c00","local_time":"20210225031608","is_ascension_mode":true,"campfire_choices":[{"data":"Infinite Blades","floor":6,"key":"SMITH"},{"data":"Noxious Fumes","floor":8,"key":"SMITH"},{"data":"Catalyst","floor":15,"key":"SMITH"}],"circlet_count":0,"master_deck":["AscendersBane","Strike_G","Strike_G","Strike_G","Strike_G+1","Strike_G","Defend_G","Defend_G","Defend_G","Defend_G","Defend_G","Survivor","Neutralize","Backstab+1","Noxious Fumes+1","Infinite Blades+1","Crippling Poison+1","Bane","Catalyst+1","Cloak And Dagger","Catalyst"],"relics":["Ring of the Snake","Mummified Hand","Happy Flower","Whetstone","Ornamental Fan","Singing Bowl"],"acts_visited":["Exordium"],"potions_floor_usage":[12,16],"damage_taken":[{"damage":10,"enemies":"Cultist","floor":1,"turns":5},{"damage":0,"enemies":"Jaw Worm","floor":3,"turns":5},{"damage":0,"enemies":"Small Slimes","floor":4,"turns":3},{"damage":7,"enemies":"3 Louse","floor":5,"turns":3},{"damage":0,"enemies":"Exordium Thugs","floor":7,"turns":4},{"damage":12,"enemies":"3 Sentries","floor":10,"turns":6},{"damage":2,"enemies":"Lagavulin","floor":12,"turns":3},{"damage":0,"enemies":"Looter","floor":13,"turns":2},{"damage":25,"enemies":"Gremlin Nob","floor":14,"turns":4},{"damage":42,"enemies":"Slime Boss","floor":16,"turns":8}],"seed_played":"-8754660102331138473","potions_obtained":[{"floor":1,"key":"Weak Potion"},{"floor":5,"key":"Poison Potion"},{"floor":10,"key":"FairyPotion"},{"floor":13,"key":"SpeedPotion"}],"is_trial":false,"path_per_floor":["M","$","M","M","M","R","M","R","T","E","?","E","M","E","R","B"],"character_chosen":"THE_SILENT","items_purchased":["Mummified Hand","Noxious Fumes"],"campfire_rested":0,"item_purchase_floors":[2,2],"current_hp_per_floor":[49,49,49,49,42,42,42,42,42,30,30,28,28,3,3,0,0],"gold":169,"neow_bonus":"TWO_FIFTY_GOLD","is_daily":false,"chose_seed":false,"campfire_upgraded":3,"win_rate":0.0,"timestamp":1614240968,"path_taken":["M","$","M","M","M","R","?","R","T","E","?","E","M","E","R","BOSS"],"items_purchased_type":["Relic","Card"],"build_version":"2020-12-22","purchased_purges":0,"victory":false,"max_hp_per_floor":[60,60,60,60,60,60,60,60,60,60,60,60,60,60,60,60,60],"relic_stats":{"Happy Flower":[7],"Singing Bowl":0,"counters":[10,43],"Mummified Hand":[19],"Ornamental Fan":[32],"Whetstone":["Backstab","Strike_G"],"obtain_stats":[{"Happy Flower":9,"Singing Bowl":14,"Mummified Hand":2,"Ornamental Fan":12,"Whetstone":10,"Ring of the Snake":0},{"Happy Flower":5,"Singing Bowl":9,"Mummified Hand":1,"Ornamental Fan":7,"Whetstone":6,"Ring of the Snake":0},{"Happy Flower":20,"Singing Bowl":35,"Mummified Hand":5,"Ornamental Fan":29,"Whetstone":26,"Ring of the Snake":0}],"Ring of the Snake":[20]},"card_choices":[{"not_picked":["Backflip","Endless Agony"],"picked":"Backstab","floor":1},{"not_picked":["Dagger Throw","Dodge and Roll"],"picked":"Infinite Blades","floor":3},{"not_picked":["Acrobatics","Sucker Punch","Dodge and Roll"],"picked":"SKIP","floor":4},{"not_picked":["Deflect","Backflip"],"picked":"Crippling Poison","floor":5},{"not_picked":["Blade Dance","Crippling Poison"],"picked":"Bane","floor":7},{"not_picked":["Adrenaline","Acrobatics"],"picked":"Catalyst","floor":10},{"not_picked":["Dagger Throw","Calculated Gamble","Slice"],"picked":"SKIP","floor":12},{"not_picked":["Dagger Throw","Deflect"],"picked":"Cloak And Dagger","floor":13},{"not_picked":["Accuracy","Quick Slash"],"picked":"Catalyst","floor":14}],"player_experience":1486099,"relics_obtained":[{"floor":9,"key":"Happy Flower"},{"floor":10,"key":"Whetstone"},{"floor":12,"key":"Ornamental Fan"},{"floor":14,"key":"Singing Bowl"}],"event_choices":[{"damage_healed":0,"gold_gain":0,"player_choice":"Upgraded","damage_taken":0,"max_hp_gain":0,"max_hp_loss":0,"event_name":"Upgrade Shrine","floor":11,"gold_loss":0,"cards_upgraded":["Crippling Poison"]}],"is_beta":false,"boss_relics":[],"items_purged_floors":[],"is_endless":false,"potions_floor_spawned":[1,5,10,13],"killed_by":"Slime Boss","ascension_level":20}}