{"host":"fuszjwm6fqgjjp4d","time":1614226410,"event":{"mods":["BaseMod","Colored Map","Minty Spire (QoL Compilation)","Permanent Neow","Relic Sorter","Relic Stats","StSLib"],"gold_per_floor":[18,28,28,303,317,317,350,350,350,350,370,403,426,459,459,549,549,573,588,568,36,59,59,103,103,129,147,187,187,207,223,223,223,223],"floor_reached":33,"language":"ENG","playtime":2270,"items_purged":[],"score":689,"play_id":"eee0541a-b4cf-4d15-af9a-c8129efbc94f","local_time":"20210224221330","is_ascension_mode":true,"campfire_choices":[{"data":"Eruption","floor":6.0,"key":"SMITH"},{"data":"FollowUp","floor":8.0,"key":"SMITH"},{"floor":15.0,"key":"REST"},{"data":"Tantrum","floor":23.0,"key":"SMITH"},{"data":"Violence","floor":25.0,"key":"SMITH"},{"floor":29.0,"key":"REST"},{"data":"Scrawl","floor":32,"key":"SMITH"}],"circlet_count":0,"master_deck":["AscendersBane","Strike_P","Strike_P","Strike_P","Defend_P","Defend_P","Defend_P","Defend_P","Eruption+1","Vigilance","Violence+1","FollowUp","FollowUp","ThirdEye","FollowUp+1","Prostrate","CutThroughFate","Scrawl+1","Crescendo","ConjureBlade","Tantrum+1","FearNoEvil","FollowUp","FlyingSleeves","Conclude","FollowUp","WheelKick","ClearTheMind"],"relics":["PureWater","Golden Idol","Thread and Needle","InkBottle","Happy Flower","Dead Branch","Empty Cage","Bag of Marbles","Turnip","Orichalcum","Nunchaku","Incense Burner"],"acts_visited":["Exordium","TheCity"],"potions_floor_usage":[33],"damage_taken":[{"damage":13.0,"enemies":"Small Slimes","floor":1.0,"turns":3.0},{"damage":2.0,"enemies":"Jaw Worm","floor":2.0,"turns":3.0},{"damage":0.0,"enemies":"Cultist","floor":5.0,"turns":1.0},{"damage":17.0,"enemies":"3 Sentries","floor":7.0,"turns":6.0},{"damage":6.0,"enemies":"Looter","floor":11.0,"turns":3.0},{"damage":0.0,"enemies":"Lagavulin","floor":12.0,"turns":2.0},{"damage":9.0,"enemies":"Lots of Slimes","floor":13.0,"turns":3.0},{"damage":10.0,"enemies":"3 Sentries","floor":14.0,"turns":5.0},{"damage":19.0,"enemies":"Slime Boss","floor":16.0,"turns":6.0},{"damage":0.0,"enemies":"Chosen","floor":18.0,"turns":3.0},{"damage":0.0,"enemies":"Shell Parasite","floor":19.0,"turns":1.0},{"damage":4.0,"enemies":"Snecko","floor":22.0,"turns":3.0},{"damage":14.0,"enemies":"Book of Stabbing","floor":24.0,"turns":4.0},{"damage":12.0,"enemies":"Snake Plant","floor":27.0,"turns":4.0},{"damage":14.0,"enemies":"Slavers","floor":28.0,"turns":2.0},{"damage":0,"enemies":"3 Cultists","floor":30,"turns":3},{"damage":14,"enemies":"Centurion and Healer","floor":31,"turns":3},{"damage":32,"enemies":"Collector","floor":33,"turns":2}],"seed_played":"5471702061699365072","potions_obtained":[{"floor":2.0,"key":"LiquidMemories"},{"floor":7.0,"key":"Ambrosia"},{"floor":10.0,"key":"EntropicBrew"},{"floor":12.0,"key":"Fire Potion"},{"floor":13.0,"key":"BottledMiracle"},{"floor":18.0,"key":"Weak Potion"},{"floor":20.0,"key":"BlessingOfTheForge"},{"floor":22.0,"key":"Swift Potion"},{"floor":28.0,"key":"Ancient Potion"},{"floor":30,"key":"SteroidPotion"}],"is_trial":false,"path_per_floor":["M","M","?","?","M","R","E","R","T","?","M","E","M","E","R","B",null,"M","M","?","$","M","R","E","R","T","M","E","R","M","M","R","B"],"character_chosen":"WATCHER","items_purchased":["FollowUp","Bag of Marbles","Turnip"],"campfire_rested":2,"item_purchase_floors":[21,21,21],"current_hp_per_floor":[48,46,46,46,46,46,29,29,29,29,23,23,14,4,22,3,47,47,47,47,47,43,43,29,29,29,17,3,21,21,7,7,0,0],"gold":223,"neow_bonus":"RANDOM_COLORLESS_2","is_daily":false,"chose_seed":false,"campfire_upgraded":5,"win_rate":0.0,"timestamp":1614226410,"path_taken":["M","M","?","?","?","R","E","R","T","?","M","E","?","E","R","BOSS","M","M","?","$","?","R","E","R","T","M","E","R","M","M","R","BOSS"],"items_purchased_type":["Card","Relic","Relic"],"build_version":"2020-12-22","purchased_purges":0,"victory":false,"max_hp_per_floor":[68,68,62,62,62,62,62,62,62,62,62,62,62,62,62,62,62,62,62,62,62,62,62,62,62,62,62,62,62,62,62,62,62,62],"relic_stats":{"Nunchaku":[4],"Happy Flower":[13],"counters":[18,57],"Golden Idol":92,"Dead Branch":[31],"Turnip":[4],"Orichalcum":[24],"obtain_stats":[{"Nunchaku":26,"Happy Flower":12,"Golden Idol":3,"Dead Branch":14,"Thread and Needle":7,"Turnip":21,"Bag of Marbles":21,"Incense Burner":28,"PureWater":0,"Orichalcum":24,"Empty Cage":17,"InkBottle":9},{"Nunchaku":13,"Happy Flower":6,"Golden Idol":2,"Dead Branch":8,"Thread and Needle":4,"Turnip":11,"Bag of Marbles":11,"Incense Burner":15,"PureWater":0,"Orichalcum":13,"Empty Cage":9,"InkBottle":4},{"Nunchaku":43,"Happy Flower":18,"Golden Idol":6,"Dead Branch":26,"Thread and Needle":13,"Turnip":36,"Bag of Marbles":36,"Incense Burner":49,"PureWater":0,"Orichalcum":43,"Empty Cage":32,"InkBottle":13}],"InkBottle":[21]},"card_choices":[{"not_picked":["Thinking Ahead","Panache"],"picked":"Violence","floor":0.0},{"not_picked":["Pray","PathToVictory"],"picked":"FollowUp","floor":1.0},{"not_picked":["MentalFortress","Consecrate"],"picked":"FollowUp","floor":2.0},{"not_picked":["Nirvana","Crescendo"],"picked":"ThirdEye","floor":5.0},{"not_picked":["Swivel","CarveReality"],"picked":"FollowUp","floor":7.0},{"not_picked":["WindmillStrike","Indignation"],"picked":"Prostrate","floor":11.0},{"not_picked":["JustLucky","Swivel"],"picked":"CutThroughFate","floor":12.0},{"not_picked":["Meditate","WaveOfTheHand"],"picked":"Scrawl","floor":13.0},{"not_picked":["Consecrate","SashWhip"],"picked":"Crescendo","floor":14.0},{"not_picked":["Alpha","Wish"],"picked":"ConjureBlade","floor":16.0},{"not_picked":["JustLucky","ClearTheMind"],"picked":"Tantrum","floor":18.0},{"not_picked":["Crescendo","EmptyMind"],"picked":"FearNoEvil","floor":19.0},{"not_picked":["PathToVictory","Crescendo"],"picked":"FlyingSleeves","floor":22.0},{"not_picked":["Pray","FlurryOfBlows+1","Fasting2+1"],"picked":"SKIP","floor":24.0},{"not_picked":["Indignation","Evaluate"],"picked":"Conclude","floor":27.0},{"not_picked":["MasterReality","Nirvana"],"picked":"FollowUp","floor":28.0},{"not_picked":["FlyingSleeves","Nirvana"],"picked":"WheelKick","floor":30},{"not_picked":["ThirdEye","Protect"],"picked":"ClearTheMind","floor":31}],"player_experience":1536613,"relics_obtained":[{"floor":7.0,"key":"Thread and Needle"},{"floor":9.0,"key":"InkBottle"},{"floor":12.0,"key":"Happy Flower"},{"floor":14.0,"key":"Dead Branch"},{"floor":24.0,"key":"Orichalcum"},{"floor":26.0,"key":"Nunchaku"},{"floor":28.0,"key":"Incense Burner"}],"event_choices":[{"damage_healed":0.0,"max_hp_gain":0.0,"max_hp_loss":6.0,"gold_gain":0.0,"event_name":"Golden Idol","player_choice":"Lose Max HP","floor":3.0,"gold_loss":0.0,"damage_taken":0.0,"relics_obtained":["Golden Idol"]},{"damage_healed":0.0,"max_hp_gain":0.0,"max_hp_loss":0.0,"gold_gain":275.0,"event_name":"Golden Shrine","player_choice":"Desecrate","floor":4.0,"gold_loss":0.0,"damage_taken":0.0,"cards_obtained":["Regret"]},{"damage_healed":0.0,"max_hp_gain":0.0,"max_hp_loss":0.0,"gold_gain":0.0,"event_name":"Lab","player_choice":"Got Potions","floor":10.0,"gold_loss":0.0,"damage_taken":0.0},{"damage_healed":0.0,"max_hp_gain":0.0,"max_hp_loss":0.0,"gold_gain":0.0,"event_name":"The Woman in Blue","player_choice":"Bought 1 Potion","floor":20.0,"gold_loss":0.0,"damage_taken":0.0}],"is_beta":false,"boss_relics":[{"not_picked":["Pandora\u0027s Box","Snecko Eye"],"picked":"Empty Cage"}],"items_purged_floors":[],"is_endless":false,"potions_floor_spawned":[2,7,12,13,18,22,28,30,31],"killed_by":"Collector","ascension_level":20}}