{"host":"3zmssa4s99zhxek5","time":1614218019,"event":{"mods":["AchievementEnabler","BaseMod","Minty Spire (QoL Compilation)","Permanent Neow","Relic Stats"],"gold_per_floor":[109,109,30,40,15,46,46,46,46,46,46,46,56,81,81,153,153,165,165,80,96,96,96,106,131,204,204,229,229,254,289,289,362,362,382,272,322,347,357,387,387,402,402,432,432,432,432],"floor_reached":46,"language":"KOR","playtime":3382,"items_purged":[],"score":1301,"play_id":"011e9625-136e-4690-b94b-0d26d380e15b","local_time":"20210225105338","is_ascension_mode":true,"campfire_choices":[{"data":"Leg Sweep","floor":7.0,"key":"SMITH"},{"data":"Cloak And Dagger","floor":10.0,"key":"SMITH"},{"data":"Terror","floor":12.0,"key":"SMITH"},{"data":"All Out Attack","floor":15.0,"key":"SMITH"},{"data":"Corpse Explosion","floor":23,"key":"SMITH"},{"floor":27,"key":"DIG"},{"floor":29,"key":"DIG"},{"floor":32,"key":"DIG"},{"floor":41,"key":"DIG"},{"floor":45,"key":"DIG"}],"circlet_count":0,"master_deck":["AscendersBane","Strike_G+1","Strike_G+1","Strike_G+1","Strike_G+1","Strike_G+1","Defend_G+1","Defend_G+1","Defend_G+1","Defend_G+1","Defend_G+1","Survivor","Neutralize","Footwork+1","Terror+1","Cloak And Dagger+1","Slice","Leg Sweep+1","All Out Attack+1","Corpse Explosion+1","Burst","Leg Sweep+1","Deflect+1","Cloak And Dagger+1","Acrobatics","Tools of the Trade","Escape Plan+1","All Out Attack","Venomology","Flying Knee+1","Caltrops+1","Poisoned Stab+1","Well Laid Plans+1"],"relics":["Ring of the Snake","NeowsBlessing","Boot","Meat on the Bone","Akabeko","Eternal Feather","SacredBark","Mango","Happy Flower","Shovel","Mummified Hand","Juzu Bracelet","MealTicket","Snake Skull","Prayer Wheel","Red Mask","Bag of Marbles","Black Star","TungstenRod","Strawberry","Orichalcum","The Courier","Ninja Scroll","Darkstone Periapt","Centennial Puzzle","Nunchaku"],"acts_visited":["Exordium","TheCity","TheBeyond"],"potions_floor_usage":[24,25,31,35,35,40,40,42,44,46,46],"damage_taken":[{"damage":0.0,"enemies":"Cultist","floor":1.0,"turns":1.0},{"damage":0.0,"enemies":"Small Slimes","floor":4.0,"turns":1.0},{"damage":0.0,"enemies":"3 Sentries","floor":6.0,"turns":1.0},{"damage":0.0,"enemies":"Jaw Worm","floor":13.0,"turns":2.0},{"damage":0.0,"enemies":"Lagavulin","floor":14.0,"turns":8.0},{"damage":41.0,"enemies":"Slime Boss","floor":16.0,"turns":11.0},{"damage":4,"enemies":"Chosen","floor":18,"turns":3},{"damage":28,"enemies":"2 Thieves","floor":21,"turns":4},{"damage":10,"enemies":"Chosen and Byrds","floor":24,"turns":5},{"damage":29,"enemies":"Gremlin Leader","floor":25,"turns":11},{"damage":27,"enemies":"Slavers","floor":28,"turns":2},{"damage":8,"enemies":"Gremlin Leader","floor":30,"turns":8},{"damage":10,"enemies":"Masked Bandits","floor":31,"turns":4},{"damage":54,"enemies":"Collector","floor":33,"turns":11},{"damage":6,"enemies":"Orb Walker","floor":35,"turns":5},{"damage":3,"enemies":"Mind Bloom Boss Battle","floor":38,"turns":10},{"damage":0,"enemies":"3 Darklings","floor":39,"turns":2},{"damage":22,"enemies":"Nemesis","floor":40,"turns":6},{"damage":36,"enemies":"Spire Growth","floor":42,"turns":5},{"damage":132,"enemies":"Giant Head","floor":44,"turns":11},{"damage":72,"enemies":"Reptomancer","floor":46,"turns":7}],"seed_played":"-441465158915781533","potions_obtained":[{"floor":1.0,"key":"SteroidPotion"},{"floor":14.0,"key":"DistilledChaos"},{"floor":16.0,"key":"DuplicationPotion"},{"floor":28,"key":"DuplicationPotion"},{"floor":30,"key":"FearPotion"},{"floor":31,"key":"Weak Potion"},{"floor":33,"key":"Swift Potion"}],"is_trial":false,"path_per_floor":["M","?","$","M","$","E","R","?","T","R","T","R","M","E","R","B",null,"M","?","?","M","?","R","M","E","T","R","E","R","E","?","R","B",null,"M","?","?","?","M","E","R","M","T","E","R","E"],"character_chosen":"THE_SILENT","items_purchased":["Terror","Slice"],"campfire_rested":0,"item_purchase_floors":[3,5],"current_hp_per_floor":[59,59,59,59,59,59,59,39,39,39,39,39,39,39,51,22,55,51,65,65,49,49,61,51,34,34,49,34,49,41,43,58,16,64,58,58,58,55,55,52,70,46,46,52,70,0,0],"gold":432,"neow_bonus":"THREE_ENEMY_KILL","is_daily":false,"chose_seed":false,"campfire_upgraded":5,"win_rate":0.0,"timestamp":1614218018,"path_taken":["M","?","$","?","$","E","R","?","T","R","?","R","M","E","R","BOSS","M","?","?","M","?","R","M","E","T","R","E","R","E","?","R","BOSS","M","?","?","?","M","E","R","M","T","E","R","E"],"items_purchased_type":["Card","Card"],"build_version":"2020-12-22","purchased_purges":0,"victory":false,"max_hp_per_floor":[66,66,66,66,66,66,66,66,66,66,66,66,66,66,66,66,66,66,80,80,80,80,80,80,80,80,80,80,80,80,80,80,80,80,80,80,80,80,80,87,87,87,87,87,87,87,87],"relic_stats":{"Darkstone Periapt":0,"Happy Flower":[30],"counters":[21,118],"Eternal Feather":105,"Snake Skull":[19],"Juzu Bracelet":2,"Orichalcum":[24],"Boot":[98],"Centennial Puzzle":[3],"Nunchaku":[2],"Shovel":5,"Mummified Hand":[20],"MealTicket":0,"Prayer Wheel":3,"Black Star":2,"obtain_stats":[{"Darkstone Periapt":44,"SacredBark":17,"Mango":19,"Snake Skull":29,"Juzu Bracelet":27,"Boot":6,"Centennial Puzzle":44,"Nunchaku":45,"Shovel":25,"Mummified Hand":26,"Ninja Scroll":43,"Strawberry":40,"MealTicket":28,"Prayer Wheel":30,"Red Mask":31,"Ring of the Snake":0,"NeowsBlessing":0,"Happy Flower":20,"Eternal Feather":14,"The Courier":41,"Orichalcum":40,"Akabeko":11,"Bag of Marbles":32,"Black Star":34,"TungstenRod":38,"Meat on the Bone":9},{"Darkstone Periapt":20,"SacredBark":6,"Mango":7,"Snake Skull":11,"Juzu Bracelet":10,"Boot":3,"Centennial Puzzle":20,"Nunchaku":20,"Shovel":10,"Mummified Hand":10,"Ninja Scroll":19,"Strawberry":18,"MealTicket":11,"Prayer Wheel":12,"Red Mask":13,"Ring of the Snake":0,"NeowsBlessing":0,"Happy Flower":7,"Eternal Feather":5,"The Courier":18,"Orichalcum":18,"Akabeko":3,"Bag of Marbles":13,"Black Star":14,"TungstenRod":16,"Meat on the Bone":3},{"Darkstone Periapt":111,"SacredBark":24,"Mango":27,"Snake Skull":49,"Juzu Bracelet":47,"Boot":3,"Centennial Puzzle":111,"Nunchaku":111,"Shovel":47,"Mummified Hand":47,"Ninja Scroll":100,"Strawberry":95,"MealTicket":49,"Prayer Wheel":57,"Red Mask":61,"Ring of the Snake":0,"NeowsBlessing":0,"Happy Flower":27,"Eternal Feather":13,"The Courier":95,"Orichalcum":95,"Akabeko":3,"Bag of Marbles":61,"Black Star":72,"TungstenRod":87,"Meat on the Bone":3}],"TungstenRod":20,"Ring of the Snake":[42],"Meat on the Bone":96},"card_choices":[{"not_picked":["Dash","Bane"],"picked":"Footwork","floor":1.0},{"not_picked":["Poisoned Stab","Prepared"],"picked":"Cloak And Dagger","floor":4.0},{"not_picked":["Expertise","Underhanded Strike"],"picked":"Leg Sweep","floor":6.0},{"not_picked":["Backstab","Deflect"],"picked":"All Out Attack","floor":13.0},{"not_picked":["Endless Agony","Backflip"],"picked":"Corpse Explosion","floor":14.0},{"not_picked":["Night Terror","A Thousand Cuts"],"picked":"Burst","floor":16.0},{"not_picked":["Cloak And Dagger","Concentrate"],"picked":"Leg Sweep+1","floor":18},{"not_picked":["Outmaneuver","Accuracy"],"picked":"Deflect+1","floor":21},{"not_picked":["Accuracy+1","Quick Slash"],"picked":"Cloak And Dagger+1","floor":24},{"not_picked":["Catalyst","Concentrate"],"picked":"Acrobatics","floor":25},{"not_picked":["Dagger Throw","Distraction"],"picked":"Tools of the Trade","floor":28},{"not_picked":["Bane","Leg Sweep"],"picked":"Escape Plan","floor":30},{"not_picked":["Acrobatics","Flying Knee"],"picked":"All Out Attack","floor":31},{"not_picked":["Bullet Time","Unload"],"picked":"Venomology","floor":33},{"not_picked":["Deflect","Calculated Gamble","Bane"],"picked":"SKIP","floor":35},{"not_picked":["Flying Knee","Deflect","Underhanded Strike"],"picked":"SKIP","floor":35},{"not_picked":["Deflect","Outmaneuver"],"picked":"Flying Knee+1","floor":38},{"not_picked":["Underhanded Strike+1","Bouncing Flask"],"picked":"Caltrops+1","floor":39},{"not_picked":["Infinite Blades","Dodge and Roll","Dagger Spray"],"picked":"SKIP","floor":39},{"not_picked":["Backflip","Night Terror"],"picked":"Poisoned Stab+1","floor":40},{"not_picked":["Calculated Gamble+1","Heel Hook"],"picked":"Well Laid Plans+1","floor":42},{"not_picked":["Quick Slash+1","Calculated Gamble","Well Laid Plans"],"picked":"SKIP","floor":42},{"not_picked":["Storm of Steel","Choke","Outmaneuver"],"picked":"SKIP","floor":44}],"player_experience":1685264,"relics_obtained":[{"floor":6.0,"key":"Boot"},{"floor":9.0,"key":"Meat on the Bone"},{"floor":11.0,"key":"Akabeko"},{"floor":14.0,"key":"Eternal Feather"},{"floor":25,"key":"Shovel"},{"floor":26,"key":"Mummified Hand"},{"floor":27,"key":"Juzu Bracelet"},{"floor":28,"key":"MealTicket"},{"floor":29,"key":"Snake Skull"},{"floor":30,"key":"Prayer Wheel"},{"floor":31,"key":"Red Mask"},{"floor":32,"key":"Bag of Marbles"},{"floor":38,"key":"TungstenRod"},{"floor":40,"key":"Strawberry"},{"floor":40,"key":"Orichalcum"},{"floor":41,"key":"The Courier"},{"floor":43,"key":"Ninja Scroll"},{"floor":44,"key":"Darkstone Periapt"},{"floor":44,"key":"Centennial Puzzle"},{"floor":45,"key":"Nunchaku"}],"event_choices":[{"damage_healed":0.0,"max_hp_gain":0.0,"max_hp_loss":0.0,"gold_gain":0.0,"event_name":"Upgrade Shrine","player_choice":"Upgraded","floor":2.0,"gold_loss":0.0,"damage_taken":0.0,"cards_upgraded":["Footwork"]},{"damage_healed":0.0,"max_hp_gain":0.0,"max_hp_loss":0.0,"gold_gain":0.0,"event_name":"Shining Light","player_choice":"Entered Light","floor":8.0,"gold_loss":0.0,"damage_taken":20.0,"cards_upgraded":["Defend_G","Strike_G"]},{"damage_healed":0,"gold_gain":0,"player_choice":"Opened","damage_taken":0,"relics_obtained":["Mango"],"max_hp_gain":0,"max_hp_loss":0,"event_name":"The Mausoleum","floor":19,"gold_loss":0,"cards_obtained":["Writhe"]},{"damage_healed":0,"gold_gain":0,"player_choice":"Obtained Relic","damage_taken":0,"relics_obtained":["Happy Flower"],"max_hp_gain":0,"max_hp_loss":0,"event_name":"Addict","floor":20,"gold_loss":85},{"damage_healed":0,"gold_gain":0,"player_choice":"Simplicity","damage_taken":0,"max_hp_gain":0,"max_hp_loss":0,"event_name":"Back to Basics","floor":22,"gold_loss":0,"cards_upgraded":["Strike_G","Strike_G","Strike_G","Strike_G","Defend_G","Defend_G","Defend_G","Defend_G"]},{"damage_healed":0,"gold_gain":0,"player_choice":"Fought Bandits","damage_taken":0,"max_hp_gain":0,"max_hp_loss":0,"event_name":"Masked Bandits","floor":31,"gold_loss":0},{"cards_removed":["Writhe"],"damage_healed":0,"gold_gain":0,"player_choice":"Upgrade and Remove","damage_taken":0,"max_hp_gain":0,"max_hp_loss":0,"event_name":"Designer","floor":36,"gold_loss":110,"cards_upgraded":["Escape Plan"]},{"damage_healed":0,"gold_gain":50,"player_choice":"Pray","damage_taken":0,"max_hp_gain":0,"max_hp_loss":0,"event_name":"Golden Shrine","floor":37,"gold_loss":0},{"damage_healed":0,"gold_gain":0,"player_choice":"Fight","damage_taken":0,"max_hp_gain":0,"max_hp_loss":0,"event_name":"MindBloom","floor":38,"gold_loss":0}],"is_beta":false,"boss_relics":[{"not_picked":["Tiny House","Ring of the Serpent"],"picked":"SacredBark"},{"not_picked":["WristBlade","Snecko Eye"],"picked":"Black Star"}],"items_purged_floors":[],"is_endless":false,"potions_floor_spawned":[1,14,16,18,21,28,30,31,33,38,42],"killed_by":"Reptomancer","ascension_level":20}}