{"host":"w05x4i13f2m9joq1","time":1614224373,"event":{"mods":["100% Spire Juice","Act Like it!","BaseMod","Better Altar","Better Match","Better Note","Better Sensory Stone","Better Skull","Better Third Choice","BetterRewards","CapriCore","Colored Map","Colored Powertips","Defective Defect","Gensokyo","GifTheSpireLib","Googly Eyes","Infinite Spire","Ironclad Rager","Library of Ruina","Library of Ruina Extra","Lobotomy","LobotomyExtend","Marisa????????","Melee Mod","Minty Spire (QoL Compilation)","Morshu Shopkeeper - ENHANCED","MostiFishMod","Quick Restart","Rare Cards Sparkle","Reliquary","Replay The Spire","Shop Mod","Spicy Shops","Spire Birthday Party","StSLib","The Animator","The IronCluck","Uncapped","everything is the same but u backflip on backflip","slay the spire mod where everything is the same but ironclad has a cowboy hat"],"gold_per_floor":[110,130,140,140,159,186,201,201,225,258,16,16,41,41,41,138,138,151,167,179,179,198,225,225,225,252,287,300,280,296,324,324,442,442,486,533,612,664,726,726,806,806,860,860,931,931,1018,1101,1101,1101,1101],"floor_reached":52,"language":"ENG","playtime":2165,"items_purged":[],"score":1855,"play_id":"36a997b4-2b70-4468-98a5-039989e2c8b6","local_time":"20210224223933","is_ascension_mode":true,"campfire_choices":[{"floor":12,"key":"REST"},{"floor":15,"key":"REST"},{"floor":24,"key":"REST"},{"floor":32,"key":"REST"},{"floor":40,"key":"REST"},{"floor":42,"key":"REST"},{"floor":46,"key":"REST"}],"circlet_count":0,"master_deck":["LightDefense","LightAttack","LightAttack","LightAttack","LightDefense","LightDefense","LightDefense","ChargeAndCover","FocusedStrikes","FlamingDragonFist","Reload","SinglePointStab","Faith+1","SinglePointStab","TheRedNotes","SinglePointStab","FrontalAssault+1","LoosenUp","LoosenUp","Pot Of Greed","Pot Of Greed+1","ClassAndRespect","CleanUp","ViolentFlame+1","FrontalAssault+1","SunsetBlade+1","Pot Of Greed","ViolentFlame","Reload+1","JiaoTu","ViolentFlame+1","SinglePointStab","SuanNi","FierceCharge+1","SearingSword","ScatteringSlash+1","BayonetCombat+1","GuardingStance","CoordinatedAssault","Pot Of Greed","LeRegole","SinglePointStab+1"],"relics":["PageOfLibrarian","DaveBox","ExusiaiGun","SynthV:TestCard","LetterFromLob","Replay:Towering Pillar of Hats","Blue Doll","PageOfSpiderBud","Dodecahedron","Grinning Jar","Fusion Hammer","Tiny Chest","Enchiridion","PageOfTodaysShyLook","PageOfTheKnightOfDespair","PageOfTheQueenOfHatred","infinitespire:EvilPickle","Philosopher\u0027s Stone","PageOfGreed","PageOfWrath","Bag of Preparation","PageOfNihil","Pen Nib"],"acts_visited":["Exordium","TheCity","TheBeyond"],"potions_floor_usage":[16,16,50,50],"damage_taken":[{"damage":7,"enemies":"Small Slimes","floor":1,"turns":2},{"damage":0,"enemies":"2 Louse","floor":2,"turns":2},{"damage":0,"enemies":"Jaw Worm","floor":3,"turns":2},{"damage":1,"enemies":"3 Louse","floor":5,"turns":2},{"damage":10,"enemies":"3 Sentries","floor":6,"turns":3},{"damage":10,"enemies":"Exordium Wildlife","floor":7,"turns":2},{"damage":0,"enemies":"Gremlin Nob","floor":10,"turns":1},{"damage":0,"enemies":"3 Sentries","floor":13,"turns":1},{"damage":0,"enemies":"Fading Forest","floor":16,"turns":2},{"damage":0,"enemies":"Spheric Guardian","floor":18,"turns":1},{"damage":0,"enemies":"Chosen","floor":19,"turns":2},{"damage":0,"enemies":"Shelled Parasite and Fungi","floor":20,"turns":1},{"damage":0,"enemies":"Cultist and Chosen","floor":22,"turns":1},{"damage":14,"enemies":"Slavers","floor":23,"turns":2},{"damage":0,"enemies":"Gremlin Leader","floor":27,"turns":1},{"damage":0,"enemies":"3 Cultists","floor":28,"turns":1},{"damage":9,"enemies":"Centurion and Healer","floor":30,"turns":2},{"damage":0,"enemies":"Slavers","floor":31,"turns":1},{"damage":1,"enemies":"Pondfish","floor":33,"turns":5},{"damage":0,"enemies":"Orb Walker","floor":35,"turns":1},{"damage":0,"enemies":"3 Shapes","floor":36,"turns":1},{"damage":0,"enemies":"3 Darklings","floor":38,"turns":1},{"damage":36,"enemies":"4 Shapes","floor":39,"turns":2},{"damage":0,"enemies":"R_Hoarder","floor":41,"turns":2},{"damage":21,"enemies":"Giant Head","floor":45,"turns":6},{"damage":0,"enemies":"Giant Head","floor":47,"turns":1},{"damage":0,"enemies":"Maw","floor":48,"turns":1},{"damage":68,"enemies":"infinitespire:MassOfShapes","floor":50,"turns":2},{"damage":14,"enemies":"infinitespire:MassOfShapes","floor":51,"turns":4}],"seed_played":"-4901599493152340373","potions_obtained":[{"floor":2,"key":"AttackPotion"},{"floor":3,"key":"GamblersBrew"},{"floor":7,"key":"Elixir"},{"floor":20,"key":"Reflective Coating"},{"floor":28,"key":"SpeedPotion"},{"floor":41,"key":"Energy Potion"}],"is_trial":false,"path_per_floor":["M","M","M","?","M","E","M","?","T","E","$","R","E","$","R","B",null,"M","M","M","M","M","E","R","?","T","E","M","?","M","E","R","B",null,"M","M","T","M","M","R","E","R","T","?","E","R","E","M","R_BF","B",null,null],"character_chosen":"Librarian","items_purchased":["FrontalAssault+1","LoosenUp","Dodecahedron"],"campfire_rested":7,"item_purchase_floors":[11,11,11],"current_hp_per_floor":[53,53,61,61,60,50,40,40,40,40,40,64,64,64,81,81,81,81,76,76,76,76,66,81,65,65,65,65,65,56,56,80,79,81,81,81,81,81,45,67,67,76,76,76,57,81,81,81,87,21,9],"gold":1101,"neow_bonus":"TRANSFORM_CARD","is_daily":false,"chose_seed":false,"campfire_upgraded":0,"win_rate":0.0,"timestamp":1614224373,"path_taken":["M","M","M","?","M","E","M","?","T","E","?","R","E","$","R","BOSS","M","M","M","M","M","E","R","?","T","E","M","?","?","E","R","BOSS","M","M","?","M","M","R","E","R","T","?","E","R","E","M","R_BF","BOSS"],"items_purchased_type":["Card","Card","Relic"],"build_version":"2020-12-22","purchased_purges":0,"victory":true,"max_hp_per_floor":[63,76,63,63,81,65,65,65,65,65,65,81,81,81,81,81,81,81,76,76,76,76,76,81,81,81,81,81,81,81,81,81,81,81,81,81,81,81,76,76,76,76,76,76,82,82,82,87,87,87,87],"card_choices":[{"not_picked":["SharpSwipe","FlamingDragonFist","RatsGuideToSurvival","BiAn","QuickAttack","ConcentratedFire","HandleRequest","AutonomousRush"],"picked":"Reload","floor":1},{"not_picked":["BladeWhirl","SpearedSweep","SunsetBlade","SerpentSwordTechnique","FleetFootsteps","ToWhereThePrescriptPoints","SearingSword","Wallop_lor","Outburst","YouOnlyLiveOnce"],"picked":"SinglePointStab","floor":2},{"not_picked":["ICanCookAnything","IngredientHunt","QuickSuppression","TendonChords","DimensionalRift","Parry2","UndertakePrescript","FierceCharge","Zzzzzap","GreatSerpentsImpact"],"picked":"Faith","floor":3},{"not_picked":["Juggling","Pound","FleetFootsteps","MultiBlock","SmokingPipe","Standoff","EnergyCycle","UnavoidableGaze","RushDown","SunsetBlade"],"picked":"SinglePointStab","floor":5},{"not_picked":["Bvapour","Laceration","StartinOutLightly","ForTheFamily","EnergyCycle","BiAn","StructuralAnalysis","Parry2","Diversion","SpearedSweep","PinpointShot"],"picked":"SKIP","floor":6},{"not_picked":["Standoff","GatherIntel","YouOnlyLiveOnce","QuickAttack","StrongStrike","FierceOnslaught","Faith","GreatSerpentsImpact","Eject","HeavyPeaks"],"picked":"TheRedNotes","floor":7},{"not_picked":["MultiBlock","AlloutWar","UncannyStrike","SkitterAway","Quickness","DefenseOrder","IngredientHunt","HeavyPeaks","TraceOfFumes","GroundSmash"],"picked":"SinglePointStab","floor":10},{"not_picked":["TheArtOfRapidSteps","Outburst","StructuralAnalysis","Faith","AsThePrescriptOrders","StrongStrike","Feast","SparkingSpear","Tttonst","TimeForALittleTest"],"picked":"ClassAndRespect","floor":13},{"not_picked":["Cruelty","GutHarvesting","Tttonst","SenseQuarry"],"picked":"CleanUp","floor":16},{"not_picked":["BiAn","AsThePrescriptOrders","AutonomousRush","UpbeatPerformance","SetFire+1","ClassAndRespect","RulesOfTheBackstreets","YouOnlyLiveOnce","EmotionalTurbulence","TraceOfFumes+1"],"picked":"ViolentFlame+1","floor":18},{"not_picked":["FlashingStrike","SmokingPipe","RhinoRam+1","RepressedFlesh","PinpointShot","AsThePrescriptOrders+1","Thrust","HighKick","SilentMist","FleetEdge"],"picked":"FrontalAssault+1","floor":19},{"not_picked":["BiteOff","Track","SmokingPipe","LossOfSenses+1","PreparedMind","QuickSuppression","Ripple","ReadyUp","PreemptiveStrike","Parry2+1"],"picked":"SunsetBlade+1","floor":20},{"not_picked":["SnakesPrey","SnakeSlit","InnerArdor","TheArtOfRapidSteps","Standoff","BiAn","Parry2","AsThePrescriptOrders+1","IngredientHunt","VioletBlade","FleetEdge"],"picked":"SKIP","floor":22},{"not_picked":["SetFire+1","StartinOutLightly","Parry","FleetFootsteps","MultiBlock","ButterflySlash","ForcefulGesture","InhaleSmoke","Marionette","Riposte"],"picked":"ViolentFlame","floor":23},{"not_picked":["Rewind","EndlessBattle","PreparedMind","RhinoRam+1","SuppressingShot","GrazeTheGrass","StrikeDown","SilentNight","HardRehearsal","Cruelty"],"picked":"Reload+1","floor":27},{"not_picked":["UnavoidableGaze","Outburst","Overpower","LossOfSenses+1","EndlessBattle","GuidanceOfTheGears","EnergyStrike+1","InhaleSmoke+1","MultiHit+1","QuickSuppression"],"picked":"JiaoTu","floor":28},{"not_picked":["GrazeTheGrass","PinpointShot","IronWall","PuppetBlockade","BiAn","CoordinatedAssault","UndertakePrescript","InhaleSmoke","Leap_lor","SmokingPipe"],"picked":"ViolentFlame+1","floor":30},{"not_picked":["UpbeatPerformance","Standoff","Leap_lor","GrazeTheGrass","Pound+1","Multislash","BiXi","RapidGashes","Punishment","FocusFire"],"picked":"SinglePointStab","floor":31},{"not_picked":["DaringDecision","Punishment","SenseQuarry","CleanUp"],"picked":"SuanNi","floor":33},{"not_picked":["RatsGuideToSurvival+1","Eject","MultiHit+1","FrontalAssault","BlazingStrike","Rewind","ClassAndRespect+1","Thrust","Pound","Gigigig"],"picked":"FierceCharge+1","floor":35},{"not_picked":["GreatSerpentsImpact+1","BackAttack+1","SunsetBlade+1","TraceOfFumes","LawAndOrder+1","Rewind","QuickAttack+1","Parry2+1","Concentration+1","SetFire+1"],"picked":"SearingSword","floor":36},{"not_picked":["CircusKnives","GreatSerpentsImpact","TheArtOfRapidSteps+1","HighKick","Pound+1","SmokingPipe+1","WildCard+1","Laceration","BackAttack","Parry2+1"],"picked":"ScatteringSlash+1","floor":38},{"not_picked":["SunsetBlade","RapidGashes","MindWhip","HiddenBlade+1","Slice_lor+1","FleetFootsteps","SkitterAway","StayCalm+1","Brawl+1","Mutilate+1"],"picked":"BayonetCombat+1","floor":39},{"not_picked":["ShrineToMusic","Leap_lor","Unlock1","ChargeUp","FaintMemories+1","ClassAndRespect+1","FlyingSword+1","MultiHit","SharpSwipe","StructuralAnalysis"],"picked":"GuardingStance","floor":41},{"not_picked":["EndlessBattle+1","Mutilate+1","TraceOfFumes","EnergyShield+1","Outburst","WillProduceFineSilk","QuickAttack+1","Quickness+1","PreemptiveStrike","StrikeDown"],"picked":"CoordinatedAssault","floor":45},{"not_picked":["Standoff+1","StructuralAnalysis+1","MultiBlock+1","QuickAttack+1","QuickSuppression+1","Thrust+1","NightInTheBackstreets+1","Reload","FierceCharge","SnakesPrey"],"picked":"LeRegole","floor":47},{"not_picked":["PreemptiveStrike+1","Quickness","GrazeTheGrass+1","Leap_lor","MultiBlock+1","FlashingStrike","FleetFootsteps+1","SpearedSweep+1","WillOfThePrescript+1","Unlock1"],"picked":"SinglePointStab+1","floor":48}],"player_experience":172502,"relics_obtained":[{"floor":1,"key":"SynthV:TestCard"},{"floor":1,"key":"LetterFromLob"},{"floor":6,"key":"Replay:Towering Pillar of Hats"},{"floor":9,"key":"Blue Doll"},{"floor":10,"key":"PageOfSpiderBud"},{"floor":13,"key":"Grinning Jar"},{"floor":23,"key":"Tiny Chest"},{"floor":25,"key":"Enchiridion"},{"floor":26,"key":"PageOfTodaysShyLook"},{"floor":27,"key":"PageOfTheKnightOfDespair"},{"floor":31,"key":"PageOfTheQueenOfHatred"},{"floor":37,"key":"PageOfGreed"},{"floor":41,"key":"PageOfWrath"},{"floor":43,"key":"Bag of Preparation"},{"floor":45,"key":"PageOfNihil"},{"floor":47,"key":"Pen Nib"}],"event_choices":[{"damage_healed":0,"gold_gain":0,"player_choice":"Obtained Book","damage_taken":16,"max_hp_gain":0,"max_hp_loss":0,"event_name":"Cursed Tome","floor":25,"gold_loss":0},{"damage_healed":0,"gold_gain":0,"player_choice":"Bought 1 Potion","damage_taken":0,"max_hp_gain":0,"max_hp_loss":0,"event_name":"The Woman in Blue","floor":29,"gold_loss":0},{"damage_healed":0,"gold_gain":0,"player_choice":"Ignored","damage_taken":0,"max_hp_gain":0,"max_hp_loss":0,"event_name":"Tomb of Lord Red Mask","floor":44,"gold_loss":0}],"is_beta":false,"boss_relics":[{"not_picked":["Empty Cage","Ectoplasm"],"picked":"Fusion Hammer"},{"not_picked":["ReplayTheSpireMod:SealedPack","TimeKeys"],"picked":"Philosopher\u0027s Stone"}],"items_purged_floors":[],"is_endless":false,"potions_floor_spawned":[2,3,7,10,20,28,38,41,45,47],"ascension_level":5}}