{"host":"f76kcizrccta30ww","time":1614222527,"event":{"mods":["Act Like it!","Aspiration","BaseMod","Gensokyo","Marisa£®ÏF”Í°°ƒß¿Ì…≥£©","Minty Spire (QoL Compilation)","Pale of the Ancients","Replay The Spire","Shop Mod","StSLib","TestMod"],"gold_per_floor":[112,112,122,135,99,99,124,151,151,180,194,194,44,55,55,157,157,170,22,39,39,51,51,51],"floor_reached":23,"language":"ZHS","playtime":1474,"items_purged":["Feed"],"score":241,"play_id":"076b4f6f-dbac-49bc-9cd4-a30b324c97db","local_time":"20210225110847","is_ascension_mode":true,"campfire_choices":[{"data":"Flex","floor":6,"key":"SMITH"},{"floor":12,"key":"REST"},{"floor":15,"key":"DIG"}],"circlet_count":0,"master_deck":["Strike_R","Strike_R","Strike_R","Strike_R","Bash+1","DoubleSpark+1","Flex+1","MagicAbsorber","MysteriousBeam","ReplayTheSpireMod:LeadingStrike+1","PropBag","Pommel Strike+1","MachineGunSpark","Twin Strike","AsteroidBelt+1","ReplayTheSpireMod:Limb From Limb","ReplayTheSpireMod:LeadingStrike"],"relics":["Burning Blood","testmod-TestBox","testmod-Temperance","Odd Mushroom","Vajra","testmod-InfectionSource","Replay:Grab Bag","Philosopher\u0027s Stone","MerchantsRug","Replay:Arrowhead","Mummified Hand"],"acts_visited":["Exordium","TheCity"],"potions_floor_usage":[11,14,16,23],"damage_taken":[{"damage":0,"enemies":"2 Louse","floor":1,"turns":3},{"damage":0,"enemies":"Cultist","floor":3,"turns":2},{"damage":12,"enemies":"Jaw Worm","floor":4,"turns":2},{"damage":37,"enemies":"Gremlin Nob","floor":7,"turns":4},{"damage":18,"enemies":"The Mushroom Lair","floor":8,"turns":3},{"damage":25,"enemies":"3 Sentries","floor":10,"turns":6},{"damage":11,"enemies":"Exordium Thugs","floor":11,"turns":3},{"damage":0,"enemies":"Lots of Slimes","floor":14,"turns":2},{"damage":22,"enemies":"The Guardian","floor":16,"turns":4},{"damage":18,"enemies":"2 Thieves","floor":18,"turns":2},{"damage":18,"enemies":"Shell Parasite","floor":20,"turns":2},{"damage":37,"enemies":"Cultist and Chosen","floor":22,"turns":5},{"damage":33,"enemies":"Gremlin Leader","floor":23,"turns":2}],"seed_played":"-5956732379788258534","potions_obtained":[{"floor":1,"key":"PowerPotion"},{"floor":7,"key":"Energy Potion"},{"floor":10,"key":"Strength Potion"},{"floor":14,"key":"FearPotion"},{"floor":22,"key":"testmod-SpacePotion"}],"is_trial":false,"path_per_floor":["M","?","M","M","$","R","E","?","T","E","M","R","$","M","R","B",null,"M","$","M","?","M","E"],"character_chosen":"IRONCLAD","items_purchased":["MagicAbsorber","Whetstone","MerchantsRug","Replay:Arrowhead"],"campfire_rested":1,"item_purchase_floors":[5,13,19,19],"current_hp_per_floor":[80,80,80,74,74,74,43,31,31,12,7,31,31,49,49,45,80,68,68,56,56,25,0,0],"gold":51,"neow_bonus":"UPGRADE_CARD","is_daily":false,"chose_seed":false,"campfire_upgraded":1,"win_rate":0.0,"timestamp":1614222527,"path_taken":["M","?","M","M","?","R","E","?","T","E","M","R","?","M","R","BOSS","M","$","M","?","?","E"],"items_purchased_type":["Card","Relic","Relic","Relic"],"build_version":"2020-12-22","purchased_purges":1,"victory":false,"max_hp_per_floor":[80,80,80,80,80,80,80,80,80,80,80,80,80,80,80,80,80,80,80,80,80,80,80,80],"card_choices":[{"not_picked":["SuperPerseids","Anger"],"picked":"DoubleSpark","floor":1},{"not_picked":["DeepEcoloBomb","Armaments"],"picked":"Flex","floor":3},{"not_picked":["Wild Strike","Warcry","EnergyRecoil"],"picked":"SKIP","floor":4},{"not_picked":["Anger","Flex"],"picked":"MysteriousBeam","floor":7},{"not_picked":["MilkyWay","WitchLeyline"],"picked":"ReplayTheSpireMod:LeadingStrike","floor":8},{"not_picked":["Double Tap","ManaConvection"],"picked":"PropBag","floor":10},{"not_picked":["MysteriousBeam","Body Slam"],"picked":"Pommel Strike","floor":11},{"not_picked":["ShootingEcho","Sword Boomerang"],"picked":"MachineGunSpark","floor":14},{"not_picked":["Reaper","Juggernaut"],"picked":"Feed","floor":16},{"not_picked":["ReplayTheSpireMod:Stacked","GrandCross"],"picked":"Twin Strike","floor":18},{"not_picked":["DarkMatter+1","Metallicize"],"picked":"AsteroidBelt+1","floor":20},{"not_picked":["OneTimeOff+1","ReplayTheSpireMod:Strike From Hell"],"picked":"ReplayTheSpireMod:LeadingStrike","floor":22}],"player_experience":75706,"relics_obtained":[{"floor":7,"key":"Oddly Smooth Stone"},{"floor":8,"key":"Odd Mushroom"},{"floor":10,"key":"Vajra"},{"floor":15,"key":"aspiration:SeaSaltIceCream"}],"event_choices":[{"damage_healed":0,"gold_gain":0,"player_choice":"Upgraded","damage_taken":0,"max_hp_gain":0,"max_hp_loss":0,"event_name":"Upgrade Shrine","floor":2,"gold_loss":0,"cards_upgraded":["DoubleSpark"]},{"damage_healed":0,"gold_gain":0,"player_choice":"Fought Mushrooms","damage_taken":0,"max_hp_gain":0,"max_hp_loss":0,"event_name":"Mushrooms","floor":8,"gold_loss":0},{"damage_healed":0,"gold_gain":0,"cards_transformed":["Defend_R"],"player_choice":"Transformed","damage_taken":0,"max_hp_gain":0,"max_hp_loss":0,"event_name":"Transmorgrifier","floor":21,"gold_loss":0,"cards_obtained":["ReplayTheSpireMod:Limb From Limb"]}],"is_beta":false,"boss_relics":[{"not_picked":["testmod-NegativeEmotionEnhancer","Black Star"],"picked":"Replay:Grab Bag"},{"not_picked":["Velvet Choker","ChewingGum"],"picked":"Coffee Dripper"},{"not_picked":["Busted Crown","Ooze Armor"],"picked":"Philosopher\u0027s Stone"},{"not_picked":["testmod-EnergyCheck","Snecko Eye"],"picked":"testmod-DreamHouse"}],"items_purged_floors":[19],"is_endless":false,"potions_floor_spawned":[1,7,10,14,22],"killed_by":"Gremlin Leader","ascension_level":4}}