{"host":"gn96mxb33x5p409u","time":1614295055,"event":{"mods":["2.2 Compatiblity","AchievementEnabler","Act Like it!","BaseMod","Colored Powertips","Downfall","Hubris","Infinite Spire","Library of Ruina","Library of Ruina Extra","Minty Spire (QoL Compilation)","Replay The Spire","Ruina","StSLib","The Animator"],"gold_per_floor":[100,110,210,210,385,410,483,497,529,429,441,451,451,486,501,603,603,503,513,528,528,544,558,558,149,168,184,184,184,184,214,230,325,325,325,336,336,336,3,13,38,89,89,89],"floor_reached":43,"language":"ENG","playtime":2397,"items_purged":["Doubt","LightAttack","LightDefense"],"score":608,"play_id":"301cae7a-1e91-4138-9cc2-4abeabeb7ecb","local_time":"20210226011735","is_ascension_mode":false,"campfire_choices":[{"floor":1,"key":"DIG"},{"data":"Multislash","floor":10,"key":"SMITH"},{"data":"SunsetBlade","floor":13,"key":"SMITH"},{"data":"Commandeering","floor":28,"key":"SMITH"},{"floor":35,"key":"RECALL"}],"circlet_count":0,"master_deck":["LightDefense","LightAttack","LightAttack","LightDefense","LightDefense","ChargeAndCover+1","FocusedStrikes","Multislash+1","ReadyUp+1","HandleRequest","FlowOfTheSword","SunsetBlade+1","BattleCommand","SearingSword","Commandeering+1","FieryWaltz","ViolentFlame","infinitespire:Menacing","Faith+1","JiaoTu+1","AbsorbImpact+1","TasteMyFlamingBat+1","CleanUp","Juggling+1","SomberProcuration","GatherIntel+1","ClassAndRespect"],"relics":["PageOfLibrarian","Orichalcum","PageOfScorchedGirl","Bronze Scales","downfall:HeartBlessingBlue","Boot","SacredBark","downfall:HeartBlessingGreen","Ornamental Fan","PageOfQueenBee","Quantum Egg","Replay:Mystery Machine","Honey Jar","PageOfPorccubus","Toxic Egg 2"],"acts_visited":["Exordium","ruina:Briah","TheBeyond"],"potions_floor_usage":[16,16,16,25],"damage_taken":[{"damage":0,"enemies":"2 Louse","floor":2,"turns":2},{"damage":0,"enemies":"Small Slimes","floor":8,"turns":2},{"damage":8,"enemies":"Gremlin Nob","floor":9,"turns":3},{"damage":0,"enemies":"Cultist","floor":11,"turns":2},{"damage":6,"enemies":"Gremlin Gang","floor":12,"turns":2},{"damage":27,"enemies":"Lagavulin","floor":14,"turns":4},{"damage":0,"enemies":"Exordium Wildlife","floor":15,"turns":2},{"damage":0,"enemies":"SI_SHIV_ARCHETYPE","floor":16,"turns":3},{"damage":0,"enemies":"ruina:BadWolf","floor":19,"turns":4},{"damage":0,"enemies":"ruina:2_Scarecrows","floor":20,"turns":3},{"damage":3,"enemies":"ruina:QueenOfHate","floor":22,"turns":4},{"damage":0,"enemies":"ruina:Woodsman","floor":23,"turns":2},{"damage":2,"enemies":"downfall:FleeingMerchant","floor":25,"turns":5},{"damage":28,"enemies":"ruina:KnightOfDespair","floor":26,"turns":5},{"damage":0,"enemies":"ruina:KingOfGreed","floor":27,"turns":3},{"damage":0,"enemies":"ruina:ServantOfWrath","floor":31,"turns":5},{"damage":0,"enemies":"ruina:Woodsman","floor":32,"turns":3},{"damage":0,"enemies":"WA_ARCHETYPE_CALM","floor":33,"turns":6},{"damage":1,"enemies":"Orb Walker","floor":36,"turns":4},{"damage":25,"enemies":"3 Darklings","floor":40,"turns":5},{"damage":27,"enemies":"Writhing Mass","floor":43,"turns":1}],"seed_played":"-1123099693480110108","potions_obtained":[{"floor":8,"key":"Energy Potion"},{"floor":9,"key":"champ:CounterPotion"},{"floor":11,"key":"champ:CounterPotion"},{"floor":18,"key":"CultistPotion"},{"floor":18,"key":"hexamod:SoulburnPotion"},{"floor":19,"key":"Dexterity Potion"},{"floor":22,"key":"Fire Potion"}],"is_trial":false,"path_per_floor":["R","M","?","?","?","T","T","M","E","R","M","M","R","E","M","B",null,"R","M","M","AVR","M","M","T","$","M","M","R","?","?","E","M","B",null,"R","M","AVR","?","?","M","T","?","M"],"character_chosen":"Librarian","items_purchased":["Quantum Egg","DuplicationPotion"],"campfire_rested":0,"item_purchase_floors":[25,25],"current_hp_per_floor":[60,60,60,60,60,60,60,60,52,62,62,56,56,29,29,29,96,96,96,96,96,93,93,93,91,63,63,63,91,91,91,91,91,96,96,72,72,72,81,56,56,20,0,0],"gold":89,"neow_bonus":"UPGRADE_CARD","is_daily":false,"chose_seed":false,"campfire_upgraded":3,"win_rate":0.0,"timestamp":1614295055,"path_taken":["R","M","?","?","?","?","T","M","E","R","?","M","R","E","M","BOSS","R","M","M","AVR","M","?","T","$","M","M","R","?","?","E","M","BOSS","R","M","AVR","?","?","M","T","?","?"],"items_purchased_type":["Relic","Potion"],"build_version":"2020-12-22","purchased_purges":3,"victory":false,"max_hp_per_floor":[60,86,86,86,86,86,86,86,86,96,96,96,96,96,96,96,96,96,96,96,96,96,96,96,96,96,96,96,96,96,96,96,96,96,96,72,72,72,81,97,97,97,97,97],"card_choices":[{"not_picked":["UndertakePrescript","QuickAttack","SnakesPrey","EnergyCycle","CoordinatedAssault","BulkyImpact","BiAn","FormingStorm"],"picked":"Multislash","floor":2},{"not_picked":["QuickSuppression","CoordinatedAssault","BackAttack","Deflect_lor","Multislash","YouOnlyLiveOnce","GuidanceOfTheGears","GuardingStance"],"picked":"HandleRequest","floor":8},{"not_picked":["MirageStorm","Concentration","DarkCloud","FierceCharge","ChiWen","Leap_lor","Standoff","SinglePointStab"],"picked":"FlowOfTheSword","floor":9},{"not_picked":["DestructiveImpact","HiddenBlade","SerpentineBarrier","EnergyShield","FlowOfTheSword","SharpNails","Crush","SerpentSwordTechnique","EnergyStrike"],"picked":"SKIP","floor":11},{"not_picked":["EnergyCycle","Multislash","QuickAttack","Wallop_lor","PinpointShot","ViolentFlame","Clone","StrikeDown"],"picked":"SunsetBlade","floor":12},{"not_picked":["Multislash","FrontalAssault","ExtremeEdge","PinpointShot","Quickness","ClassAndRespect","QuickSuppression","FierceCharge"],"picked":"BattleCommand","floor":14},{"not_picked":["Thrust","SuppressingShot","MindWhip","AGoldenOpportunity","UpbeatPerformance","LeRegole","Wallop_lor","TimeForALittleTest"],"picked":"SearingSword","floor":15},{"not_picked":["LeRegole","WillProduceFineSilk"],"picked":"Commandeering","floor":16},{"not_picked":["ScatteringSlash","Multislash","SunsetBlade+1","WildCard+1","FierceCharge","Diversion","BattleCommand+1","HeavyPeaks"],"picked":"FieryWaltz","floor":19},{"not_picked":["AutonomousRush","CoordinatedAssault","Reload","HiddenBlade","GrazeTheGrass+1","Rewind+1","UpbeatPerformance","FleetEdge"],"picked":"ViolentFlame","floor":20},{"not_picked":["GuardingStance","StrongStrike","Wallop_lor","DesperateStruggle","TendonChords","SharpSwipe","MultiHit","MultiBlock"],"picked":"Faith+1","floor":22},{"not_picked":["YouOnlyLiveOnce","EnergyStrike+1","GuidanceOfTheGears","DirtyBlow","SuppressingShot","Multislash","Eliminate","HandleRequest","Outburst+1"],"picked":"SKIP","floor":23},{"not_picked":["TieShanKao","ClassAndRespect+1","ViolentFlame","GuidanceOfTheGears","SilentMist","VenomousFangs","SweepTheBackstreets+1","Leap_lor"],"picked":"JiaoTu+1","floor":25},{"not_picked":["FleetEdge+1","Thrust","Eradication","HiddenBlade+1","DesperateStruggle","HighKick","GreatSerpentsImpact","MultiHit"],"picked":"AbsorbImpact+1","floor":26},{"not_picked":["ViolentFlame+1","AsThePrescriptOrders","FierceCharge","SuppressingShot","Parry","BayonetCombat","ToOvercomeCrisis","SharpSwipe","HandleRequest+1"],"picked":"SKIP","floor":27},{"not_picked":["Crush","MultiBlock","EndlessBattle","Riposte","GoinFirst","PinpointShot","AsThePrescriptOrders","Faith","Rampage_lor"],"picked":"SKIP","floor":31},{"not_picked":["GreatSerpentsImpact+1","FierceCharge+1","SmokingPipe+1","EnergyCycle","ViolentFlame","ChiWen","UncannyStrike","WillOfThePrescript"],"picked":"TasteMyFlamingBat+1","floor":32},{"not_picked":["LeRegole","BoundaryOfDeath"],"picked":"CleanUp","floor":33},{"not_picked":["ConcentratedFire+1","QuickAttack+1","SkitterAway","SuppressingShot+1","SmokingPipe","Retaliate","Standoff","SparkingSpear","Crush+1"],"picked":"Juggling+1","floor":36},{"not_picked":["Reload+1","ShockRound+1","Faith","BiAn+1","Rampage_lor+1","Parry+1","Leap_lor","FleetEdge","InkOver+1"],"picked":"SomberProcuration","floor":40},{"not_picked":["DefenseOrder+1","TimeForALittleTest","JiaoTu+1","HandlingWork+1","WillOfThePrescript+1","HardRehearsal","FierceCharge+1","FeatherShield+1","StructuralAnalysis+1"],"picked":"GatherIntel+1","floor":42},{"not_picked":["Rewind+1","BoundaryOfDeath","FrontalAssault+1","QuickSuppression+1","Gamble+1","Quickness+1","CoordinatedAssault+1","WillOfThePrescript+1","DesperateStruggle+1"],"picked":"ClassAndRespect","floor":42}],"player_experience":557264,"relics_obtained":[{"floor":1,"key":"Orichalcum"},{"floor":7,"key":"PageOfScorchedGirl"},{"floor":9,"key":"Bronze Scales"},{"floor":14,"key":"Boot"},{"floor":24,"key":"PageOfQueenBee"},{"floor":31,"key":"Replay:Mystery Machine"},{"floor":41,"key":"PageOfPorccubus"},{"floor":42,"key":"Toxic Egg 2"}],"event_choices":[],"is_beta":false,"boss_relics":[{"not_picked":["ChewingGum","ReplayTheSpireMod:SealedPack"],"picked":"SacredBark"},{"not_picked":["Ring of Chaos","Pandora\u0027s Box"],"picked":"Honey Jar"}],"items_purged_floors":[21,25,37],"is_endless":false,"potions_floor_spawned":[8,9,11,19,22,32],"killed_by":"Writhing Mass","ascension_level":0}}