{"host":"3l94tha3a4jgu0q4","time":1614263367,"event":{"mods":["2.2 Compatiblity","AchievementEnabler","Aspiration","BaseMod","Better Altar","Better Match","Better Note","Better Sensory Stone","Better Skull","Better Third Choice","Colored Map","Colored Powertips","Fox Events","Highlight Path","Humility","Minty Spire (QoL Compilation)","Permanent Neow","Relic Stats","StSLib","SuperFastMode","Wandering Minibosses"],"gold_per_floor":[99,99,99,99,99,79,79,79,79,79,79,79,10,0,0,0,0,0,0,0,0,0,0,0,0,0,0,0],"floor_reached":27,"language":"ENG","playtime":964,"items_purged":[],"score":215,"play_id":"3401d66b-9101-414d-9773-407d2fb5237a","local_time":"20210225062927","is_ascension_mode":false,"campfire_choices":[{"data":"Neutralize","floor":7.0,"key":"SMITH"},{"data":"Cloak And Dagger","floor":12.0,"key":"SMITH"},{"data":"Choke","floor":15.0,"key":"SMITH"},{"data":"Riddle With Holes","floor":23.0,"key":"SMITH"}],"circlet_count":0,"master_deck":["Strike_G","Strike_G","Strike_G","Strike_G","Strike_G","Defend_G","Defend_G","Defend_G","Defend_G","Defend_G","Survivor","Neutralize+1","Choke+1","Dodge and Roll","Outmaneuver","Vault+1","Cloak And Dagger+1","Quick Slash","Riddle With Holes+1","Footwork+1","Storm of Steel","Tools of the Trade+1","Blur","Dagger Throw","Footwork+1","Skewer+1"],"relics":["Ectoplasm","foxEvents:LuckyCharm","Frozen Egg 2","Meat on the Bone","Black Star","PreservedInsect","Toy Ornithopter"],"acts_visited":["Exordium","TheCity"],"potions_floor_usage":[27],"damage_taken":[{"damage":0.0,"enemies":"2 Louse","floor":1.0,"turns":3.0},{"damage":0.0,"enemies":"Small Slimes","floor":2.0,"turns":3.0},{"damage":0.0,"enemies":"Cultist","floor":3.0,"turns":3.0},{"damage":5.0,"enemies":"Colosseum Slavers","floor":5.0,"turns":4.0},{"damage":40.0,"enemies":"Gremlin Nob","floor":6.0,"turns":5.0},{"damage":0.0,"enemies":"Exordium Wildlife","floor":8.0,"turns":4.0},{"damage":0.0,"enemies":"Lots of Slimes","floor":10.0,"turns":6.0},{"damage":4.0,"enemies":"Exordium Thugs","floor":14.0,"turns":5.0},{"damage":40.0,"enemies":"Slime Boss","floor":16.0,"turns":16.0},{"damage":7.0,"enemies":"2 Thieves","floor":18.0,"turns":5.0},{"damage":2.0,"enemies":"Chosen","floor":22.0,"turns":5.0},{"damage":21.0,"enemies":"Centurion and Healer","floor":24.0,"turns":17.0},{"damage":11.0,"enemies":"Sentry and Sphere","floor":25.0,"turns":13.0},{"damage":51,"enemies":"Chosen and Byrds","floor":27,"turns":11}],"seed_played":"-7083937707843565779","potions_obtained":[{"floor":1.0,"key":"Strength Potion"},{"floor":5.0,"key":"AttackPotion"},{"floor":10.0,"key":"Ancient Potion"},{"floor":22.0,"key":"ColorlessPotion"}],"is_trial":false,"path_per_floor":["M","M","M","?","?","E","R","M","T","M","?","R","$","M","R","B",null,"M","T","?","$","M","R","M","M","T","M"],"character_chosen":"THE_SILENT","items_purchased":["Footwork+1"],"campfire_rested":0,"item_purchase_floors":[13],"current_hp_per_floor":[70,70,70,70,65,25,25,25,25,37,70,70,70,66,66,38,70,63,63,63,63,61,61,40,41,41,0,0],"gold":0,"neow_bonus":"BOSS_RELIC","is_daily":false,"chose_seed":false,"campfire_upgraded":4,"win_rate":0.0,"timestamp":1614263367,"path_taken":["M","M","M","?","?","E","R","M","T","M","?","R","$","M","R","BOSS","M","?","?","$","M","R","M","M","T","?"],"items_purchased_type":["Card"],"build_version":"2020-12-22","purchased_purges":0,"victory":false,"max_hp_per_floor":[70,70,70,70,70,70,70,70,70,70,70,70,70,70,70,70,70,70,70,70,70,70,70,70,70,70,70,70],"relic_stats":{"counters":[14,100],"Ectoplasm":625,"PreservedInsect":0,"Black Star":0,"obtain_stats":[{"Ectoplasm":0,"PreservedInsect":19,"foxEvents:LuckyCharm":5,"Black Star":17,"Frozen Egg 2":6,"Toy Ornithopter":26,"Ring of the Snake":0,"Meat on the Bone":9},{"Ectoplasm":0,"PreservedInsect":10,"foxEvents:LuckyCharm":4,"Black Star":9,"Frozen Egg 2":5,"Toy Ornithopter":13,"Ring of the Snake":0,"Meat on the Bone":6},{"Ectoplasm":0,"PreservedInsect":54,"foxEvents:LuckyCharm":13,"Black Star":49,"Frozen Egg 2":18,"Toy Ornithopter":89,"Ring of the Snake":0,"Meat on the Bone":22}],"Toy Ornithopter":5,"Meat on the Bone":36},"card_choices":[{"not_picked":["Expertise","Reflex"],"picked":"Choke","floor":1.0},{"not_picked":["Choke","Noxious Fumes"],"picked":"Dodge and Roll","floor":2.0},{"not_picked":["Deflect","Concentrate"],"picked":"Outmaneuver","floor":3.0},{"not_picked":["Prepared","Dodge and Roll"],"picked":"Cloak And Dagger","floor":6.0},{"not_picked":["Deflect","PiercingWail"],"picked":"Quick Slash","floor":8.0},{"not_picked":["Dodge and Roll","Underhanded Strike"],"picked":"Riddle With Holes","floor":10.0},{"not_picked":["Poisoned Stab","Accuracy+1"],"picked":"Storm of Steel","floor":14.0},{"not_picked":["Venomology","Unload"],"picked":"Tools of the Trade+1","floor":16.0},{"not_picked":["Quick Slash+1","Deflect+1"],"picked":"Blur","floor":18.0},{"not_picked":["Sucker Punch","Concentrate"],"picked":"Dagger Throw","floor":22.0},{"not_picked":["Cloak And Dagger","Calculated Gamble"],"picked":"Footwork+1","floor":24.0},{"not_picked":["Tactician","PiercingWail"],"picked":"Skewer+1","floor":25.0}],"player_experience":1965761,"relics_obtained":[{"floor":5.0,"key":"foxEvents:LuckyCharm"},{"floor":6.0,"key":"Frozen Egg 2"},{"floor":9.0,"key":"Meat on the Bone"},{"floor":19.0,"key":"PreservedInsect"},{"floor":26.0,"key":"Toy Ornithopter"}],"event_choices":[{"damage_healed":0.0,"max_hp_gain":0.0,"max_hp_loss":0.0,"gold_gain":1.0,"event_name":"betterStone:BetterStone","player_choice":"4","floor":4.0,"gold_loss":0.0,"damage_taken":0.0,"cards_obtained":["Vault"]},{"damage_healed":33.0,"max_hp_gain":0.0,"max_hp_loss":0.0,"gold_gain":0.0,"event_name":"Wheel of Change","player_choice":"Full Heal","floor":11.0,"gold_loss":0.0,"damage_taken":0.0},{"cards_removed":["Tools of the Trade"],"damage_healed":0.0,"max_hp_gain":0.0,"max_hp_loss":0.0,"gold_gain":0.0,"event_name":"betterNote:BetterNote","player_choice":"Give","floor":20.0,"gold_loss":0.0,"damage_taken":0.0,"cards_obtained":["None"]}],"is_beta":false,"boss_relics":[{"not_picked":["Velvet Choker","Fusion Hammer"],"picked":"Black Star"}],"items_purged_floors":[],"is_endless":false,"potions_floor_spawned":[1,5,10,22],"killed_by":"Chosen and Byrds","ascension_level":0,"is_humility":true}}