{"host":"auii0tli5ebhxikt","time":1614222341,"event":{"mods":["ATMod(°¢èªMod)","Aspiration","BaseMod","Downfall","Energized Spire","Library of Ruina","Minty Spire (QoL Compilation)","Quick Restart","Relic Stats","Reliquary","Replay The Spire","Spicy Shops","StSLib","The Marked","Warlord Emblem","[IsaacMod]ÒÔÈö¼âËþ","¡¾ÒÅÎï¿¨ÅÆ¡¿REMEMod"],"gold_per_floor":[109,109,109,184,204,18,18,32,32,32,57,76,76,2,2,121,121,145,161,161,185,210,210,248,264,264,288,309,334,334,358,358,479,479,502,565,565,565,580,619,619,683,683,704,724,742,782,782,782,782],"floor_reached":51,"language":"ZHS","playtime":2834,"items_purged":["Regret","Defend_G","Strike_G","Deadly Poison+1","Strike_G","Pain"],"score":963,"play_id":"8f69d46a-6d07-486e-b4c4-6600336aacf4","local_time":"20210225110541","is_ascension_mode":true,"campfire_choices":[{"data":"Deadly Poison","floor":7,"key":"SMITH"},{"data":"Blade Dance","floor":10,"key":"SMITH"},{"data":"AT_FocusSwordFire","floor":13,"key":"SMITH"},{"data":"Infinite Blades","floor":15,"key":"SMITH"},{"data":"AT_ArcaneSupremacy","floor":23,"key":"SMITH"},{"data":"Blade Dance","floor":32,"key":"SMITH"},{"data":"A Thousand Cuts","floor":41,"key":"SMITH"},{"data":"AT_TwilightShroud","floor":41,"key":"SMITH"},{"data":"Blade Dance","floor":49,"key":"SMITH"},{"data":"Panache","floor":49,"key":"SMITH"}],"circlet_count":0,"master_deck":["Strike_G","Strike_G","Strike_G+1","Defend_G","Defend_G","Defend_G","Defend_G","Survivor+1","Neutralize","Blade Dance+1","AT_FocusSwordFire+1","Infinite Blades+1","A Thousand Cuts+1","Terror+1","Blade Dance+1","AT_ArcaneSupremacy+1","AT_TwilightShroud+1","Slice+1","Blade Dance+1","Cloak And Dagger+1","Panache+1","ReplayTheSpireMod:Shiv Toss+1"],"relics":["Ring of the Snake","AT_ATBox","HushsDoor","REME_ComplimentaryCards","SteamSale","aspiration:Nostalgia","m_BronzeBlood","Snake Skull","Golden Idol","aspiration:FetidBarrel","reliquary:FingerTrap","aspiration:FrozenJewel","Membership Card","Tingsha","PageOfLittleHelper","PageOfSingingMachine","PageOfBigBadWolf","ClockworkSouvenir","GuppysTail","Replay:Ringing Soul","PageOfQueenBee","AT_ChloranthyRing","Medical Kit","PageOfWayBackHome","DeadEye","PageOfApocalypseBird","Strange Spoon","Quantum Egg","AT_ArchangelStaff","TheBattery","reliquary:ThirdArm","Mango","PageOfPorccubus","ReplayTheSpireMod:ShopPack","reliquary:WeakTea","Tingsha","Toolbox","Replay:Arrowhead","reliquary:PorcupineQuills","PageOfTheSilentOrchestra","Golden Egg","Bottled Tornado","reliquary:Buckler","War Paint","REME_HandOfSuture","Cauldron"],"acts_visited":["Exordium","TheCity","TheBeyond"],"potions_floor_usage":[24,25],"damage_taken":[{"damage":1,"enemies":"Cultist","floor":1,"turns":5},{"damage":0,"enemies":"2 Louse","floor":5,"turns":3},{"damage":0,"enemies":"Small Slimes","floor":8,"turns":2},{"damage":1,"enemies":"Blue Slaver","floor":11,"turns":3},{"damage":0,"enemies":"Large Slime","floor":12,"turns":2},{"damage":4,"enemies":"The Guardian","floor":16,"turns":7},{"damage":2,"enemies":"2 Thieves","floor":18,"turns":2},{"damage":4,"enemies":"Spheric Guardian","floor":19,"turns":3},{"damage":0,"enemies":"Centurion and Healer","floor":21,"turns":3},{"damage":0,"enemies":"Cultist and Chosen","floor":22,"turns":3},{"damage":0,"enemies":"Slavers","floor":24,"turns":2},{"damage":22,"enemies":"Snake Plant","floor":25,"turns":3},{"damage":0,"enemies":"3 Cultists","floor":27,"turns":2},{"damage":0,"enemies":"Chosen and Byrds","floor":28,"turns":2},{"damage":0,"enemies":"Snake Plant","floor":29,"turns":2},{"damage":0,"enemies":"Shelled Parasite and Fungi","floor":31,"turns":2},{"damage":0,"enemies":"Automaton","floor":33,"turns":2},{"damage":4,"enemies":"3 Shapes","floor":35,"turns":2},{"damage":0,"enemies":"Mind Bloom Boss Battle","floor":36,"turns":2},{"damage":0,"enemies":"3 Darklings","floor":39,"turns":1},{"damage":0,"enemies":"R_Hoarder","floor":40,"turns":2},{"damage":0,"enemies":"2 Orb Walkers","floor":42,"turns":2},{"damage":0,"enemies":"Transient","floor":44,"turns":3},{"damage":0,"enemies":"Jaw Worm Horde","floor":45,"turns":1},{"damage":0,"enemies":"4 Shapes","floor":46,"turns":2},{"damage":0,"enemies":"Reptomancer","floor":47,"turns":1},{"damage":0,"enemies":"Replay:Hell Engine","floor":50,"turns":1}],"seed_played":"-4784215860261521890","potions_obtained":[{"floor":5,"key":"Languid Potion"},{"floor":12,"key":"Dexterity Potion"},{"floor":24,"key":"PowerPotion"},{"floor":25,"key":"Fire Potion"},{"floor":47,"key":"Guardian:BlockOnCardUsePotion"},{"floor":48,"key":"CunningPotion"}],"is_trial":false,"path_per_floor":["M","?","?","?","M","$","R","M","T","R","M","M","R","$","R","B",null,"M","M","$","M","M","R","E","M","T","M","M","M","$","M","R","B",null,"M","?","?","$","M","E","R","?","T","M","M","M","E","$","R","B",null],"character_chosen":"THE_SILENT","items_purchased":["Deadly Poison","aspiration:FetidBarrel","reliquary:FingerTrap","Membership Card","Infinite Blades","Tingsha","PageOfLittleHelper","PageOfSingingMachine","PageOfBigBadWolf","ClockworkSouvenir","CunningPotion","GuppysTail","Replay:Ringing Soul","PageOfQueenBee","AT_ChloranthyRing","Medical Kit","PageOfApocalypseBird","Strange Spoon","Quantum Egg","AT_ArchangelStaff","TheBattery","PageOfPorccubus","ReplayTheSpireMod:ShopPack","reliquary:WeakTea","reliquary:SculptingSteel","Toolbox","Replay:Arrowhead","ColorlessPotion","reliquary:Buckler","War Paint","REME_HandOfSuture","Cauldron"],"campfire_rested":0,"item_purchase_floors":[6,6,6,14,14,14,14,14,14,14,14,20,20,20,20,20,30,30,30,30,30,38,38,38,38,38,38,38,48,48,48,48],"current_hp_per_floor":[70,70,53,42,48,48,48,54,54,54,59,65,65,65,65,67,70,70,70,70,73,76,76,76,60,60,66,72,79,79,82,82,82,82,82,99,99,102,105,105,105,105,105,105,105,105,105,105,105,105],"gold":782,"neow_bonus":"NOSTALGIA","is_daily":false,"chose_seed":false,"campfire_upgraded":10,"win_rate":0.0,"timestamp":1614222341,"path_taken":["M","?","?","?","M","$","R","M","T","R","M","M","R","$","R","BOSS","M","M","$","M","M","R","E","M","T","M","M","?","$","M","R","BOSS","M","?","?","$","M","E","R","?","T","M","M","?","E","$","R","BOSS"],"items_purchased_type":["Card","Relic","Relic","Relic","Card","Relic","Relic","Relic","Relic","Relic","Potion","Relic","Relic","Relic","Relic","Relic","Relic","Relic","Relic","Relic","Relic","Relic","Relic","Relic","Relic","Relic","Relic","Potion","Relic","Relic","Relic","Relic"],"build_version":"2020-12-22","purchased_purges":6,"victory":true,"max_hp_per_floor":[70,70,70,70,70,70,70,70,70,70,70,70,70,70,70,70,70,70,70,70,73,76,76,76,76,76,76,76,79,79,82,82,82,82,82,99,99,102,105,105,105,105,105,105,105,105,105,105,105,105],"relic_stats":{"Strange Spoon":[58],"counters":[27,65],"Golden Idol":200,"Tingsha":[24],"Snake Skull":[396],"War Paint":["Survivor","ReplayTheSpireMod:Shiv Toss"],"Medical Kit":[0],"obtain_stats":[{"GuppysTail":20,"Golden Egg":43,"AT_ATBox":0,"Mango":36,"Snake Skull":2,"PageOfSingingMachine":14,"DeadEye":26,"TheBattery":30,"Bottled Tornado":47,"AT_ArchangelStaff":30,"reliquary:ThirdArm":34,"ClockworkSouvenir":14,"Replay:Ringing Soul":20,"PageOfWayBackHome":24,"PageOfQueenBee":20,"Toolbox":38,"reliquary:Buckler":48,"reliquary:FingerTrap":6,"PageOfApocalypseBird":30,"Ring of the Snake":0,"KeepersGift":0,"PageOfBigBadWolf":14,"AT_ChloranthyRing":20,"aspiration:Nostalgia":0,"Golden Idol":3,"aspiration:FetidBarrel":6,"Quantum Egg":30,"Tingsha":14,"PageOfLittleHelper":14,"reliquary:WeakTea":38,"War Paint":48,"SteamSale":0,"Medical Kit":20,"aspiration:FrozenJewel":9,"Replay:Arrowhead":38,"Strange Spoon":30,"Cauldron":48,"reliquary:PorcupineQuills":40,"PageOfTheSilentOrchestra":42,"reliquary:SculptingSteel":38,"REME_HandOfSuture":48,"m_BronzeBlood":0,"Membership Card":14,"PageOfPorccubus":38,"HushsDoor":0,"REME_ComplimentaryCards":0,"ReplayTheSpireMod:ShopPack":38},{"GuppysTail":8,"Golden Egg":22,"AT_ATBox":0,"Mango":19,"Snake Skull":1,"PageOfSingingMachine":5,"DeadEye":12,"TheBattery":15,"Bottled Tornado":26,"AT_ArchangelStaff":15,"reliquary:ThirdArm":17,"ClockworkSouvenir":5,"Replay:Ringing Soul":8,"PageOfWayBackHome":11,"PageOfQueenBee":8,"Toolbox":19,"reliquary:Buckler":26,"reliquary:FingerTrap":2,"PageOfApocalypseBird":15,"Ring of the Snake":0,"KeepersGift":0,"PageOfBigBadWolf":5,"AT_ChloranthyRing":8,"aspiration:Nostalgia":0,"Golden Idol":1,"aspiration:FetidBarrel":2,"Quantum Egg":15,"Tingsha":5,"PageOfLittleHelper":5,"reliquary:WeakTea":19,"War Paint":26,"SteamSale":0,"Medical Kit":8,"aspiration:FrozenJewel":3,"Replay:Arrowhead":19,"Strange Spoon":15,"Cauldron":26,"reliquary:PorcupineQuills":21,"PageOfTheSilentOrchestra":22,"reliquary:SculptingSteel":19,"REME_HandOfSuture":26,"m_BronzeBlood":0,"Membership Card":5,"PageOfPorccubus":19,"HushsDoor":0,"REME_ComplimentaryCards":0,"ReplayTheSpireMod:ShopPack":19},{"GuppysTail":27,"Golden Egg":57,"AT_ATBox":0,"Mango":52,"Snake Skull":5,"PageOfSingingMachine":15,"DeadEye":38,"TheBattery":44,"Bottled Tornado":64,"AT_ArchangelStaff":44,"reliquary:ThirdArm":48,"ClockworkSouvenir":15,"Replay:Ringing Soul":27,"PageOfWayBackHome":35,"PageOfQueenBee":27,"Toolbox":52,"reliquary:Buckler":64,"reliquary:FingerTrap":8,"PageOfApocalypseBird":44,"Ring of the Snake":0,"KeepersGift":0,"PageOfBigBadWolf":15,"AT_ChloranthyRing":27,"aspiration:Nostalgia":0,"Golden Idol":5,"aspiration:FetidBarrel":8,"Quantum Egg":44,"Tingsha":15,"PageOfLittleHelper":15,"reliquary:WeakTea":52,"War Paint":64,"SteamSale":0,"Medical Kit":27,"aspiration:FrozenJewel":10,"Replay:Arrowhead":52,"Strange Spoon":44,"Cauldron":64,"reliquary:PorcupineQuills":55,"PageOfTheSilentOrchestra":57,"reliquary:SculptingSteel":52,"REME_HandOfSuture":64,"m_BronzeBlood":0,"Membership Card":15,"PageOfPorccubus":52,"HushsDoor":0,"REME_ComplimentaryCards":0,"ReplayTheSpireMod:ShopPack":52}],"Ring of the Snake":[54]},"card_choices":[{"not_picked":["PiercingWail","Acrobatics"],"picked":"Blade Dance","floor":1},{"not_picked":["Setup","Flying Knee","bronze:BuggyMess"],"picked":"SKIP","floor":5},{"not_picked":["Dagger Spray","Expertise","Leg Sweep"],"picked":"SKIP","floor":8},{"not_picked":["Deadly Poison","AT_TinkerSharpsword"],"picked":"AT_FocusSwordFire","floor":11},{"not_picked":["AT_WomanClash","Blur","Dagger Throw"],"picked":"SKIP","floor":12},{"not_picked":["REME_CopyPotion","AT_KingSlayer"],"picked":"A Thousand Cuts","floor":16},{"not_picked":["Outmaneuver+1","Backflip"],"picked":"Terror+1","floor":18},{"not_picked":["Deflect","REME_GreenPollution"],"picked":"Blade Dance","floor":19},{"not_picked":["Poisoned Stab+1","PiercingWail"],"picked":"AT_ArcaneSupremacy","floor":21},{"not_picked":["Dodge and Roll","Replay:Poison Smokescreen+1"],"picked":"AT_TwilightShroud","floor":22},{"not_picked":["Terror","Dagger Throw+1","AT_ArcaneSupremacy"],"picked":"SKIP","floor":24},{"not_picked":["Prepared","Backflip","Acrobatics"],"picked":"SKIP","floor":25},{"not_picked":["AT_ArcaneSupremacy+1","Footwork","AT_MyraUnstableElement"],"picked":"SKIP","floor":27},{"not_picked":["Outmaneuver","Acrobatics+1","Dagger Spray"],"picked":"SKIP","floor":28},{"not_picked":["Flying Knee","Skewer+1"],"picked":"Slice+1","floor":29},{"not_picked":["Cloak And Dagger","Footwork"],"picked":"Blade Dance","floor":31},{"not_picked":["Hidden Blade","Dagger Spray+1","Footwork"],"picked":"SKIP","floor":35},{"not_picked":["Deflect+1","AT_FocusSwordFire"],"picked":"Cloak And Dagger+1","floor":36},{"not_picked":["Chrysalis","REME_BodyOfCthun"],"picked":"Panache","floor":38},{"not_picked":["Hidden Blade+1","Dagger Spray"],"picked":"ReplayTheSpireMod:Shiv Toss","floor":39},{"not_picked":["Dodge and Roll","Quick Slash+1","All Out Attack"],"picked":"SKIP","floor":40},{"not_picked":["Dash+1","Bane+1","Backflip"],"picked":"SKIP","floor":44},{"not_picked":["Quick Slash+1","Infinite Blades","Prepared"],"picked":"SKIP","floor":45},{"not_picked":["Slice","Quick Slash","PiercingWail+1"],"picked":"SKIP","floor":46},{"not_picked":["Backflip+1","Hidden Blade+1","Prepared"],"picked":"SKIP","floor":47}],"player_experience":160067,"relics_obtained":[{"floor":9,"key":"aspiration:FrozenJewel"},{"floor":24,"key":"PageOfWayBackHome"},{"floor":26,"key":"DeadEye"},{"floor":36,"key":"Mango"},{"floor":40,"key":"reliquary:PorcupineQuills"},{"floor":42,"key":"PageOfTheSilentOrchestra"},{"floor":43,"key":"Golden Egg"},{"floor":47,"key":"Bottled Tornado"}],"event_choices":[{"damage_healed":0,"gold_gain":0,"player_choice":"Box","damage_taken":0,"relics_obtained":["Snake Skull"],"max_hp_gain":0,"max_hp_loss":0,"event_name":"Big Fish","floor":2,"gold_loss":0,"cards_obtained":["Regret"]},{"damage_healed":0,"gold_gain":0,"player_choice":"Take Damage","damage_taken":17,"relics_obtained":["Golden Idol"],"max_hp_gain":0,"max_hp_loss":0,"event_name":"Golden Idol","floor":3,"gold_loss":0},{"damage_healed":0,"gold_gain":75,"player_choice":"Gather Gold","damage_taken":11,"max_hp_gain":0,"max_hp_loss":0,"event_name":"World of Goop","floor":4,"gold_loss":0},{"damage_healed":0,"gold_gain":0,"player_choice":"Fight","damage_taken":0,"max_hp_gain":0,"max_hp_loss":0,"event_name":"MindBloom","floor":36,"gold_loss":0},{"damage_healed":0,"gold_gain":0,"player_choice":"Memory 1","damage_taken":0,"max_hp_gain":0,"max_hp_loss":0,"event_name":"SensoryStone","floor":37,"gold_loss":0},{"damage_healed":0,"gold_gain":0,"player_choice":"Fight","damage_taken":0,"max_hp_gain":0,"max_hp_loss":0,"event_name":"Mysterious Sphere","floor":42,"gold_loss":0}],"is_beta":false,"boss_relics":[{"not_picked":["Ring of Chaos","Snecko Scales","energizedSpire:EnergizedDie"]},{"not_picked":["REME_DuelDisc","SacredBark"],"picked":"reliquary:ThirdArm"},{"not_picked":[]}],"items_purged_floors":[6,14,14,20,30,38],"is_endless":false,"potions_floor_spawned":[5,12,21,22,24,25,29,33,40,42,44,45,47],"ascension_level":4}}