{"host":"dth8fvkfiulu86fi","time":1614244856,"event":{"mods":["2.2 Compatiblity","AchievementEnabler","BaseMod","Better Third Choice","Colored Map","Colored Powertips","Minty Spire (QoL Compilation)","Rare Cards Sparkle","StSLib","SuperFastMode","Synergy Search"],"gold_per_floor":[114,129,104,279,279,298,298,148,148,148,167,167,186,8,8,133,133,152,152,152,251,14,52,71,109,109,128,10,29,29,6,6,131,131,150,1149,1424,1443,1462,1462,1500,199,199,199,199,32,51,70,70,70],"floor_reached":51,"language":"ENG","playtime":1027,"items_purged":[],"score":1103,"play_id":"25dc08d7-b6ce-4ccb-a0e5-870d59ded5fd","local_time":"20210225102056","daily_mods":["Insanity","Colorless Cards","Night Terrors"],"is_ascension_mode":false,"campfire_choices":[{"data":"Mind Blast","floor":10.0,"key":"SMITH"},{"data":"1","floor":12.0,"key":"LIFT"},{"data":"2","floor":15.0,"key":"LIFT"},{"data":"3","floor":30.0,"key":"LIFT"},{"data":"Rebound","floor":32.0,"key":"SMITH"},{"data":"Panache","floor":40.0,"key":"SMITH"},{"data":"Trip","floor":44.0,"key":"SMITH"},{"data":"Turbo","floor":49,"key":"SMITH"}],"circlet_count":0,"master_deck":["Streamline","Hologram","Redo","Ball Lightning","Leap","Gash","Barrage","Hello World","Blizzard","Undo","Turbo","Undo","Bandage Up","Streamline","BootSequence","Glacier","Stack","Gash","Ball Lightning","Turbo","Gash","Turbo","Beam Cell","Trip+1","Redo","Jack Of All Trades","Ball Lightning","Coolheaded","Hologram","Leap","Doom and Gloom","Hologram","Coolheaded","Ball Lightning","Rebound+1","Self Repair","Streamline","Skim","Loop","Blizzard","Mind Blast+1","Barrage","Beam Cell","Rebound","Streamline","Static Discharge","FTL","Scrape","Loop","Streamline","Conserve Battery","Gash","Hologram","Doubt","Barrage","Gash","Conserve Battery","Streamline","Gash","Cold Snap","Ball Lightning","Beam Cell","Stack","Gash","Conserve Battery","Cold Snap","All For One","Streamline+1","Mind Blast+1","White Noise","Gash","Darkness+1","Gash","Genetic Algorithm","Storm","Turbo+1","Streamline","Compile Driver","Cold Snap","Sweeping Beam","Panache+1","Redo","Normality","Normality","Regret","Barrage","Sweeping Beam+1","Jack Of All Trades+1","Rip and Tear","Cold Snap","Fission","Hologram","Loop","Purity","Sadistic Nature","Mind Blast+1","Beam Cell","Coolheaded","Gash","Leap","Streamline+1","Static Discharge"],"relics":["Cracked Core","Golden Idol","Girya","Orrery","Pantograph","Busted Crown","MutagenicStrength","DollysMirror","MealTicket","Centennial Puzzle","Bottled Flame","Nuclear Battery","Oddly Smooth Stone","Lee\u0027s Waffle","Unceasing Top","Shuriken","TungstenRod"],"acts_visited":["Exordium","TheCity","TheBeyond"],"potions_floor_usage":[],"damage_taken":[{"damage":0.0,"enemies":"2 Louse","floor":1.0,"turns":1.0},{"damage":0.0,"enemies":"Small Slimes","floor":2.0,"turns":1.0},{"damage":0.0,"enemies":"Jaw Worm","floor":6.0,"turns":1.0},{"damage":0.0,"enemies":"Large Slime","floor":11.0,"turns":1.0},{"damage":0.0,"enemies":"2 Fungi Beasts","floor":13.0,"turns":2.0},{"damage":33.0,"enemies":"Hexaghost","floor":16.0,"turns":4.0},{"damage":0.0,"enemies":"Chosen","floor":18.0,"turns":1.0},{"damage":0.0,"enemies":"Gremlin Leader","floor":23.0,"turns":1.0},{"damage":0.0,"enemies":"2 Thieves","floor":24.0,"turns":1.0},{"damage":0.0,"enemies":"Slavers","floor":25.0,"turns":2.0},{"damage":0.0,"enemies":"Sentry and Sphere","floor":27.0,"turns":1.0},{"damage":0.0,"enemies":"Shelled Parasite and Fungi","floor":29.0,"turns":1.0},{"damage":22.0,"enemies":"Automaton","floor":33.0,"turns":3.0},{"damage":0.0,"enemies":"3 Darklings","floor":35.0,"turns":2.0},{"damage":0.0,"enemies":"3 Shapes","floor":38.0,"turns":2.0},{"damage":4.0,"enemies":"Jaw Worm Horde","floor":39.0,"turns":2.0},{"damage":0.0,"enemies":"Reptomancer","floor":41.0,"turns":1.0},{"damage":0,"enemies":"Writhing Mass","floor":47,"turns":1},{"damage":0,"enemies":"4 Shapes","floor":48,"turns":2},{"damage":24,"enemies":"Donu and Deca","floor":50,"turns":3}],"seed_played":"3523290589944034342","potions_obtained":[{"floor":2.0,"key":"LiquidBronze"},{"floor":16.0,"key":"ColorlessPotion"},{"floor":24.0,"key":"Ancient Potion"},{"floor":38.0,"key":"Regen Potion"},{"floor":47,"key":"LiquidBronze"}],"is_trial":false,"path_per_floor":["M","M","$","?","?","M","?","$","T","R","M","R","M","$","R","B",null,"M","?","?","?","$","E","M","E","T","M","$","M","R","$","R","B",null,"M","?","?","M","M","R","E","$","T","R","?","$","M","M","R","B",null],"character_chosen":"DEFECT","items_purchased":["Hologram","Orrery","Stack","Gash","Conserve Battery","Cold Snap","DollysMirror","White Noise","Gash","Turbo","Streamline","Compile Driver","Sweeping Beam","Lee\u0027s Waffle","Unceasing Top","Shuriken","Rip and Tear","Cold Snap","Fission","Hologram","Loop","Purity","Sadistic Nature","Beam Cell","Coolheaded","Gash","Leap"],"campfire_rested":0,"item_purchase_floors":[3,8,14,14,14,14,22,22,22,28,28,28,31,42,42,42,42,42,42,42,42,42,42,46,46,46,46],"current_hp_per_floor":[75,75,75,75,57,57,57,57,57,57,57,57,61,61,61,46,75,75,75,75,75,75,75,75,75,75,75,75,75,75,75,75,53,75,75,75,75,75,71,71,71,82,82,82,82,82,82,82,82,58],"gold":70,"neow_bonus":"","is_daily":true,"chose_seed":false,"campfire_upgraded":5,"win_rate":0.0,"timestamp":1614244856,"path_taken":["M","M","$","?","?","M","?","?","T","R","M","R","M","$","R","BOSS","M","?","?","?","$","E","M","E","T","M","$","M","R","?","R","BOSS","M","?","?","?","M","R","E","$","T","R","?","$","?","M","R","BOSS"],"items_purchased_type":["Card","Relic","Card","Card","Card","Card","Relic","Card","Card","Card","Card","Card","Card","Relic","Relic","Relic","Card","Card","Card","Card","Card","Card","Card","Card","Card","Card","Card"],"build_version":"2020-12-22","purchased_purges":0,"victory":true,"max_hp_per_floor":[75,75,75,75,75,75,75,75,75,75,75,75,75,75,75,75,75,75,75,75,75,75,75,75,75,75,75,75,75,75,75,75,75,75,75,75,75,75,75,75,75,82,82,82,82,82,82,82,82,82],"card_choices":[{"not_picked":["Undo","Redo"],"picked":"Conserve Battery","floor":1.0},{"not_picked":["Barrage","Hologram"],"picked":"Gash","floor":2.0},{"not_picked":["Hologram","Tempest"],"picked":"Barrage","floor":6.0},{"not_picked":["Coolheaded","Multi-Cast"],"picked":"Gash","floor":8.0},{"not_picked":["Force Field","Streamline"],"picked":"Conserve Battery","floor":8.0},{"not_picked":["Rebound","Sadistic Nature"],"picked":"Streamline","floor":8.0},{"not_picked":["Ball Lightning","Panacea"],"picked":"Gash","floor":8.0},{"not_picked":["Barrage","Sweeping Beam"],"picked":"Cold Snap","floor":8.0},{"not_picked":["Force Field","Sweeping Beam"],"picked":"Ball Lightning","floor":11.0},{"not_picked":["Sweeping Beam","Compile Driver"],"picked":"Beam Cell","floor":13.0},{"not_picked":["Buffer","Seek"],"picked":"All For One","floor":16.0},{"not_picked":[],"picked":"Streamline+1","floor":18.0},{"not_picked":[],"picked":"Darkness+1","floor":23.0},{"not_picked":[],"picked":"Gash","floor":24.0},{"not_picked":[],"picked":"Genetic Algorithm","floor":25.0},{"not_picked":[],"picked":"Storm","floor":27.0},{"not_picked":[],"picked":"Cold Snap","floor":29.0},{"not_picked":[],"picked":"Panache","floor":33.0},{"not_picked":[],"picked":"Redo","floor":35.0},{"not_picked":[],"picked":"Barrage","floor":38.0},{"not_picked":[],"picked":"Sweeping Beam+1","floor":39.0},{"not_picked":[],"picked":"Jack Of All Trades+1","floor":41.0},{"not_picked":[],"picked":"Streamline+1","floor":47},{"not_picked":[],"picked":"Static Discharge","floor":48}],"player_experience":1195908,"relics_obtained":[{"floor":9.0,"key":"Pantograph"},{"floor":23.0,"key":"MealTicket"},{"floor":25.0,"key":"Centennial Puzzle"},{"floor":26.0,"key":"Bottled Flame"},{"floor":41.0,"key":"Oddly Smooth Stone"},{"floor":43.0,"key":"TungstenRod"}],"event_choices":[{"damage_healed":0.0,"max_hp_gain":0.0,"max_hp_loss":0.0,"gold_gain":175.0,"event_name":"betterThird:BetterSerpent","player_choice":"AGREE","floor":4.0,"gold_loss":0.0,"damage_taken":104.0},{"damage_healed":0.0,"max_hp_gain":0.0,"max_hp_loss":0.0,"gold_gain":0.0,"event_name":"Golden Idol","player_choice":"Take Damage","floor":5.0,"gold_loss":0.0,"damage_taken":18.0,"relics_obtained":["Golden Idol"]},{"damage_healed":0.0,"max_hp_gain":0.0,"max_hp_loss":0.0,"gold_gain":0.0,"event_name":"Dead Adventurer","player_choice":"Searched \u00272\u0027 times","floor":7.0,"gold_loss":0.0,"damage_taken":0.0,"relics_obtained":["Girya"]},{"damage_healed":0.0,"max_hp_gain":0.0,"max_hp_loss":0.0,"gold_gain":0.0,"event_name":"Ghosts","player_choice":"Ignored","floor":19.0,"gold_loss":0.0,"damage_taken":0.0},{"damage_healed":0.0,"max_hp_gain":0.0,"max_hp_loss":0.0,"gold_gain":0.0,"event_name":"Drug Dealer","player_choice":"Inject Mutagens","floor":20.0,"gold_loss":0.0,"damage_taken":0.0,"relics_obtained":["MutagenicStrength"]},{"damage_healed":0.0,"max_hp_gain":0.0,"max_hp_loss":0.0,"gold_gain":99.0,"event_name":"betterThird:BetterNest","player_choice":"Steal","floor":21.0,"gold_loss":0.0,"damage_taken":0.0},{"damage_healed":0.0,"max_hp_gain":0.0,"max_hp_loss":0.0,"gold_gain":999.0,"event_name":"MindBloom","player_choice":"Gold","floor":36.0,"gold_loss":0.0,"damage_taken":0.0,"cards_obtained":["Normality","Normality"]},{"damage_healed":0.0,"max_hp_gain":0.0,"max_hp_loss":0.0,"gold_gain":275.0,"event_name":"Golden Shrine","player_choice":"Desecrate","floor":37.0,"gold_loss":0.0,"damage_taken":0.0,"cards_obtained":["Regret"]},{"damage_healed":0,"gold_gain":0,"player_choice":"Copied","damage_taken":0,"max_hp_gain":0,"max_hp_loss":0,"event_name":"Duplicator","floor":45,"gold_loss":0,"cards_obtained":["Mind Blast"]}],"is_beta":false,"boss_relics":[{"not_picked":["Tiny House","Calling Bell"],"picked":"Busted Crown"},{"not_picked":["Runic Pyramid","Astrolabe"],"picked":"Nuclear Battery"}],"items_purged_floors":[],"is_endless":false,"potions_floor_spawned":[2,16,24,38,47],"ascension_level":0}}