{"host":"6lme9gmrtv3g6npf","time":1614223738,"event":{"mods":["BaseMod","Better Third Choice","Minty Spire (QoL Compilation)","Rare Cards Sparkle","Slay-I","StSLib","egg"],"gold_per_floor":[109,35,35,52,67,99,119,119,193,193,204,204,223,223,223,326,326,343,258,183,203,105,105,105],"floor_reached":23,"language":"ENG","playtime":1008,"items_purged":["Strike_P"],"score":265,"play_id":"2aad21e7-1773-475f-bc87-ef33be89a927","local_time":"20210225002858","is_ascension_mode":true,"campfire_choices":[{"data":"Eruption","floor":8,"key":"SMITH"},{"floor":10,"key":"REST"},{"floor":12,"key":"REST"},{"floor":15,"key":"REST"}],"circlet_count":0,"master_deck":["Strike_P","Strike_P","Defend_P","Defend_P","Defend_P","Defend_P","Eruption+1","Vigilance","Fasting2","SashWhip","Halt"],"relics":["Busted Crown","Du-Vu Doll","Eternal Feather","Lantern","Sozu","Bag of Marbles"],"acts_visited":["Exordium","TheCity"],"potions_floor_usage":[16,16,18],"damage_taken":[{"damage":0,"enemies":"Cultist","floor":1,"turns":3},{"damage":0,"enemies":"Small Slimes","floor":4,"turns":3},{"damage":0,"enemies":"Jaw Worm","floor":5,"turns":3},{"damage":46,"enemies":"Lagavulin","floor":6,"turns":6},{"damage":0,"enemies":"Blue Slaver","floor":7,"turns":6},{"damage":3,"enemies":"Looter","floor":11,"turns":4},{"damage":9,"enemies":"Gremlin Gang","floor":13,"turns":5},{"damage":0,"enemies":"Slime Boss","floor":16,"turns":7},{"damage":21,"enemies":"3 Byrds","floor":18,"turns":4},{"damage":9,"enemies":"2 Thieves","floor":21,"turns":3},{"damage":44,"enemies":"Slavers","floor":23,"turns":4}],"seed_played":"-81735283467306312","potions_obtained":[{"floor":4,"key":"AttackPotion"},{"floor":5,"key":"StancePotion"},{"floor":7,"key":"FearPotion"},{"floor":11,"key":"Fire Potion"},{"floor":16,"key":"SneckoOil"}],"is_trial":false,"path_per_floor":["M","$","?","M","M","E","M","R","T","R","M","R","M","?","R","B",null,"M","?","?","M","$","E"],"character_chosen":"WATCHER","items_purchased":["Fasting2","Halt"],"campfire_rested":3,"item_purchase_floors":[2,22],"current_hp_per_floor":[72,72,65,65,65,19,19,19,19,46,43,70,61,43,70,70,72,51,51,51,42,42,0,0],"gold":105,"neow_bonus":"BOSS_RELIC","is_daily":false,"chose_seed":false,"campfire_upgraded":1,"win_rate":0.0,"timestamp":1614223738,"path_taken":["M","$","?","?","M","E","M","R","T","R","?","R","M","?","R","BOSS","M","?","?","M","$","E"],"items_purchased_type":["Card","Card"],"build_version":"2020-12-22","purchased_purges":1,"victory":false,"max_hp_per_floor":[72,72,72,72,72,72,72,72,72,72,72,72,72,72,72,72,72,72,72,72,72,72,72,72],"card_choices":[{"not_picked":["FlurryOfBlows"],"picked":"SKIP","floor":1},{"not_picked":["WindmillStrike"],"picked":"SKIP","floor":4},{"not_picked":["Protect"],"picked":"SKIP","floor":5},{"not_picked":["Nirvana"],"picked":"SKIP","floor":6},{"not_picked":["WindmillStrike"],"picked":"SKIP","floor":7},{"not_picked":[],"picked":"SashWhip","floor":11},{"not_picked":["Devotion"],"picked":"SKIP","floor":13},{"not_picked":["Prostrate"],"picked":"SKIP","floor":18},{"not_picked":["Collect+1"],"picked":"SKIP","floor":21}],"player_experience":170718,"relics_obtained":[{"floor":6,"key":"Du-Vu Doll"},{"floor":9,"key":"Eternal Feather"}],"event_choices":[{"damage_healed":0,"gold_gain":0,"player_choice":"Damaged","damage_taken":7,"max_hp_gain":0,"max_hp_loss":0,"event_name":"Wheel of Change","floor":3,"gold_loss":0},{"damage_healed":0,"gold_gain":0,"player_choice":"Relic ","damage_taken":18,"max_hp_gain":0,"max_hp_loss":0,"event_name":"betterThird:BetterScrap","floor":14,"gold_loss":0,"cards_obtained":["Offering"]},{"damage_healed":0,"gold_gain":0,"player_choice":"Obtained Relic","damage_taken":0,"relics_obtained":["Bag of Marbles"],"max_hp_gain":0,"max_hp_loss":0,"event_name":"Addict","floor":19,"gold_loss":85},{"cards_removed":["Strike_P"],"damage_healed":0,"gold_gain":0,"player_choice":"Gave Gold","damage_taken":0,"max_hp_gain":0,"max_hp_loss":0,"event_name":"Beggar","floor":20,"gold_loss":75}],"is_beta":false,"boss_relics":[{"not_picked":["Tiny House","VioletLotus"],"picked":"Sozu"}],"items_purged_floors":[22],"is_endless":false,"potions_floor_spawned":[4,5,7,11,16,21],"killed_by":"Slavers","ascension_level":2}}