{"host":"5tnftuc8o0gay6lt","time":1614260524,"event":{"mods":["BaseMod","BetterRewards","Conspire","Marisa£®ÏF”Í°°ƒß¿Ì…≥£©","Minty Spire (QoL Compilation)","Permanent Neow","Relic Filter Mod","Spicy Shops","StSLib","The Runesmith","Youmu£®ªÍ∆«—˝√Œ£©","°æ“≈ŒÔø®≈∆°øREMEMod"],"gold_per_floor":[113,213,224,224,243,243,16,16,70,70,102,102,102,138,138,236,236,247,258,258,358,378,378,391,425,473,488,488,488,499,499,499],"floor_reached":31,"language":"ZHS","playtime":11189,"items_purged":["Runesmith:Defend_RS"],"score":253,"play_id":"e5a800a7-52b5-4fd5-a68a-43ae07e22335","local_time":"20210225214204","is_ascension_mode":false,"campfire_choices":[{"data":"Runesmith:PoweredAnvil","floor":6,"key":"SMITH"},{"data":"Runesmith:Fortify","floor":8,"key":"SMITH"},{"data":"Runesmith:CraftFirestone","floor":10,"key":"SMITH"},{"data":"Runesmith:DoubleUp","floor":13,"key":"SMITH"},{"data":"Runesmith:Firestorm","floor":15,"key":"SMITH"},{"data":"Runesmith:FieryHammer+1","floor":23,"key":"SMITH"},{"data":"Runesmith:FieryHammer+2","floor":29,"key":"SMITH"}],"circlet_count":0,"master_deck":["Runesmith:Strike_RS","Runesmith:Strike_RS","Runesmith:Strike_RS","Runesmith:Defend_RS","Runesmith:Defend_RS","Runesmith:Defend_RS","Runesmith:CraftFirestone+1","Runesmith:Fortify+1","Runesmith:ReplicatingBarrier","Runesmith:HeatExchange","Runesmith:EarthShield","Runesmith:DoubleUp+1","Runesmith:PoweredAnvil+1","Runesmith:Firestorm+1","Discovery","Runesmith:LightningRod","Runesmith:Permafrost","Runesmith:FieryHammer+3","Runesmith:OneForEveryone+1","Runesmith:OneForEveryone","Runesmith:OneForEveryone+1"],"relics":["Runesmith:BrokenRuby","REME_ComplimentaryCards","Runesmith:Locket","Regal Pillow","Nunchaku","Anchor","Turnip","Runic Dome","Nilry\u0027s Codex","Potion Belt","Strawberry","Dream Catcher"],"acts_visited":["Exordium","TheCity"],"potions_floor_usage":[],"damage_taken":[{"damage":0,"enemies":"conspire:RoseBush","floor":1,"turns":3},{"damage":0,"enemies":"Cultist","floor":3,"turns":3},{"damage":0,"enemies":"Small Slimes","floor":5,"turns":4},{"damage":5,"enemies":"Lagavulin","floor":11,"turns":9},{"damage":9,"enemies":"conspire:MimicChest","floor":14,"turns":8},{"damage":2,"enemies":"Slime Boss","floor":16,"turns":8},{"damage":19,"enemies":"3 Byrds","floor":18,"turns":4},{"damage":4,"enemies":"Shell Parasite","floor":19,"turns":7},{"damage":0,"enemies":"Snake Plant","floor":22,"turns":5},{"damage":11,"enemies":"Cultist and Chosen","floor":24,"turns":7},{"damage":11,"enemies":"Book of Stabbing","floor":25,"turns":7},{"damage":0,"enemies":"conspire:HollyBat","floor":27,"turns":6},{"damage":1,"enemies":"Snake Plant","floor":30,"turns":4},{"damage":8,"enemies":"conspire:Head Lice","floor":31,"turns":3}],"seed_played":"-8876059647215272761","potions_obtained":[{"floor":1,"key":"FearPotion"},{"floor":11,"key":"SpeedPotion"},{"floor":18,"key":"AttackPotion"},{"floor":27,"key":"Energy Potion"},{"floor":30,"key":"LiquidBronze"}],"is_trial":false,"path_per_floor":["M","?","M","?","M","R","$","R","T","R","E","?","R","?","R","B",null,"M","M","?","?","M","R","M","E","T","M","?","R","M","E"],"character_chosen":"RUNESMITH_CLASS","items_purchased":["Runesmith:Locket"],"campfire_rested":0,"item_purchase_floors":[7],"current_hp_per_floor":[63,63,63,63,63,63,63,63,63,63,58,40,40,31,31,29,63,44,40,24,24,24,24,13,2,9,9,9,9,8,0,0],"gold":499,"neow_bonus":"THREE_RARE_CARDS","is_daily":false,"chose_seed":false,"campfire_upgraded":7,"win_rate":0.0,"timestamp":1614260524,"path_taken":["M","?","?","?","?","R","$","R","T","R","E","?","R","?","R","BOSS","M","M","?","?","M","R","?","E","T","M","?","R","?","E"],"items_purchased_type":["Relic"],"build_version":"2020-12-22","purchased_purges":1,"victory":false,"max_hp_per_floor":[63,63,63,63,63,63,63,63,63,63,63,63,63,63,63,63,63,63,63,63,63,63,63,63,63,70,70,70,70,70,70,70],"card_choices":[{"not_picked":["Runesmith:CraftMedicinae","Runesmith:CraftIndustria"],"picked":"Runesmith:ReplicatingBarrier","floor":0},{"not_picked":["Runesmith:Malloc","Runesmith:CraftVitae"],"picked":"Runesmith:HeatExchange","floor":1},{"not_picked":["Runesmith:Retool","Runesmith:NegativeSpace"],"picked":"Runesmith:EarthShield","floor":3},{"not_picked":["Runesmith:BackupBattery","Runesmith:UnstableHammer"],"picked":"Runesmith:PoweredAnvil","floor":5},{"not_picked":["Runesmith:CraftMagma","Runesmith:MakeshiftArmor"],"picked":"Runesmith:Firestorm","floor":11},{"not_picked":["Runesmith:FissionHammer","Runesmith:GenerateForcefield"],"picked":"Runesmith:LightningRod","floor":16},{"not_picked":["Runesmith:Malloc","Runesmith:MakeshiftArmor"],"picked":"Runesmith:Permafrost","floor":18},{"not_picked":["Runesmith:Overpower","Runesmith:MakeshiftArmor"],"picked":"Runesmith:FieryHammer+1","floor":19},{"not_picked":["Runesmith:MakeshiftArmor","Runesmith:Grindstone","Runesmith:HeatedChisel"],"picked":"SKIP","floor":22},{"not_picked":["Runesmith:MakeshiftArmor","Runesmith:BackupBattery"],"picked":"Runesmith:OneForEveryone+1","floor":24},{"not_picked":["Runesmith:Terraform","Runesmith:CraftIndustria"],"picked":"Runesmith:OneForEveryone","floor":25},{"not_picked":["Runesmith:Prism+1","Runesmith:Grindstone"],"picked":"Runesmith:OneForEveryone+1","floor":27},{"not_picked":["Runesmith:FrozenChisel+1","Runesmith:Permafrost+1","Runesmith:Superposition"],"picked":"SKIP","floor":30}],"player_experience":599214,"relics_obtained":[{"floor":9,"key":"Regal Pillow"},{"floor":11,"key":"Nunchaku"},{"floor":14,"key":"Turnip"},{"floor":20,"key":"Nilry\u0027s Codex"},{"floor":25,"key":"Potion Belt"},{"floor":26,"key":"Strawberry"}],"event_choices":[{"damage_healed":0,"gold_gain":100,"player_choice":"Pray","damage_taken":0,"max_hp_gain":0,"max_hp_loss":0,"event_name":"Golden Shrine","floor":2,"gold_loss":0},{"damage_healed":0,"gold_gain":0,"cards_transformed":["Runesmith:Strike_RS"],"player_choice":"Transformed","damage_taken":0,"max_hp_gain":0,"max_hp_loss":0,"event_name":"Transmorgrifier","floor":4,"gold_loss":0,"cards_obtained":["Runesmith:DoubleUp"]},{"damage_healed":0,"gold_gain":0,"player_choice":"Success","damage_taken":18,"relics_obtained":["Anchor"],"max_hp_gain":0,"max_hp_loss":0,"event_name":"Scrap Ooze","floor":12,"gold_loss":0},{"damage_healed":0,"gold_gain":0,"player_choice":"Obtained Book","damage_taken":16,"max_hp_gain":0,"max_hp_loss":0,"event_name":"Cursed Tome","floor":20,"gold_loss":0},{"damage_healed":0,"gold_gain":100,"player_choice":"Pray","damage_taken":0,"max_hp_gain":0,"max_hp_loss":0,"event_name":"Golden Shrine","floor":21,"gold_loss":0},{"damage_healed":0,"gold_gain":0,"player_choice":"Gave Potion","damage_taken":0,"relics_obtained":["Dream Catcher"],"max_hp_gain":0,"max_hp_loss":0,"event_name":"WeMeetAgain","floor":28,"gold_loss":0}],"is_beta":false,"boss_relics":[{"not_picked":["conspire:SpecialSausage","SlaversCollar"],"picked":"Runic Dome"}],"items_purged_floors":[7],"is_endless":false,"potions_floor_spawned":[1,11,18,24,27,30],"killed_by":"conspire:Head Lice","ascension_level":0}}