{"host":"y24pqu7jih1n8m3t","time":1614285100,"event":{"mods":["AchievementEnabler","BaseMod","Bestiary","Block Reminder","Colored Map","Colored Powertips","DeckTracker","Highlight Path","Minty Spire (QoL Compilation)","Permanent Neow","Quick Restart","Rare Cards Sparkle","Relic Stats"],"gold_per_floor":[111,128,145,158,12,38,54,84,107,107,107,31,59,73,73,169,169,180,82,96,96,107,107,120,120,145,162,181,181,181],"floor_reached":29,"language":"ENG","playtime":2283,"items_purged":["Defend_R"],"score":373,"play_id":"3c23c18f-5196-4e21-8c1f-a72442dda394","local_time":"20210225153140","is_ascension_mode":true,"campfire_choices":[{"data":"Corruption","floor":11,"key":"SMITH"},{"data":"Evolve","floor":15,"key":"SMITH"},{"floor":23,"key":"REST"},{"floor":25,"key":"RECALL"}],"circlet_count":0,"master_deck":["Strike_R","Strike_R","Strike_R","Strike_R+1","Strike_R+1","Defend_R","Defend_R","Defend_R","Bash","Offering","Shrug It Off","Spot Weakness","Flex","Corruption+1","Inflame","Evolve+1","Impervious","Bash","Perfected Strike","Double Tap","Power Through","Reckless Charge","Fiend Fire","Flame Barrier","Flex","Pommel Strike","Clothesline+1","Headbutt+1","Perfected Strike","Dropkick"],"relics":["Burning Blood","Strange Spoon","Peace Pipe","Art of War","Whetstone","Mark of Pain","Nloth\u0027s Gift"],"acts_visited":["Exordium","TheCity"],"potions_floor_usage":[6,8,22,22,28,29],"damage_taken":[{"damage":7,"enemies":"2 Louse","floor":1,"turns":3},{"damage":6,"enemies":"Cultist","floor":2,"turns":2},{"damage":8,"enemies":"Small Slimes","floor":3,"turns":3},{"damage":8,"enemies":"Blue Slaver","floor":4,"turns":3},{"damage":13,"enemies":"3 Sentries","floor":6,"turns":8},{"damage":3,"enemies":"2 Fungi Beasts","floor":7,"turns":4},{"damage":26,"enemies":"Lagavulin","floor":8,"turns":5},{"damage":6,"enemies":"Gremlin Nob","floor":13,"turns":2},{"damage":10,"enemies":"Gremlin Gang","floor":14,"turns":5},{"damage":6,"enemies":"Slime Boss","floor":16,"turns":5},{"damage":12,"enemies":"Chosen","floor":18,"turns":4},{"damage":20,"enemies":"Shell Parasite","floor":20,"turns":4},{"damage":28,"enemies":"Cultist and Chosen","floor":22,"turns":4},{"damage":20,"enemies":"Snecko","floor":24,"turns":5},{"damage":29,"enemies":"Centurion and Healer","floor":27,"turns":4},{"damage":6,"enemies":"3 Cultists","floor":28,"turns":6},{"damage":22,"enemies":"Slavers","floor":29,"turns":2}],"seed_played":"2275233485370188629","potions_obtained":[{"floor":2,"key":"Block Potion"},{"floor":3,"key":"HeartOfIron"},{"floor":4,"key":"Block Potion"},{"floor":7,"key":"DuplicationPotion"},{"floor":18,"key":"DistilledChaos"},{"floor":22,"key":"SteroidPotion"},{"floor":27,"key":"LiquidBronze"},{"floor":28,"key":"HeartOfIron"}],"is_trial":false,"path_per_floor":["M","M","M","M","$","E","M","E","T","?","R","$","E","M","R","B",null,"M","$","M","?","M","R","M","R","T","M","M","E"],"character_chosen":"IRONCLAD","items_purchased":["Strange Spoon","Double Tap","Flex"],"campfire_rested":1,"item_purchase_floors":[5,12,19],"current_hp_per_floor":[71,71,69,67,67,60,63,43,43,43,43,43,43,39,39,39,72,66,66,52,52,30,51,37,37,37,14,14,0,0],"gold":181,"neow_bonus":"THREE_RARE_CARDS","is_daily":false,"chose_seed":false,"campfire_upgraded":2,"win_rate":0.0,"timestamp":1614285100,"path_taken":["M","M","M","M","$","E","M","E","T","?","R","?","E","M","R","BOSS","M","$","M","?","M","R","M","R","T","?","?","E"],"items_purchased_type":["Relic","Card","Card"],"build_version":"2020-12-22","purchased_purges":1,"victory":false,"max_hp_per_floor":[72,72,72,72,72,72,72,72,72,72,72,72,72,72,72,72,72,72,72,72,72,72,72,72,72,72,72,72,72,72],"relic_stats":{"Peace Pipe":0,"Strange Spoon":[10],"counters":[17,69],"Art of War":[2],"Nloth\u0027s Gift":0,"Whetstone":["Strike_R","Strike_R"],"obtain_stats":[{"Peace Pipe":6,"Strange Spoon":5,"Mark of Pain":17,"Art of War":8,"Nloth\u0027s Gift":21,"Whetstone":9,"Burning Blood":0,"Red Skull":13},{"Peace Pipe":5,"Strange Spoon":4,"Mark of Pain":10,"Art of War":7,"Nloth\u0027s Gift":12,"Whetstone":7,"Burning Blood":0,"Red Skull":8},{"Peace Pipe":19,"Strange Spoon":11,"Mark of Pain":40,"Art of War":28,"Nloth\u0027s Gift":48,"Whetstone":28,"Burning Blood":0,"Red Skull":30}],"Burning Blood":96},"card_choices":[{"not_picked":["Berserk","Bludgeon"],"picked":"Offering","floor":0},{"not_picked":["Cleave","Sword Boomerang"],"picked":"Shrug It Off","floor":1},{"not_picked":["Shrug It Off","Thunderclap"],"picked":"Spot Weakness","floor":2},{"not_picked":["Evolve","Sever Soul"],"picked":"Flex","floor":3},{"not_picked":["Iron Wave","Thunderclap"],"picked":"Corruption","floor":4},{"not_picked":["Rupture","Pommel Strike"],"picked":"Inflame","floor":6},{"not_picked":["Perfected Strike","Blood for Blood"],"picked":"Evolve","floor":7},{"not_picked":["Disarm","Clash"],"picked":"Impervious","floor":8},{"not_picked":["Heavy Blade","Body Slam"],"picked":"Power Through","floor":13},{"not_picked":["Headbutt","Body Slam"],"picked":"Reckless Charge","floor":14},{"not_picked":["Exhume","Berserk"],"picked":"Fiend Fire","floor":16},{"not_picked":["Heavy Blade+1","Sword Boomerang"],"picked":"Flame Barrier","floor":18},{"not_picked":["Flex","Sword Boomerang+1"],"picked":"Pommel Strike","floor":20},{"not_picked":["Blood for Blood","Ghostly Armor"],"picked":"Clothesline+1","floor":22},{"not_picked":["Sever Soul+1","Armaments"],"picked":"Headbutt+1","floor":24},{"not_picked":["Disarm","Inflame"],"picked":"Perfected Strike","floor":27},{"not_picked":["Offering","Headbutt"],"picked":"Dropkick","floor":28}],"player_experience":217552,"relics_obtained":[{"floor":6,"key":"Peace Pipe"},{"floor":8,"key":"Art of War"},{"floor":9,"key":"Whetstone"},{"floor":13,"key":"Red Skull"}],"event_choices":[{"damage_healed":0,"gold_gain":0,"player_choice":"2 cards matched","damage_taken":0,"max_hp_gain":0,"max_hp_loss":0,"event_name":"Match and Keep!","floor":10,"gold_loss":0,"cards_obtained":["Bash","Perfected Strike"]},{"damage_healed":0,"gold_gain":0,"player_choice":"Traded Relic","damage_taken":0,"relics_obtained":["Nloth\u0027s Gift"],"max_hp_gain":0,"max_hp_loss":0,"event_name":"N\u0027loth","floor":21,"relics_lost":["Red Skull"],"gold_loss":0}],"is_beta":false,"boss_relics":[{"not_picked":["Astrolabe","SacredBark"],"picked":"Mark of Pain"}],"items_purged_floors":[19],"is_endless":false,"potions_floor_spawned":[2,3,4,7,18,22,27,28],"killed_by":"Slavers","ascension_level":3}}