{"host":"y9t3brv5y5t41vuj","time":1614261045,"event":{"mods":["AchievementEnabler","BaseMod","BetterRewards","Block Reminder","Colored Map","Colored Powertips","Conspire","Highlight Path","Hubris","Infinite Spire","Minty Spire (QoL Compilation)","Quick Restart","Replay The Spire","Shop Mod","StSLib","SuperFastMode","Unceasing Turn Reminder"],"gold_per_floor":[111,131,55,130,90,125,139,165,165,165,165,190,190,22,22,119,119,129,41,61,77,77,77],"floor_reached":22,"language":"ENG","playtime":520,"items_purged":["Strike_G","Strike_G"],"score":306,"play_id":"14f7ba18-711e-4321-8b91-d034cb49fd9f","local_time":"20210225145045","is_ascension_mode":true,"campfire_choices":[{"floor":11,"key":"REST"},{"floor":13,"key":"REST"},{"floor":15,"key":"REST"}],"circlet_count":0,"master_deck":["Strike_G","Strike_G","Strike_G","Defend_G","Defend_G","Defend_G","Defend_G","Defend_G","Survivor","Neutralize","Flying Knee","Backflip","Noxious Fumes","Prepared","Fluid Movement","Envenom","AbeCurse","Poisoned Stab","Caltrops","Prepared","Deflect+1","Prepared"],"relics":["Ring of the Snake","NeowsBlessing","ReplayTheSpireMod:CursedCoin","MerchantsRug","infinitespire:Golems Mask","Question Card","Mummified Hand","Replay:Rubber Ducky","Abe\u0027s Treasure"],"acts_visited":["Exordium","TheCity"],"potions_floor_usage":[7,8,12,12,16,21,22],"damage_taken":[{"damage":0,"enemies":"Cultist","floor":1,"turns":1},{"damage":0,"enemies":"2 Louse","floor":2,"turns":1},{"damage":0,"enemies":"Gremlin Nob","floor":6,"turns":1},{"damage":0,"enemies":"Jaw Worm","floor":7,"turns":3},{"damage":27,"enemies":"3 Sentries","floor":8,"turns":9},{"damage":40,"enemies":"Gremlin Nob","floor":12,"turns":5},{"damage":59,"enemies":"Slime Boss","floor":16,"turns":13},{"damage":31,"enemies":"3 Byrds","floor":18,"turns":6},{"damage":11,"enemies":"Shell Parasite","floor":20,"turns":6},{"damage":8,"enemies":"Shelled Parasite and Fungi","floor":21,"turns":7},{"damage":12,"enemies":"Snecko","floor":22,"turns":3}],"seed_played":"669097082574890902","potions_obtained":[{"floor":5,"key":"CunningPotion"},{"floor":5,"key":"Regen Potion"},{"floor":5,"key":"Block Potion"},{"floor":8,"key":"BlessingOfTheForge"},{"floor":12,"key":"DuplicationPotion"},{"floor":16,"key":"Death Potion"},{"floor":20,"key":"Flashbang"}],"is_trial":false,"path_per_floor":["M","M","$","?","?","E","M","E","T","?","R","E","R","$","R","B",null,"M","$","M","M","M"],"character_chosen":"THE_SILENT","items_purchased":["ReplayTheSpireMod:CursedCoin","MerchantsRug","Fluid Movement","Caltrops","Prepared"],"campfire_rested":3,"item_purchase_floors":[3,3,14,19,19],"current_hp_per_floor":[63,63,63,52,52,52,52,25,25,25,46,20,41,41,62,3,53,22,22,11,3,0,0],"gold":77,"neow_bonus":"THREE_ENEMY_KILL","is_daily":false,"chose_seed":false,"campfire_upgraded":0,"win_rate":0.0,"timestamp":1614261045,"path_taken":["M","?","$","?","?","E","?","E","T","?","R","E","R","?","R","BOSS","M","$","M","M","M"],"items_purchased_type":["Relic","Relic","Card","Card","Card"],"build_version":"2020-12-22","purchased_purges":2,"victory":false,"max_hp_per_floor":[70,70,70,70,70,70,70,70,70,70,70,70,70,70,70,70,70,70,70,70,70,70,70],"card_choices":[{"not_picked":["Acrobatics","Masterful Stab"],"picked":"Flying Knee","floor":1},{"not_picked":["PiercingWail","Deflect"],"picked":"Backflip","floor":2},{"not_picked":["Quick Slash","Dagger Throw","Sucker Punch"],"picked":"SKIP","floor":6},{"not_picked":["Poisoned Stab","Deflect"],"picked":"Noxious Fumes","floor":7},{"not_picked":["Acrobatics","Die Die Die"],"picked":"Prepared","floor":8},{"not_picked":["PiercingWail","hubris:SlightOfHand","Blur","ReplayTheSpireMod:Necrosis"],"picked":"SKIP","floor":12},{"not_picked":["After Image","Bullet Time","Night Terror"],"picked":"Envenom","floor":16},{"not_picked":["Flying Knee","Cloak And Dagger","Deadly Poison+1"],"picked":"Poisoned Stab","floor":18},{"not_picked":["Flying Knee","Slice+1","Replay:Bag of Tricks"],"picked":"Deflect+1","floor":20},{"not_picked":["hubris:SlightOfHand","Flying Knee","Slice"],"picked":"Prepared","floor":21}],"player_experience":560159,"relics_obtained":[{"floor":6,"key":"infinitespire:Golems Mask"},{"floor":8,"key":"Question Card"},{"floor":9,"key":"Mummified Hand"},{"floor":12,"key":"Replay:Rubber Ducky"}],"event_choices":[{"damage_healed":0,"gold_gain":75,"player_choice":"Gather Gold","damage_taken":11,"max_hp_gain":0,"max_hp_loss":0,"event_name":"World of Goop","floor":4,"gold_loss":0},{"damage_healed":0,"gold_gain":0,"player_choice":"Bought 3 Potions","damage_taken":0,"max_hp_gain":0,"max_hp_loss":0,"event_name":"The Woman in Blue","floor":5,"gold_loss":0},{"cards_removed":["hubris:Gluttony"],"damage_healed":0,"gold_gain":0,"player_choice":"Removed Curses","damage_taken":0,"max_hp_gain":0,"max_hp_loss":0,"event_name":"Fountain of Cleansing","floor":10,"gold_loss":0}],"is_beta":false,"boss_relics":[{"not_picked":["Runic Dome","Snecko Eye"],"picked":"Abe\u0027s Treasure"}],"items_purged_floors":[3,14],"is_endless":false,"potions_floor_spawned":[6,8,12,16,20],"killed_by":"Snecko","ascension_level":7}}