{"host":"dowi7cgbhepuzvpj","time":1614240376,"event":{"mods":["AchievementEnabler","BaseMod","Colored Map","Keyboard Shortcuts","Minty Spire (QoL Compilation)","Permanent Neow","Quick Restart","StSLib","SuperFastMode"],"gold_per_floor":[112,126,126,106,122,122,157,173,173,199,212,227,227,227,227,326,326,339,362,383,136,61,61,61],"floor_reached":23,"language":"KOR","playtime":771,"items_purged":["Strike_P"],"score":443,"play_id":"068e7692-28ca-4fb0-bfb8-2fab107a82af","local_time":"20210225170616","is_ascension_mode":true,"campfire_choices":[{"data":"Eruption","floor":6.0,"key":"SMITH"},{"data":"CutThroughFate","floor":13.0,"key":"SMITH"},{"floor":15.0,"key":"REST"}],"circlet_count":0,"master_deck":["AscendersBane","Defend_P","Defend_P","Defend_P","Eruption+1","Vigilance","Conclude","SashWhip","EmptyFist","FollowUp","FearNoEvil","Halt","LikeWater+1","FlurryOfBlows","CutThroughFate+1","MasterReality+1","MentalFortress+1","Perseverance","Magnetism+1"],"relics":["PureWater","Frozen Egg 2","Ginger","Gambling Chip","Golden Idol","SlaversCollar"],"acts_visited":["Exordium","TheCity"],"potions_floor_usage":[],"damage_taken":[{"damage":0.0,"enemies":"2 Louse","floor":1.0,"turns":2.0},{"damage":0.0,"enemies":"Small Slimes","floor":2.0,"turns":2.0},{"damage":0.0,"enemies":"Cultist","floor":5.0,"turns":2.0},{"damage":7.0,"enemies":"Lagavulin","floor":7.0,"turns":4.0},{"damage":0.0,"enemies":"3 Louse","floor":8.0,"turns":2.0},{"damage":22.0,"enemies":"3 Sentries","floor":10.0,"turns":7.0},{"damage":1.0,"enemies":"Looter","floor":11.0,"turns":4.0},{"damage":0.0,"enemies":"Blue Slaver","floor":12.0,"turns":2.0},{"damage":0.0,"enemies":"Slime Boss","floor":16.0,"turns":5.0},{"damage":11.0,"enemies":"Shell Parasite","floor":18.0,"turns":5.0},{"damage":21.0,"enemies":"3 Byrds","floor":19.0,"turns":6.0},{"damage":0.0,"enemies":"Cultist and Chosen","floor":20.0,"turns":6.0},{"damage":0,"enemies":"Gremlin Leader","floor":23,"turns":1}],"seed_played":"-4518850306137512776","potions_obtained":[{"floor":2.0,"key":"SteroidPotion"},{"floor":4.0,"key":"SneckoOil"},{"floor":8.0,"key":"DuplicationPotion"},{"floor":20.0,"key":"FearPotion"}],"is_trial":false,"path_per_floor":["M","M","?","?","M","R","E","M","T","E","M","M","R","?","R","B",null,"M","M","M","$","?","E"],"character_chosen":"WATCHER","items_purchased":["Magnetism+1"],"campfire_rested":1,"item_purchase_floors":[21],"current_hp_per_floor":[61,61,54,54,54,54,47,47,47,25,24,24,24,3,21,21,52,41,20,20,20,20,20,20],"gold":61,"neow_bonus":"TRANSFORM_TWO_CARDS","is_daily":false,"chose_seed":false,"campfire_upgraded":2,"win_rate":0.0,"timestamp":1614240376,"path_taken":["M","M","?","?","M","R","E","M","T","E","M","?","R","?","R","BOSS","M","M","M","$","?","E"],"items_purchased_type":["Card"],"build_version":"2020-12-22","purchased_purges":1,"victory":false,"max_hp_per_floor":[62,62,62,62,62,62,62,62,62,62,62,62,62,62,62,62,62,62,62,62,62,62,62,62],"card_choices":[{"not_picked":["JustLucky","FlyingSleeves"],"picked":"EmptyFist","floor":1.0},{"not_picked":["WreathOfFlame","Conclude"],"picked":"FollowUp","floor":2.0},{"not_picked":["Protect","FlyingSleeves","WreathOfFlame"],"picked":"SKIP","floor":5.0},{"not_picked":["MasterReality+1","Protect"],"picked":"FearNoEvil","floor":7.0},{"not_picked":["ThirdEye","CutThroughFate"],"picked":"Halt","floor":8.0},{"not_picked":["Collect","Meditate"],"picked":"LikeWater+1","floor":10.0},{"not_picked":["BowlingBash","DevaForm+1"],"picked":"FlurryOfBlows","floor":11.0},{"not_picked":["FollowUp","Fasting2+1"],"picked":"CutThroughFate","floor":12.0},{"not_picked":["Blasphemy","SpiritShield"],"picked":"MasterReality+1","floor":16.0},{"not_picked":["Perseverance","Tantrum"],"picked":"MentalFortress+1","floor":18.0},{"not_picked":["Fasting2+1","Halt","EmptyFist"],"picked":"SKIP","floor":19.0},{"not_picked":["BowlingBash+1","Evaluate"],"picked":"Perseverance","floor":20.0}],"player_experience":907878,"relics_obtained":[{"floor":7.0,"key":"Frozen Egg 2"},{"floor":9.0,"key":"Ginger"},{"floor":10.0,"key":"Gambling Chip"}],"event_choices":[{"cards_removed":["Strike_P"],"damage_healed":0.0,"max_hp_gain":0.0,"max_hp_loss":0.0,"gold_gain":0.0,"event_name":"Golden Wing","player_choice":"Card Removal","floor":3.0,"gold_loss":0.0,"damage_taken":7.0},{"damage_healed":0.0,"max_hp_gain":0.0,"max_hp_loss":0.0,"gold_gain":0.0,"event_name":"The Woman in Blue","player_choice":"Bought 1 Potion","floor":4.0,"gold_loss":0.0,"damage_taken":0.0},{"damage_healed":0.0,"max_hp_gain":0.0,"max_hp_loss":0.0,"gold_gain":0.0,"event_name":"Golden Idol","player_choice":"Take Damage","floor":14.0,"gold_loss":0.0,"damage_taken":21.0,"relics_obtained":["Golden Idol"]},{"cards_removed":["Strike_P"],"damage_healed":0.0,"max_hp_gain":0.0,"max_hp_loss":0.0,"gold_gain":0.0,"event_name":"Beggar","player_choice":"Gave Gold","floor":22.0,"gold_loss":75.0,"damage_taken":0.0}],"is_beta":false,"boss_relics":[{"not_picked":["SacredBark","Velvet Choker"],"picked":"SlaversCollar"}],"items_purged_floors":[21],"is_endless":false,"potions_floor_spawned":[2,8,20],"killed_by":"Gremlin Leader","ascension_level":15}}