{"host":"zksvs3x2ysy9npnz","time":1614286844,"event":{"mods":["Aspiration","BaseMod","Beaked The Cultist","BetterRewards","Clockwork Mod","Colored Map","Conspire","Downfall","Halation","Highlight Path","Hubris","Infinite Spire","Jedi Mod","Magitek Elite","Minty Spire (QoL Compilation)","Permanent Neow","Quick Restart","Relic Stats","Shop Mod","StSLib","The Runesmith","The Witch"],"gold_per_floor":[117,27,27,127,145,145,179,179,206,206,221,232,40,60,60,162,162,177,208,223,243,255,255,283,330,330,360,390,402,428,440,452,464,464,464],"floor_reached":33,"language":"FRA","playtime":8108,"items_purged":[],"score":353,"play_id":"d482aa4b-b9f5-4428-8371-164d584e6880","local_time":"20210225220044","is_ascension_mode":true,"campfire_choices":[{"data":"jedi:forcepull","floor":6,"key":"SMITH"},{"data":"Good Instincts","floor":8,"key":"SMITH"},{"data":"hexamod:Sear","floor":10,"key":"SMITH"},{"data":"hexamod:SwordOfDarkness","floor":15,"key":"SMITH"},{"data":"hexamod:GhostOfSpireFuture","floor":23,"key":"SMITH"},{"floor":29,"key":"REST"},{"floor":32,"key":"REST"}],"circlet_count":0,"master_deck":["hexamod:Strike","hexamod:Strike+1","hexamod:Strike+1","hexamod:Strike","hexamod:Defend","hexamod:Defend","hexamod:Defend","hexamod:Defend","hexamod:Sear+1","hexamod:Float","jedi:forcepull+1","hexamod:ShieldOfDarkness","Good Instincts+1","hexamod:RecurringNightmare","hexamod:ChargedBarrage","hexamod:SwordOfDarkness+1","hexamod:Hexaguard","hexamod:Hexaguard","hexamod:TimeWarp","hexamod:Hexaguard","hexamod:PowerFromBeyond+1","hexamod:RecurringNightmare+1","hexamod:GhostOfSpireFuture+1","hexamod:RainOfEmbers","hexamod:Again","hexamod:SwordOfDarkness","hexamod:AdvancingGuard","downfall:Bewildered"],"relics":["hexamod:SpiritBrand","Blue Candle","Ribbon","Tiny Chest","Nunchaku","hexamod:IceCube","Red Mask","Whetstone","Pen Nib","MawBank","sneckomod:BabySnecko"],"acts_visited":["Exordium","TheCity"],"potions_floor_usage":[7,16,16,19,33],"damage_taken":[{"damage":0,"enemies":"2 Louse","floor":1,"turns":2},{"damage":0,"enemies":"Cultist","floor":5,"turns":3},{"damage":0,"enemies":"Gremlin Nob","floor":7,"turns":3},{"damage":0,"enemies":"Small Slimes","floor":11,"turns":4},{"damage":0,"enemies":"2 Fungi Beasts","floor":12,"turns":4},{"damage":0,"enemies":"Exordium Wildlife","floor":14,"turns":5},{"damage":26,"enemies":"The Guardian","floor":16,"turns":14},{"damage":9,"enemies":"3 Byrds","floor":18,"turns":6},{"damage":7,"enemies":"Masked Bandits","floor":19,"turns":5},{"damage":0,"enemies":"2 Thieves","floor":20,"turns":5},{"damage":0,"enemies":"Centurion and Healer","floor":21,"turns":7},{"damage":4,"enemies":"conspire:HollyBat","floor":22,"turns":7},{"damage":26,"enemies":"conspire:SneckoGhost","floor":24,"turns":7},{"damage":13,"enemies":"Snake Plant","floor":27,"turns":3},{"damage":2,"enemies":"Sentry and Sphere","floor":28,"turns":6},{"damage":2,"enemies":"Centurion and Healer","floor":30,"turns":6},{"damage":54,"enemies":"Automaton","floor":33,"turns":8}],"seed_played":"2312637971461713114","potions_obtained":[{"floor":1,"key":"champ:CounterPotion"},{"floor":7,"key":"GamblersBrew"},{"floor":14,"key":"bronze:BurnAndBuffPotion"},{"floor":18,"key":"Explosive Potion"},{"floor":19,"key":"FearPotion"},{"floor":20,"key":"LiquidBronze"},{"floor":21,"key":"FearPotion"},{"floor":28,"key":"champ:CounterPotion"}],"is_trial":false,"path_per_floor":["M","$","?","?","M","R","E","R","T","R","M","M","$","M","R","B",null,"M","?","M","M","M","R","E","T","T","M","M","R","M","?","R","B"],"character_chosen":"THE_SPIRIT","items_purchased":["Good Instincts","Nunchaku","hexamod:Hexaguard"],"campfire_rested":2,"item_purchase_floors":[2,13,13],"current_hp_per_floor":[70,70,65,65,65,65,65,65,65,65,65,65,65,65,65,39,70,61,54,54,54,50,50,24,24,24,11,9,30,28,28,49,0,0,0],"gold":464,"neow_bonus":"RANDOM_COLORLESS","is_daily":false,"chose_seed":false,"campfire_upgraded":5,"win_rate":0.0,"timestamp":1614286844,"path_taken":["M","$","?","?","M","R","E","R","T","R","M","?","?","M","R","BOSS","M","?","M","M","M","R","E","?","T","M","?","R","M","?","R","BOSS"],"items_purchased_type":["Card","Relic","Card"],"build_version":"2020-12-22","purchased_purges":0,"victory":false,"max_hp_per_floor":[70,70,70,70,70,70,70,70,70,70,70,70,70,70,70,70,70,70,70,70,70,70,70,70,70,70,70,70,70,70,70,70,70,70,70],"relic_stats":{"Nunchaku":[13],"counters":[17,95],"Blue Candle":[1],"Tiny Chest":1,"Pen Nib":[4],"Whetstone":["hexamod:Strike","hexamod:Strike"],"MawBank":84,"obtain_stats":[{"sneckomod:BabySnecko":31,"Nunchaku":13,"Ribbon":7,"Blue Candle":3,"Tiny Chest":9,"Pen Nib":25,"Red Mask":19,"Whetstone":24,"MawBank":26,"hexamod:SpiritBrand":0,"hexamod:IceCube":17},{"sneckomod:BabySnecko":16,"Nunchaku":5,"Ribbon":3,"Blue Candle":1,"Tiny Chest":3,"Pen Nib":13,"Red Mask":9,"Whetstone":13,"MawBank":13,"hexamod:SpiritBrand":0,"hexamod:IceCube":7},{"sneckomod:BabySnecko":87,"Nunchaku":16,"Ribbon":8,"Blue Candle":2,"Tiny Chest":8,"Pen Nib":72,"Red Mask":46,"Whetstone":72,"MawBank":72,"hexamod:SpiritBrand":0,"hexamod:IceCube":35}]},"card_choices":[{"not_picked":["Impatience","Discovery"],"picked":"jedi:forcepull","floor":0},{"not_picked":["hexamod:AdvancingGuard","hexamod:BurningTouch"],"picked":"hexamod:ShieldOfDarkness","floor":1},{"not_picked":["hexamod:SpectersWail","hexamod:Firestarter"],"picked":"hexamod:RecurringNightmare","floor":5},{"not_picked":["hexamod:FourthSeal","hexamod:FirstSeal"],"picked":"hexamod:ChargedBarrage","floor":7},{"not_picked":["hexamod:CatchUp","hexamod:ShieldOfDarkness"],"picked":"hexamod:SwordOfDarkness","floor":11},{"not_picked":["hexamod:GhostOfSpireFuture","hexamod:FlamesFromBeyond","hexamod:Firestarter"],"picked":"SKIP","floor":12},{"not_picked":["hexamod:SecondSeal","hexamod:SwordOfDarkness"],"picked":"hexamod:Hexaguard","floor":14},{"not_picked":["hexamod:TurnItUp","hexamod:UnleashSpirits"],"picked":"hexamod:TimeWarp","floor":16},{"not_picked":["hexamod:ExtraCrispy","hexamod:NightmareGuise","hexamod:GhostShield"],"picked":"SKIP","floor":18},{"not_picked":["hexamod:InspiringFlames+1","hexamod:RadiantFlame"],"picked":"hexamod:Hexaguard","floor":19},{"not_picked":["hexamod:AdvancingGuard","hexamod:ExtraCrispy+1"],"picked":"hexamod:PowerFromBeyond+1","floor":20},{"not_picked":["hexamod:FourthSeal","hexamod:Hexaguard"],"picked":"hexamod:RecurringNightmare+1","floor":21},{"not_picked":["hexamod:PhantomFireball","hexamod:InspiringFlames"],"picked":"hexamod:GhostOfSpireFuture","floor":22},{"not_picked":["hexamod:Hexaguard","hexamod:DynamicBlow"],"picked":"hexamod:RainOfEmbers","floor":24},{"not_picked":["hexamod:InspiringFlames","hexamod:HeatMetal"],"picked":"hexamod:Again","floor":27},{"not_picked":["hexamod:BacktrackSmack+1","hexamod:NightmareStrike"],"picked":"hexamod:SwordOfDarkness","floor":28},{"not_picked":["hexamod:GhostShield+1","hexamod:StepThrough"],"picked":"hexamod:AdvancingGuard","floor":30}],"player_experience":1951864,"relics_obtained":[{"floor":7,"key":"Ribbon"},{"floor":9,"key":"Tiny Chest"},{"floor":19,"key":"Red Mask"},{"floor":24,"key":"Whetstone"},{"floor":25,"key":"Pen Nib"},{"floor":26,"key":"MawBank"}],"event_choices":[{"damage_healed":0,"gold_gain":100,"player_choice":"Pray","damage_taken":0,"max_hp_gain":0,"max_hp_loss":0,"event_name":"Golden Shrine","floor":4,"gold_loss":0},{"damage_healed":0,"gold_gain":0,"player_choice":"Fought Bandits","damage_taken":0,"max_hp_gain":0,"max_hp_loss":0,"event_name":"Masked Bandits","floor":19,"gold_loss":0}],"is_beta":false,"boss_relics":[{"not_picked":["Fusion Hammer","beaked:SacredDeck"],"picked":"hexamod:IceCube"}],"items_purged_floors":[],"is_endless":false,"potions_floor_spawned":[1,7,14,18,19,20,21,28],"killed_by":"Automaton","ascension_level":4}}