{"host":"dftd5cr6l8m56acq","time":1614256199,"event":{"mods":["AchievementEnabler","BaseMod","Bestiary","Colored Map","Highlight Path","Minty Spire (QoL Compilation)","Relic Stats","StSLib","everything is the same but u backflip on backflip"],"gold_per_floor":[369,380,380,396,33,62,62,62,62,62,92,92,125,144,144,249,249,266,286,27,42,42,42,61,92,142,142,142,24,24,24,24,125,125,141,141,141,141,160,190,205,236,236,264,275,275,294,264,264,264],"floor_reached":51,"language":"ENG","playtime":2151,"items_purged":["Defend_P","Strike_P"],"score":1161,"play_id":"b8200ea7-7c44-4390-ab84-987805fb2aad","local_time":"20210225072959","is_ascension_mode":true,"campfire_choices":[{"data":"MentalFortress","floor":7,"key":"SMITH"},{"data":"Adaptation","floor":10,"key":"SMITH"},{"data":"Halt","floor":12,"key":"SMITH"},{"floor":15,"key":"REST"},{"data":"1","floor":23,"key":"LIFT"},{"data":"2","floor":27,"key":"LIFT"},{"data":"3","floor":30,"key":"LIFT"},{"floor":32,"key":"REST"},{"floor":46,"key":"REST"},{"floor":49,"key":"REST"}],"circlet_count":0,"master_deck":["Strike_P+1","Strike_P+1","Defend_P","Defend_P","Eruption","Vigilance+1","MentalFortress+1","Halt+1","Vengeance","Adaptation+1","JustLucky","Weave+1","Meditate","BowlingBash","Scrawl","WaveOfTheHand+1","TalkToTheHand+1","FlurryOfBlows","MentalFortress+1","EmptyFist+1","Crescendo","WheelKick","ThirdEye+1","TalkToTheHand","SpiritShield","FlurryOfBlows+1","MentalFortress+1","Evaluate+1","WheelKick+1","ForeignInfluence","ClearTheMind+1"],"relics":["PureWater","Ornamental Fan","Ginger","Frozen Egg 2","Mercury Hourglass","Anchor","Girya","VioletLotus","Bird Faced Urn","Smiling Mask","Black Star","PreservedInsect","Bottled Lightning","TeardropLocket","Vajra","Sundial","HornCleat","Damaru"],"acts_visited":["Exordium","TheCity","TheBeyond"],"potions_floor_usage":[6,16,16,18,31,33,42,42,42,50,50,50,50,50],"damage_taken":[{"damage":0,"enemies":"Small Slimes","floor":1,"turns":3},{"damage":5,"enemies":"Jaw Worm","floor":2,"turns":3},{"damage":1,"enemies":"2 Louse","floor":4,"turns":3},{"damage":24,"enemies":"Gremlin Nob","floor":6,"turns":5},{"damage":9,"enemies":"Lagavulin","floor":11,"turns":7},{"damage":16,"enemies":"3 Sentries","floor":13,"turns":5},{"damage":2,"enemies":"Exordium Wildlife","floor":14,"turns":3},{"damage":16,"enemies":"Hexaghost","floor":16,"turns":10},{"damage":0,"enemies":"Shell Parasite","floor":18,"turns":4},{"damage":0,"enemies":"Chosen","floor":19,"turns":5},{"damage":15,"enemies":"Centurion and Healer","floor":21,"turns":7},{"damage":0,"enemies":"3 Cultists","floor":24,"turns":3},{"damage":4,"enemies":"Book of Stabbing","floor":25,"turns":5},{"damage":0,"enemies":"Sentry and Sphere","floor":31,"turns":3},{"damage":20,"enemies":"Champ","floor":33,"turns":8},{"damage":1,"enemies":"3 Shapes","floor":35,"turns":3},{"damage":10,"enemies":"3 Darklings","floor":39,"turns":3},{"damage":0,"enemies":"Reptomancer","floor":40,"turns":5},{"damage":31,"enemies":"Transient","floor":41,"turns":5},{"damage":20,"enemies":"Nemesis","floor":42,"turns":8},{"damage":0,"enemies":"Giant Head","floor":44,"turns":4},{"damage":23,"enemies":"Spire Growth","floor":45,"turns":4},{"damage":0,"enemies":"Jaw Worm Horde","floor":47,"turns":2},{"damage":0,"enemies":"Time Eater","floor":50,"turns":4}],"seed_played":"-530681367312767314","potions_obtained":[{"floor":2,"key":"Dexterity Potion"},{"floor":4,"key":"CultistPotion"},{"floor":11,"key":"FearPotion"},{"floor":13,"key":"LiquidMemories"},{"floor":16,"key":"Swift Potion"},{"floor":21,"key":"PowerPotion"},{"floor":24,"key":"SmokeBomb"},{"floor":35,"key":"Weak Potion"},{"floor":39,"key":"SpeedPotion"},{"floor":44,"key":"EntropicBrew"},{"floor":48,"key":"AttackPotion"},{"floor":48,"key":"Ambrosia"}],"is_trial":false,"path_per_floor":["M","M","?","M","$","E","R","T","T","R","E","R","E","M","R","B",null,"M","M","$","M","?","R","M","E","T","R","?","$","R","M","R","B",null,"M","?","?","?","M","E","M","E","T","E","M","R","M","?","R","B",null],"character_chosen":"WATCHER","items_purchased":["Adaptation","Ornamental Fan","JustLucky","FlurryOfBlows","MentalFortress+1","EmptyFist","TalkToTheHand"],"campfire_rested":4,"item_purchase_floors":[5,5,5,20,20,20,29],"current_hp_per_floor":[65,60,53,52,52,28,28,28,28,28,19,19,3,1,20,4,50,50,50,50,35,24,24,24,20,20,20,20,20,20,22,43,31,60,61,61,61,61,57,63,40,28,28,34,17,36,36,36,55,63],"gold":264,"neow_bonus":"TWO_FIFTY_GOLD","is_daily":false,"chose_seed":false,"campfire_upgraded":3,"win_rate":0.0,"timestamp":1614256199,"path_taken":["M","M","?","M","$","E","R","?","T","R","E","R","E","M","R","BOSS","M","M","$","M","?","R","M","E","T","R","?","?","R","?","R","BOSS","M","?","?","?","M","E","?","E","T","E","M","R","M","?","R","BOSS"],"items_purchased_type":["Card","Relic","Card","Card","Card","Card","Card"],"build_version":"2020-12-22","purchased_purges":2,"victory":true,"max_hp_per_floor":[65,65,65,65,65,65,65,65,65,65,65,65,65,65,65,65,65,65,65,65,65,70,70,70,70,70,70,70,70,70,70,70,70,70,70,70,66,66,66,66,66,66,66,66,66,66,66,66,66,66],"relic_stats":{"counters":[24,111],"Ornamental Fan":[256],"Sundial":[0],"Bird Faced Urn":[60],"VioletLotus":[25],"PreservedInsect":172,"Black Star":3,"Ginger":[7],"Smiling Mask":50,"obtain_stats":[{"Girya":13,"Vajra":42,"Damaru":44,"PreservedInsect":40,"Ginger":6,"TeardropLocket":42,"Frozen Egg 2":8,"Smiling Mask":26,"Mercury Hourglass":9,"Anchor":11,"HornCleat":44,"Ornamental Fan":5,"Sundial":43,"Bird Faced Urn":25,"VioletLotus":17,"Black Star":34,"Bottled Lightning":40,"PureWater":0},{"Girya":6,"Vajra":20,"Damaru":21,"PreservedInsect":18,"Ginger":4,"TeardropLocket":20,"Frozen Egg 2":4,"Smiling Mask":13,"Mercury Hourglass":4,"Anchor":5,"HornCleat":21,"Ornamental Fan":3,"Sundial":20,"Bird Faced Urn":13,"VioletLotus":8,"Black Star":15,"Bottled Lightning":18,"PureWater":0},{"Girya":25,"Vajra":97,"Damaru":101,"PreservedInsect":84,"Ginger":14,"TeardropLocket":97,"Frozen Egg 2":14,"Smiling Mask":62,"Mercury Hourglass":14,"Anchor":21,"HornCleat":101,"Ornamental Fan":9,"Sundial":97,"Bird Faced Urn":62,"VioletLotus":38,"Black Star":73,"Bottled Lightning":84,"PureWater":0}],"Mercury Hourglass":[330]},"card_choices":[{"not_picked":["JustLucky","EmptyBody"],"picked":"MentalFortress","floor":1},{"not_picked":["Evaluate","Crescendo"],"picked":"Halt","floor":2},{"not_picked":["FlyingSleeves","Study"],"picked":"Vengeance","floor":4},{"not_picked":["Collect","WheelKick"],"picked":"Weave","floor":6},{"not_picked":["DeceiveReality","Evaluate"],"picked":"Meditate","floor":11},{"not_picked":["Vengeance","Adaptation+1"],"picked":"LessonLearned","floor":13},{"not_picked":["FollowUp","Protect"],"picked":"BowlingBash","floor":14},{"not_picked":["Devotion+1","Blasphemy"],"picked":"Scrawl","floor":16},{"not_picked":["BowlingBash","SashWhip"],"picked":"WaveOfTheHand","floor":18},{"not_picked":["Protect+1","EmptyBody"],"picked":"TalkToTheHand","floor":19},{"not_picked":["PathToVictory+1","Pray+1"],"picked":"Crescendo","floor":21},{"not_picked":["CutThroughFate","CrushJoints+1"],"picked":"WheelKick","floor":24},{"not_picked":["Perseverance","Ragnarok"],"picked":"ThirdEye+1","floor":25},{"not_picked":["Establishment+1","Brilliance"],"picked":"SpiritShield","floor":33},{"not_picked":["SashWhip","DeceiveReality"],"picked":"FlurryOfBlows+1","floor":35},{"not_picked":["Halt","JustLucky","FollowUp+1"],"picked":"SKIP","floor":39},{"not_picked":["EmptyMind","Protect"],"picked":"MentalFortress+1","floor":40},{"not_picked":["Crescendo","SandsOfTime+1"],"picked":"Evaluate+1","floor":41},{"not_picked":["BowlingBash","EmptyFist"],"picked":"WheelKick+1","floor":42},{"not_picked":["Prostrate","EmptyFist+1"],"picked":"ForeignInfluence","floor":44},{"not_picked":["Worship+1","FlurryOfBlows"],"picked":"ClearTheMind+1","floor":45},{"not_picked":["Consecrate+1","FollowUp","JustLucky+1"],"picked":"SKIP","floor":47}],"player_experience":506500,"relics_obtained":[{"floor":6,"key":"Ginger"},{"floor":8,"key":"Frozen Egg 2"},{"floor":9,"key":"Mercury Hourglass"},{"floor":11,"key":"Anchor"},{"floor":13,"key":"Girya"},{"floor":25,"key":"Bird Faced Urn"},{"floor":26,"key":"Smiling Mask"},{"floor":40,"key":"PreservedInsect"},{"floor":40,"key":"Bottled Lightning"},{"floor":42,"key":"TeardropLocket"},{"floor":42,"key":"Vajra"},{"floor":43,"key":"Sundial"},{"floor":44,"key":"HornCleat"},{"floor":44,"key":"Damaru"}],"event_choices":[{"cards_removed":["Defend_P"],"damage_healed":0,"gold_gain":0,"player_choice":"Card Removal","damage_taken":7,"max_hp_gain":0,"max_hp_loss":0,"event_name":"Golden Wing","floor":3,"gold_loss":0},{"damage_healed":0,"gold_gain":0,"player_choice":"Shed Blood","damage_taken":16,"max_hp_gain":5,"max_hp_loss":0,"event_name":"Forgotten Altar","floor":22,"gold_loss":0},{"cards_removed":["Strike_P"],"damage_healed":0,"gold_gain":0,"player_choice":"Elegance","damage_taken":0,"max_hp_gain":0,"max_hp_loss":0,"event_name":"Back to Basics","floor":28,"gold_loss":0},{"cards_removed":["LessonLearned"],"damage_healed":0,"gold_gain":0,"player_choice":"Removed Attack","damage_taken":0,"max_hp_gain":0,"max_hp_loss":0,"event_name":"Falling","floor":36,"gold_loss":0},{"damage_healed":0,"gold_gain":0,"player_choice":"Max HP","damage_taken":0,"max_hp_gain":0,"max_hp_loss":4,"event_name":"Winding Halls","floor":37,"gold_loss":0},{"damage_healed":0,"gold_gain":0,"player_choice":"0 cards matched","damage_taken":0,"max_hp_gain":0,"max_hp_loss":0,"event_name":"Match and Keep!","floor":38,"gold_loss":0,"cards_obtained":[]},{"damage_healed":0,"gold_gain":0,"player_choice":"Bought 2 Potions","damage_taken":0,"max_hp_gain":0,"max_hp_loss":0,"event_name":"The Woman in Blue","floor":48,"gold_loss":0}],"is_beta":false,"boss_relics":[{"not_picked":["Sozu","Busted Crown"],"picked":"VioletLotus"},{"not_picked":["Velvet Choker","Runic Dome"],"picked":"Black Star"}],"items_purged_floors":[20,29],"is_endless":false,"potions_floor_spawned":[2,4,11,13,16,21,24,31,35,39,44],"ascension_level":7}}