{"host":"dftd5cr6l8m56acq","time":1614253220,"event":{"mods":["AchievementEnabler","BaseMod","Bestiary","Colored Map","Highlight Path","Minty Spire (QoL Compilation)","Relic Stats","StSLib","everything is the same but u backflip on backflip"],"gold_per_floor":[212,55,75,75,91,126,126,146,146,116,116,116,135,147,147,245,245,255,275,288,305,4,4,4],"floor_reached":23,"language":"ENG","playtime":1522,"items_purged":[],"score":331,"play_id":"49ecf05d-39df-4dd0-a40d-e935610a4d71","local_time":"20210225064020","is_ascension_mode":true,"campfire_choices":[{"floor":7.0,"key":"REST"},{"floor":12.0,"key":"REST"},{"data":"Bane","floor":15.0,"key":"SMITH"}],"circlet_count":0,"master_deck":["Strike_G","Strike_G","Strike_G","Strike_G","Strike_G","Defend_G","Defend_G","Defend_G+1","Defend_G","Defend_G","Survivor","Neutralize","Dagger Throw","Terror","Well Laid Plans+1","Acrobatics","Sucker Punch","Bullet Time","Noxious Fumes","Bane+1","Leg Sweep","Grand Finale","Dagger Throw","Prepared","Crippling Poison+1","PiercingWail+1"],"relics":["Ring of the Snake","Gremlin Horn","Lizard Tail","Peace Pipe","SlaversCollar","Membership Card","Tingsha"],"acts_visited":["Exordium","TheCity"],"potions_floor_usage":[16,16,16,21,23,23],"damage_taken":[{"damage":0.0,"enemies":"2 Louse","floor":1.0,"turns":4.0},{"damage":4.0,"enemies":"Small Slimes","floor":3.0,"turns":3.0},{"damage":0.0,"enemies":"Cultist","floor":5.0,"turns":3.0},{"damage":31.0,"enemies":"3 Sentries","floor":6.0,"turns":12.0},{"damage":3.0,"enemies":"2 Fungi Beasts","floor":8.0,"turns":5.0},{"damage":6.0,"enemies":"Looter","floor":10.0,"turns":4.0},{"damage":0.0,"enemies":"Blue Slaver","floor":13.0,"turns":5.0},{"damage":7.0,"enemies":"Exordium Thugs","floor":14.0,"turns":6.0},{"damage":0,"enemies":"Hexaghost","floor":16,"turns":8},{"damage":7,"enemies":"Spheric Guardian","floor":18,"turns":4},{"damage":0,"enemies":"Chosen","floor":19,"turns":4},{"damage":36,"enemies":"Snake Plant","floor":20,"turns":6},{"damage":40,"enemies":"Snecko","floor":21,"turns":6},{"damage":20,"enemies":"Slavers","floor":23,"turns":2}],"seed_played":"2978956393748554727","potions_obtained":[{"floor":3.0,"key":"FearPotion"},{"floor":6.0,"key":"EssenceOfSteel"},{"floor":8.0,"key":"Strength Potion"},{"floor":19,"key":"Regen Potion"},{"floor":20,"key":"Poison Potion"},{"floor":21,"key":"BlessingOfTheForge"}],"is_trial":false,"path_per_floor":["M","$","M","?","M","E","R","M","T","M","?","R","M","M","R","B",null,"M","M","M","M","$","E"],"character_chosen":"THE_SILENT","items_purchased":["Terror","Well Laid Plans","Membership Card","Tingsha"],"campfire_rested":2,"item_purchase_floors":[2,2,22,22],"current_hp_per_floor":[63,63,59,34,34,3,24,21,21,15,1,22,22,15,15,15,56,49,49,13,8,8,0,0],"gold":4,"neow_bonus":"HUNDRED_GOLD","is_daily":false,"chose_seed":false,"campfire_upgraded":1,"win_rate":0.0,"timestamp":1614253220,"path_taken":["M","$","M","?","M","E","R","M","T","M","?","R","M","M","R","BOSS","M","M","M","M","$","E"],"items_purchased_type":["Card","Card","Relic","Relic"],"build_version":"2020-12-22","purchased_purges":0,"victory":false,"max_hp_per_floor":[70,70,70,70,70,70,70,70,70,70,70,70,70,70,70,70,70,70,70,70,70,70,70,70],"relic_stats":{"Peace Pipe":0,"Lizard Tail":35,"Gremlin Horn":[4,4],"counters":[14,72],"Tingsha":[6],"obtain_stats":[{"Peace Pipe":9,"SlaversCollar":17,"Lizard Tail":6,"Gremlin Horn":4,"Tingsha":22,"Membership Card":22,"Ring of the Snake":0},{"Peace Pipe":5,"SlaversCollar":9,"Lizard Tail":4,"Gremlin Horn":2,"Tingsha":13,"Membership Card":13,"Ring of the Snake":0},{"Peace Pipe":27,"SlaversCollar":50,"Lizard Tail":22,"Gremlin Horn":7,"Tingsha":70,"Membership Card":70,"Ring of the Snake":0}],"Ring of the Snake":[28]},"card_choices":[{"not_picked":["Quick Slash","Riddle With Holes"],"picked":"Dagger Throw","floor":1.0},{"not_picked":["Accuracy","Choke"],"picked":"Acrobatics","floor":3.0},{"not_picked":["Slice","Deadly Poison"],"picked":"Sucker Punch","floor":5.0},{"not_picked":["Crippling Poison","Concentrate"],"picked":"Bullet Time","floor":6.0},{"not_picked":["Endless Agony","Underhanded Strike"],"picked":"Noxious Fumes","floor":8.0},{"not_picked":["Backflip","Outmaneuver"],"picked":"Bane","floor":10.0},{"not_picked":["Choke","Backstab"],"picked":"Leg Sweep","floor":13.0},{"not_picked":["Outmaneuver","Acrobatics","Escape Plan"],"picked":"SKIP","floor":14.0},{"not_picked":["Doppelganger","Storm of Steel"],"picked":"Grand Finale","floor":16},{"not_picked":["Eviscerate","Bane"],"picked":"Dagger Throw","floor":18},{"not_picked":["Choke","Poisoned Stab"],"picked":"Prepared","floor":19},{"not_picked":["Bane","Poisoned Stab+1"],"picked":"Crippling Poison+1","floor":20},{"not_picked":["Outmaneuver","Skewer"],"picked":"PiercingWail+1","floor":21}],"player_experience":504347,"relics_obtained":[{"floor":6.0,"key":"Lizard Tail"},{"floor":9.0,"key":"Peace Pipe"}],"event_choices":[{"damage_healed":0.0,"max_hp_gain":0.0,"max_hp_loss":0.0,"gold_gain":0.0,"event_name":"Scrap Ooze","player_choice":"Success","floor":4.0,"gold_loss":0.0,"damage_taken":25.0,"relics_obtained":["Gremlin Horn"]},{"damage_healed":0.0,"max_hp_gain":0.0,"max_hp_loss":0.0,"gold_gain":0.0,"event_name":"Shining Light","player_choice":"Entered Light","floor":11.0,"gold_loss":0.0,"damage_taken":14.0,"cards_upgraded":["Well Laid Plans","Defend_G"]}],"is_beta":false,"boss_relics":[{"not_picked":["Cursed Key","Runic Dome"],"picked":"SlaversCollar"}],"items_purged_floors":[],"is_endless":false,"potions_floor_spawned":[3,6,8,13,19,20,21],"killed_by":"Slavers","ascension_level":7}}