{"host":"4gkev1dtxxhiue3x","time":1614257528,"event":{"mods":["AchievementEnabler","BaseMod","Better Altar","Better Match","Better Note","Better Sensory Stone","Better Skull","Better Third Choice","Colored Powertips","Friendly Minions","Hermit","Minty Spire (QoL Compilation)","Relic Stats","Robot Space Explorer","Shop Mod","StSLib","The Disciple","The Hierophant"],"gold_per_floor":[113,63,63,63,78,78,112,112,112,112,112,126,136,162,162,262,312,323,323,248,163,86,114,114,39,39,49,66,82,82,82],"floor_reached":30,"language":"ENG","playtime":1906,"items_purged":["Regret"],"score":385,"play_id":"91e3b04c-4983-4ffe-a43e-2a3814f25912","local_time":"20210225135208","is_ascension_mode":true,"campfire_choices":[{"data":"Leap","floor":6,"key":"SMITH"},{"data":"Reprogram","floor":8,"key":"SMITH"},{"data":"Leap","floor":15,"key":"SMITH"},{"data":"Reprogram","floor":24,"key":"SMITH"}],"circlet_count":0,"master_deck":["Dualcast","Gash","White Noise","Echo Form+1","Rip and Tear","Gash","Stack","Leap+1","Conserve Battery","Go for the Eyes","Reprogram+1","Steam","Leap+1","Seek","Gash+1","Meteor Strike","Double Energy","Fusion","Reprogram+1","Reinforced Body"],"relics":["Pandora\u0027s Box","Bronze Scales","Regal Pillow","Frozen Egg 2","Blood Vial","Symbiotic Virus","Odd Mushroom","Tiny House","Strawberry","Cables","Pocketwatch"],"acts_visited":["Exordium","TheCity"],"potions_floor_usage":[14,16,23],"damage_taken":[{"damage":10,"enemies":"Jaw Worm","floor":1,"turns":3},{"damage":4,"enemies":"Small Slimes","floor":5,"turns":3},{"damage":6,"enemies":"Lagavulin","floor":7,"turns":6},{"damage":1,"enemies":"2 Louse","floor":12,"turns":2},{"damage":14,"enemies":"2 Fungi Beasts","floor":13,"turns":3},{"damage":6,"enemies":"The Mushroom Lair","floor":14,"turns":4},{"damage":3,"enemies":"Hexaghost","floor":16,"turns":6},{"damage":1,"enemies":"Spheric Guardian","floor":18,"turns":5},{"damage":33,"enemies":"Gremlin Leader","floor":23,"turns":6},{"damage":36,"enemies":"Chosen","floor":27,"turns":6},{"damage":7,"enemies":"Snecko","floor":28,"turns":4},{"damage":0,"enemies":"Snake Plant","floor":29,"turns":4},{"damage":12,"enemies":"Centurion and Healer","floor":30,"turns":3}],"seed_played":"2154263673159432397","potions_obtained":[{"floor":13,"key":"Energy Potion"},{"floor":14,"key":"Weak Potion"},{"floor":16,"key":"Swift Potion"},{"floor":17,"key":"FearPotion"},{"floor":18,"key":"SpeedPotion"}],"is_trial":false,"path_per_floor":["M","$","?","?","M","R","E","R","T","?","T","M","M","?","R","B",null,"M","?","$","?","$","E","R","?","T","M","M","M","M"],"character_chosen":"DEFECT","items_purchased":["Conserve Battery","Fusion"],"campfire_rested":0,"item_purchase_floors":[2,22],"current_hp_per_floor":[58,58,51,51,47,47,41,41,41,41,41,42,30,26,26,25,68,69,69,69,76,76,45,45,45,45,11,6,8,0,0],"gold":82,"neow_bonus":"BOSS_RELIC","is_daily":false,"chose_seed":false,"campfire_upgraded":4,"win_rate":0.0,"timestamp":1614257528,"path_taken":["M","$","?","?","M","R","E","R","T","?","?","M","M","?","R","BOSS","M","?","$","?","$","E","R","?","T","M","M","M","M"],"items_purchased_type":["Card","Card"],"build_version":"2020-12-22","purchased_purges":1,"victory":false,"max_hp_per_floor":[75,75,75,75,75,75,75,75,75,75,75,75,75,75,75,75,80,80,80,80,87,87,87,87,87,87,87,87,87,87,87],"relic_stats":{"Blood Vial":20,"Regal Pillow":0,"counters":[13,55],"Bronze Scales":[155],"Pandora\u0027s Box":["Meteor Strike","Gash","White Noise","Chaos","Echo Form","Rip and Tear","Gash","Stack"],"obtain_stats":[{"Blood Vial":10,"Regal Pillow":7,"Tiny House":17,"Bronze Scales":3,"Strawberry":21,"Pandora\u0027s Box":0,"Frozen Egg 2":9,"Odd Mushroom":14,"Cracked Core":0,"Symbiotic Virus":11,"Cables":23,"Pocketwatch":26},{"Blood Vial":3,"Regal Pillow":3,"Tiny House":7,"Bronze Scales":1,"Strawberry":8,"Pandora\u0027s Box":0,"Frozen Egg 2":3,"Odd Mushroom":6,"Cracked Core":0,"Symbiotic Virus":3,"Cables":9,"Pocketwatch":9},{"Blood Vial":12,"Regal Pillow":12,"Tiny House":27,"Bronze Scales":3,"Strawberry":32,"Pandora\u0027s Box":0,"Frozen Egg 2":12,"Odd Mushroom":21,"Cracked Core":0,"Symbiotic Virus":12,"Cables":38,"Pocketwatch":38}],"Cables":[17,3,0,13,1],"Pocketwatch":[15]},"card_choices":[{"not_picked":["Cold Snap","Hologram"],"picked":"Leap","floor":1},{"not_picked":["Compile Driver","White Noise"],"picked":"Go for the Eyes","floor":5},{"not_picked":["Chill","Steam"],"picked":"Reprogram","floor":7},{"not_picked":["Double Energy","Go for the Eyes","Glacier"],"picked":"SKIP","floor":12},{"not_picked":["Skim","Rebound"],"picked":"Steam","floor":13},{"not_picked":["Rebound","Turbo"],"picked":"Leap","floor":14},{"not_picked":["Fission","Rainbow"],"picked":"Seek","floor":16},{"not_picked":["Go for the Eyes","Conserve Battery"],"picked":"Gash+1","floor":18},{"not_picked":["Chaos","Rip and Tear"],"picked":"Reprogram","floor":23},{"not_picked":["Glacier","Barrage+1","Lockon"],"picked":"SKIP","floor":27},{"not_picked":["Compile Driver","Barrage"],"picked":"Reinforced Body","floor":28},{"not_picked":["Compile Driver","Rebound","Fusion"],"picked":"SKIP","floor":29}],"player_experience":286280,"relics_obtained":[{"floor":7,"key":"Regal Pillow"},{"floor":9,"key":"Frozen Egg 2"},{"floor":11,"key":"Symbiotic Virus"},{"floor":14,"key":"Odd Mushroom"},{"floor":23,"key":"Cables"},{"floor":26,"key":"Pocketwatch"}],"event_choices":[{"damage_healed":0,"gold_gain":0,"player_choice":"Relic ","damage_taken":7,"max_hp_gain":0,"max_hp_loss":0,"event_name":"betterThird:BetterScrap","floor":3,"gold_loss":0,"cards_obtained":["All Out Attack"]},{"damage_healed":0,"gold_gain":0,"player_choice":"Grow","damage_taken":0,"max_hp_gain":0,"max_hp_loss":0,"event_name":"Living Wall","floor":4,"gold_loss":0,"cards_upgraded":["Echo Form"]},{"damage_healed":0,"gold_gain":0,"player_choice":"Box","damage_taken":0,"relics_obtained":["Blood Vial"],"max_hp_gain":0,"max_hp_loss":0,"event_name":"Big Fish","floor":10,"gold_loss":0,"cards_obtained":["Regret"]},{"damage_healed":0,"gold_gain":0,"player_choice":"Fought Mushrooms","damage_taken":0,"max_hp_gain":0,"max_hp_loss":0,"event_name":"Mushrooms","floor":14,"gold_loss":0},{"damage_healed":0,"gold_gain":0,"cards_transformed":["Zap","Chaos"],"player_choice":"Became Test Subject","damage_taken":0,"max_hp_gain":0,"max_hp_loss":0,"event_name":"Drug Dealer","floor":19,"gold_loss":0,"cards_obtained":["Meteor Strike","Double Energy"]},{"damage_healed":0,"gold_gain":0,"player_choice":"Obtained Relic","damage_taken":0,"relics_obtained":["Strawberry"],"max_hp_gain":0,"max_hp_loss":0,"event_name":"Addict","floor":21,"gold_loss":85},{"cards_removed":["Meteor Strike"],"damage_healed":0,"gold_gain":0,"player_choice":"Gave Gold","damage_taken":0,"max_hp_gain":0,"max_hp_loss":0,"event_name":"Beggar","floor":25,"gold_loss":75}],"is_beta":false,"boss_relics":[{"not_picked":["Sozu","Cursed Key"],"picked":"Tiny House"}],"items_purged_floors":[20],"is_endless":false,"potions_floor_spawned":[13,14,16,18],"killed_by":"Centurion and Healer","ascension_level":6}}