{"host":"a57oumegxze0vmhs","time":1614264151,"event":{"mods":["AchievementEnabler","BaseMod","Colored Powertips","Minty Spire (QoL Compilation)","Quick Restart","Relic Stats"],"gold_per_floor":[112,112,122,122,122,154,166,197,291,303,347,371,414,442,454,545,557,583,595,620,651,682,694,734,455,455,488,488,502,538,538,538,538,538],"floor_reached":33,"language":"ENG","playtime":1539,"items_purged":[],"score":619,"play_id":"4d118900-bff3-4cb5-b8a0-4206ededa9eb","local_time":"20210225164231","is_ascension_mode":true,"campfire_choices":[{"data":"Wallop","floor":7.0,"key":"SMITH"},{"data":"FollowUp","floor":10.0,"key":"SMITH"},{"floor":15.0,"key":"REST"},{"floor":23.0,"key":"REST"},{"data":"Perseverance","floor":28,"key":"SMITH"},{"floor":32,"key":"REST"}],"circlet_count":0,"master_deck":["AscendersBane","Strike_P","Strike_P","Strike_P","Strike_P","Defend_P","Defend_P","Defend_P","Defend_P","Eruption+1","Vigilance","Wallop+1","CarveReality","FlurryOfBlows","FollowUp+1","Perseverance+1","Consecrate","Wireheading","Scrawl+1","SashWhip+1","Protect","EmptyBody","FlurryOfBlows","CutThroughFate","Establishment"],"relics":["PureWater","NeowsBlessing","MawBank","Eternal Feather","Mummified Hand","Mercury Hourglass","Black Star","MealTicket","Bag of Marbles","Du-Vu Doll","Kunai","Turnip","Boot","Smiling Mask","CeramicFish","Tiny Chest"],"acts_visited":["Exordium","TheCity"],"potions_floor_usage":[24,27,30,33],"damage_taken":[{"damage":0.0,"enemies":"Jaw Worm","floor":1.0,"turns":1.0},{"damage":0.0,"enemies":"Cultist","floor":3.0,"turns":1.0},{"damage":0.0,"enemies":"Gremlin Nob","floor":6.0,"turns":1.0},{"damage":0.0,"enemies":"Small Slimes","floor":8.0,"turns":1.0},{"damage":27.0,"enemies":"Lagavulin","floor":11.0,"turns":4.0},{"damage":7.0,"enemies":"Exordium Thugs","floor":12.0,"turns":4.0},{"damage":4.0,"enemies":"Gremlin Nob","floor":13.0,"turns":3.0},{"damage":0.0,"enemies":"3 Louse","floor":14.0,"turns":2.0},{"damage":29.0,"enemies":"The Guardian","floor":16.0,"turns":12.0},{"damage":7.0,"enemies":"Chosen","floor":18.0,"turns":4.0},{"damage":3.0,"enemies":"2 Thieves","floor":20.0,"turns":4.0},{"damage":3.0,"enemies":"3 Cultists","floor":21.0,"turns":3.0},{"damage":12.0,"enemies":"Centurion and Healer","floor":22.0,"turns":5.0},{"damage":0,"enemies":"Gremlin Leader","floor":24,"turns":3},{"damage":9,"enemies":"Book of Stabbing","floor":27,"turns":4},{"damage":11,"enemies":"Snake Plant","floor":29,"turns":3},{"damage":37,"enemies":"Slavers","floor":30,"turns":6},{"damage":71,"enemies":"Collector","floor":33,"turns":10}],"seed_played":"7801361326890051171","potions_obtained":[{"floor":4.0,"key":"Fire Potion"},{"floor":4.0,"key":"Strength Potion"},{"floor":12.0,"key":"SkillPotion"},{"floor":21.0,"key":"FearPotion"},{"floor":27,"key":"GamblersBrew"},{"floor":29,"key":"Block Potion"}],"is_trial":false,"path_per_floor":["M","?","M","?","$","E","R","M","T","R","E","M","E","M","R","B",null,"M","?","M","M","M","R","E","$","T","E","R","M","E","?","R","B"],"character_chosen":"WATCHER","items_purchased":["Du-Vu Doll"],"campfire_rested":3,"item_purchase_floors":[25],"current_hp_per_floor":[65,65,65,65,65,65,65,65,65,72,45,38,34,34,64,35,63,56,56,53,50,38,71,71,72,72,63,72,61,24,24,60,0,0],"gold":538,"neow_bonus":"THREE_ENEMY_KILL","is_daily":false,"chose_seed":false,"campfire_upgraded":3,"win_rate":0.0,"timestamp":1614264151,"path_taken":["M","?","?","?","?","E","R","M","T","R","E","M","E","M","R","BOSS","M","?","?","M","M","R","E","$","T","E","R","M","E","?","R","BOSS"],"items_purchased_type":["Relic"],"build_version":"2020-12-22","purchased_purges":0,"victory":false,"max_hp_per_floor":[72,72,72,72,72,72,72,72,72,72,72,72,72,72,72,72,72,72,72,72,72,72,72,72,72,72,72,72,72,72,72,72,72,72],"relic_stats":{"counters":[18,70],"CeramicFish":9,"Eternal Feather":52,"MawBank":228,"Boot":[11],"Smiling Mask":0,"Mercury Hourglass":[268],"Mummified Hand":[4],"MealTicket":1,"Tiny Chest":0,"Turnip":[5],"Black Star":3,"Kunai":[15],"obtain_stats":[{"NeowsBlessing":0,"CeramicFish":30,"Eternal Feather":9,"MawBank":6,"Boot":27,"Smiling Mask":30,"Mercury Hourglass":13,"Du-Vu Doll":25,"Mummified Hand":11,"MealTicket":24,"Tiny Chest":31,"Turnip":27,"Black Star":17,"Bag of Marbles":24,"Kunai":26,"PureWater":0},{"NeowsBlessing":0,"CeramicFish":17,"Eternal Feather":4,"MawBank":3,"Boot":15,"Smiling Mask":17,"Mercury Hourglass":7,"Du-Vu Doll":14,"Mummified Hand":5,"MealTicket":14,"Tiny Chest":17,"Turnip":15,"Black Star":9,"Bag of Marbles":14,"Kunai":14,"PureWater":0},{"NeowsBlessing":0,"CeramicFish":60,"Eternal Feather":4,"MawBank":3,"Boot":52,"Smiling Mask":60,"Mercury Hourglass":15,"Du-Vu Doll":48,"Mummified Hand":8,"MealTicket":48,"Tiny Chest":60,"Turnip":52,"Black Star":29,"Bag of Marbles":48,"Kunai":48,"PureWater":0}]},"card_choices":[{"not_picked":["Protect","CutThroughFate"],"picked":"Wallop","floor":1.0},{"not_picked":["WreathOfFlame","Worship"],"picked":"CarveReality","floor":3.0},{"not_picked":["Perseverance","BowlingBash"],"picked":"FlurryOfBlows","floor":6.0},{"not_picked":["JustLucky","WheelKick"],"picked":"FollowUp","floor":8.0},{"not_picked":["InnerPeace","ClearTheMind"],"picked":"Perseverance","floor":11.0},{"not_picked":["Prostrate","Crescendo"],"picked":"Consecrate","floor":12.0},{"not_picked":["Vault","Indignation"],"picked":"Wireheading","floor":13.0},{"not_picked":["ThirdEye","WheelKick","SashWhip"],"picked":"SKIP","floor":14.0},{"not_picked":["Ragnarok","Vault"],"picked":"Scrawl","floor":16.0},{"not_picked":["SashWhip","ForeignInfluence","SandsOfTime"],"picked":"SKIP","floor":18.0},{"not_picked":["PathToVictory","BowlingBash"],"picked":"SashWhip+1","floor":20.0},{"not_picked":["Tantrum","JustLucky"],"picked":"Protect","floor":21.0},{"not_picked":["Conclude","SashWhip"],"picked":"EmptyBody","floor":22.0},{"not_picked":["ConjureBlade","JustLucky+1"],"picked":"FlurryOfBlows","floor":24},{"not_picked":["BowlingBash","SashWhip"],"picked":"CutThroughFate","floor":27},{"not_picked":["CrushJoints","EmptyMind","ClearTheMind"],"picked":"SKIP","floor":29},{"not_picked":["ClearTheMind+1","EmptyBody"],"picked":"Establishment","floor":30}],"player_experience":471294,"relics_obtained":[{"floor":6.0,"key":"MawBank"},{"floor":9.0,"key":"Eternal Feather"},{"floor":11.0,"key":"Mummified Hand"},{"floor":13.0,"key":"Mercury Hourglass"},{"floor":24,"key":"MealTicket"},{"floor":24,"key":"Bag of Marbles"},{"floor":26,"key":"Kunai"},{"floor":27,"key":"Turnip"},{"floor":27,"key":"Boot"},{"floor":30,"key":"Smiling Mask"},{"floor":30,"key":"CeramicFish"}],"event_choices":[{"damage_healed":0.0,"max_hp_gain":0.0,"max_hp_loss":0.0,"gold_gain":0.0,"event_name":"Upgrade Shrine","player_choice":"Upgraded","floor":2.0,"gold_loss":0.0,"damage_taken":0.0,"cards_upgraded":["Eruption"]},{"damage_healed":0.0,"max_hp_gain":0.0,"max_hp_loss":0.0,"gold_gain":0.0,"event_name":"Lab","player_choice":"Got Potions","floor":4.0,"gold_loss":0.0,"damage_taken":0.0},{"damage_healed":0.0,"max_hp_gain":0.0,"max_hp_loss":0.0,"gold_gain":0.0,"event_name":"Upgrade Shrine","player_choice":"Upgraded","floor":19.0,"gold_loss":0.0,"damage_taken":0.0,"cards_upgraded":["Scrawl"]},{"damage_healed":0,"gold_gain":0,"player_choice":"Opened","damage_taken":0,"relics_obtained":["Tiny Chest"],"max_hp_gain":0,"max_hp_loss":0,"event_name":"The Mausoleum","floor":31,"gold_loss":0}],"is_beta":false,"boss_relics":[{"not_picked":["HolyWater","Busted Crown"],"picked":"Black Star"}],"items_purged_floors":[],"is_endless":false,"potions_floor_spawned":[6,12,13,14,16,21,22,27,29],"killed_by":"Collector","ascension_level":13}}