{"host":"ijtyqc57s6c9mbij","time":1614221820,"event":{"mods":["BaseMod","Colored Map","Downfall","Minty Spire (QoL Compilation)","StSLib"],"gold_per_floor":[0,11,0,18,28,28,28,28,53,53,81,13,25,59,78,173,173,73,88,88,88,108,8,35,69,54,54,79,79,93,30,47,149,149,49,69,69,123,123,139,217,217,250,250,261,261,277,296,308,308,308,334,80,80,80,80,80],"floor_reached":55,"language":"ENG","playtime":5593,"items_purged":[],"score":886,"play_id":"2ba8bd94-23ae-4223-b978-30612e871f4d","local_time":"20210224185700","is_ascension_mode":true,"campfire_choices":[{"data":"bronze:FindAndReplace","floor":1,"key":"SMITH"},{"floor":6,"key":"RECALL"},{"data":"bronze:GetLatest","floor":8,"key":"SMITH"},{"data":"bronze:Iterate","floor":10,"key":"SMITH"},{"data":"bronze:MaxOutput","floor":18,"key":"SMITH"},{"data":"bronze:Constructor","floor":23,"key":"SMITH"},{"floor":29,"key":"REST"},{"data":"bronze:Mutator","floor":35,"key":"SMITH"},{"data":"bronze:ForceShield","floor":44,"key":"SMITH"},{"data":"bronze:Optimize","floor":46,"key":"SMITH"},{"data":"bronze:BronzeOrb","floor":54,"key":"SMITH"}],"circlet_count":0,"master_deck":["bronze:Strike","bronze:Strike","bronze:Strike","bronze:Strike","bronze:Defend","bronze:Defend","bronze:Defend","bronze:Defend","bronze:Replicate","bronze:Goto","bronze:FindAndReplace+1","bronze:GetLatest+1","bronze:Iterate+1","bronze:Repair","bronze:Branch","bronze:Shell","bronze:CleanCode","bronze:Return","bronze:Constructor+1","bronze:MaxOutput+1","bronze:Repair","bronze:GetLatest","bronze:HyperBeam","bronze:Safeguard","RitualDagger+1","bronze:OilSpill+1","bronze:Separator","bronze:Overheat","bronze:Optimize+1","bronze:ItsAFeature+1","bronze:Philosophize+1","bronze:OilSpill","bronze:BugBarrage","bronze:CutThrough","bronze:BuggyMess","bronze:ChildClass","bronze:Shell","bronze:Mutator+1","bronze:ChildClass","expansioncontent:PrepareCrush","expansioncontent:PrepareCrush","expansioncontent:PrepareCrush","bronze:ForceShield+1","bronze:BuggyMess","bronze:ItsAFeature+1","bronze:BronzeOrb+1","bronze:InfiniteBeams+1","bronze:ClassDefault","bronze:NullPointer","bronze:BronzeOrb+1","bronze:InfiniteBeams","bronze:FineTuning","bronze:Constructor"],"relics":["bronze:PlatinumCore","Matryoshka","Lantern","Centennial Puzzle","Slimebound:PreparedRelic","downfall:HeartBlessingGreen","downfall:HeartBlessingRed","Bottled Lightning","Slimebound:StickyStick","Bottled Tornado","Mummified Hand","Orrery","Coffee Dripper","downfall:HeartBlessingBlue","StoneCalendar","bronze:CableSpool","bronze:BronzeIdol","bronze:BottledCode","Guardian:PocketSentry","Blue Candle"],"acts_visited":["Exordium","TheCity","TheBeyond","TheEnding"],"potions_floor_usage":[11,13,14,16,16,25,28,31,43,52,55],"damage_taken":[{"damage":1,"enemies":"Cultist","floor":2,"turns":4},{"damage":0,"enemies":"downfall:FleeingMerchant","floor":3,"turns":4},{"damage":7,"enemies":"Jaw Worm","floor":4,"turns":2},{"damage":3,"enemies":"Small Slimes","floor":5,"turns":3},{"damage":11,"enemies":"Lagavulin","floor":9,"turns":7},{"damage":25,"enemies":"3 Sentries","floor":11,"turns":11},{"damage":2,"enemies":"downfall:FleeingMerchant","floor":12,"turns":4},{"damage":13,"enemies":"Exordium Thugs","floor":13,"turns":4},{"damage":37,"enemies":"Gremlin Nob","floor":14,"turns":5},{"damage":9,"enemies":"2 Fungi Beasts","floor":15,"turns":3},{"damage":27,"enemies":"IC_STATUS_ARCHETYPE","floor":16,"turns":9},{"damage":0,"enemies":"Spheric Guardian","floor":19,"turns":2},{"damage":4,"enemies":"Shell Parasite","floor":22,"turns":8},{"damage":13,"enemies":"Gremlin Leader","floor":25,"turns":5},{"damage":2,"enemies":"downfall:FleeingMerchant","floor":26,"turns":4},{"damage":43,"enemies":"Slavers","floor":28,"turns":7},{"damage":7,"enemies":"Centurion and Healer","floor":30,"turns":5},{"damage":2,"enemies":"downfall:FleeingMerchant","floor":31,"turns":3},{"damage":27,"enemies":"Snecko","floor":32,"turns":5},{"damage":28,"enemies":"SI_MIRROR_ARCHETYPE","floor":33,"turns":7},{"damage":4,"enemies":"Orb Walker","floor":36,"turns":3},{"damage":0,"enemies":"2 Orb Walkers","floor":38,"turns":4},{"damage":0,"enemies":"3 Shapes","floor":40,"turns":4},{"damage":64,"enemies":"Nemesis","floor":43,"turns":7},{"damage":1,"enemies":"Jaw Worm Horde","floor":45,"turns":3},{"damage":0,"enemies":"Spire Growth","floor":47,"turns":3},{"damage":9,"enemies":"3 Darklings","floor":48,"turns":4},{"damage":0,"enemies":"4 Shapes","floor":49,"turns":4},{"damage":37,"enemies":"DF_ARCHETYPE_ORBS","floor":50,"turns":7},{"damage":69,"enemies":"downfall:CharBossMerchant","floor":52,"turns":7},{"damage":12,"enemies":"downfall:NeowBoss","floor":55,"turns":4}],"seed_played":"1718947786512844923","potions_obtained":[{"floor":2,"key":"Strength Potion"},{"floor":4,"key":"Regen Potion"},{"floor":5,"key":"FearPotion"},{"floor":11,"key":"Explosive Potion"},{"floor":13,"key":"Block Potion"},{"floor":15,"key":"Strength Potion"},{"floor":20,"key":"CultistPotion"},{"floor":22,"key":"Swift Potion"},{"floor":28,"key":"Slimebound:ThreeZeroPotion"},{"floor":33,"key":"Ancient Potion"},{"floor":36,"key":"DuplicationPotion"},{"floor":47,"key":"ColorlessPotion"}],"is_trial":false,"path_per_floor":["R","M","$","M","M","R","T","R","E","R","E","$","M","E","M","B",null,"R","M","?","?","M","R","T","E","$","?","E","R","M","$","M","B",null,"R","M","?","?","$","M","T","?","E","R","M","R","M","M","M","B",null,"E","$","R","B"],"character_chosen":"THE_AUTOMATON","items_purchased":["bronze:Constructor","Mummified Hand","Orrery","bronze:BronzeOrb","BlessingOfTheForge","bronze:InfiniteBeams","bronze:FineTuning","bronze:Constructor"],"campfire_rested":1,"item_purchase_floors":[12,31,31,53,53,53,53,53],"current_hp_per_floor":[70,69,69,62,66,66,66,66,59,59,51,56,50,20,25,12,70,70,70,70,70,66,66,66,67,65,52,23,45,55,70,48,37,75,85,81,71,78,78,85,85,75,11,11,17,17,24,22,36,6,75,6,6,6,0,0,0],"gold":80,"neow_bonus":"THREE_RARE_CARDS","is_daily":false,"chose_seed":false,"campfire_upgraded":9,"win_rate":0.0,"timestamp":1614221820,"path_taken":["R","M","$","?","M","R","T","R","E","R","E","$","M","E","M","BOSS","R","M","?","?","?","R","T","E","$","?","E","R","M","$","M","BOSS","R","M","?","?","$","M","T","?","E","R","M","R","M","M","M","BOSS","E","$","R","BOSS"],"items_purchased_type":["Card","Relic","Relic","Card","Potion","Card","Card","Card"],"build_version":"2020-12-22","purchased_purges":0,"victory":false,"max_hp_per_floor":[70,70,70,70,70,70,70,70,70,70,70,70,70,70,70,70,70,70,70,70,70,70,70,70,70,70,75,75,75,75,75,75,75,75,85,85,85,85,85,85,85,75,75,75,75,75,75,75,75,75,75,75,75,75,75,75,75],"card_choices":[{"not_picked":["bronze:ShipIt","bronze:BurnOut"],"picked":"bronze:FindAndReplace","floor":0},{"not_picked":["bronze:ForceShield","bronze:Turbo"],"picked":"bronze:GetLatest","floor":2},{"not_picked":["bronze:Turbo","bronze:NullPointer"],"picked":"bronze:Iterate","floor":3},{"not_picked":["bronze:Safeguard","bronze:NullPointer"],"picked":"bronze:Repair","floor":4},{"not_picked":["bronze:Shield","bronze:BitShift"],"picked":"bronze:Branch","floor":5},{"not_picked":["bronze:DarkDash","bronze:DelayedGuard"],"picked":"bronze:Shell","floor":9},{"not_picked":["bronze:MaxOutput","bronze:Return"],"picked":"bronze:CleanCode","floor":11},{"not_picked":["bronze:DelayedGuard","bronze:Shield"],"picked":"bronze:Return","floor":12},{"not_picked":["bronze:WhirlingStrike","bronze:FineTuning"],"picked":"bronze:MaxOutput","floor":13},{"not_picked":["bronze:Shield","bronze:FineTuning"],"picked":"bronze:Repair","floor":14},{"not_picked":["bronze:BitShift","bronze:DarkDash"],"picked":"bronze:GetLatest","floor":15},{"not_picked":["bronze:BurnOut","bronze:FindAndReplace"],"picked":"bronze:HyperBeam","floor":16},{"not_picked":["bronze:BuggyMess+1","bronze:InfiniteBeams"],"picked":"bronze:Safeguard","floor":19},{"not_picked":["bronze:CutThrough","bronze:Deprecate"],"picked":"bronze:OilSpill+1","floor":22},{"not_picked":["bronze:DelayedSlice","bronze:CutThrough"],"picked":"bronze:Separator","floor":25},{"not_picked":["bronze:Overload","bronze:Return+1"],"picked":"bronze:Overheat","floor":26},{"not_picked":["bronze:Constructor","bronze:Refactor"],"picked":"bronze:Optimize","floor":28},{"not_picked":["bronze:Boost","bronze:Separator"],"picked":"bronze:ItsAFeature+1","floor":30},{"not_picked":["bronze:DelayedGuard","bronze:Flail"],"picked":"bronze:Philosophize+1","floor":31},{"not_picked":["bronze:FineTuning","bronze:ShipIt"],"picked":"bronze:OilSpill","floor":31},{"not_picked":["bronze:Frontload","bronze:WildBeam"],"picked":"bronze:BugBarrage","floor":31},{"not_picked":["bronze:WhirlingStrike","bronze:DelayedSlice"],"picked":"bronze:CutThrough","floor":31},{"not_picked":["bronze:WhirlingStrike","bronze:Overheat"],"picked":"bronze:BuggyMess","floor":31},{"not_picked":["bronze:WhirlingStrike+1","bronze:Shield"],"picked":"bronze:ChildClass","floor":31},{"not_picked":["bronze:Iterate","bronze:WhirlingStrike"],"picked":"bronze:Shell","floor":32},{"not_picked":["bronze:HyperBeam","bronze:AlphaBuild"],"picked":"bronze:Mutator","floor":33},{"not_picked":["bronze:Constructor+1","bronze:DelayedGuard"],"picked":"bronze:ChildClass","floor":36},{"not_picked":["expansioncontent:AwakenDeath","expansioncontent:Hexaburn"],"picked":"expansioncontent:PrepareCrush","floor":37},{"not_picked":["expansioncontent:InvincibleStrength","expansioncontent:GuardianWhirl"],"picked":"expansioncontent:PrepareCrush","floor":37},{"not_picked":["expansioncontent:AwakenDeath","expansioncontent:YouAreMine"],"picked":"expansioncontent:PrepareCrush","floor":37},{"not_picked":["bronze:Deprecate","bronze:Frontload+1"],"picked":"bronze:ForceShield","floor":38},{"not_picked":["bronze:Shield","bronze:Safeguard+1"],"picked":"bronze:BuggyMess","floor":40},{"not_picked":["bronze:Constructor","bronze:DigitalCarnage"],"picked":"bronze:ItsAFeature+1","floor":43},{"not_picked":["bronze:Deprecate+1","bronze:Branch+1"],"picked":"bronze:BronzeOrb+1","floor":45},{"not_picked":["bronze:Turbo","bronze:BuggyMess"],"picked":"bronze:InfiniteBeams+1","floor":47},{"not_picked":["bronze:Terminator","bronze:Turbo+1"],"picked":"bronze:ClassDefault","floor":48},{"not_picked":["bronze:ChosenStrike","bronze:Boost+1","bronze:WildBeam+1"],"picked":"SKIP","floor":49},{"not_picked":["bronze:Constructor","bronze:ItsAFeature"],"picked":"bronze:NullPointer","floor":52}],"player_experience":1049566,"relics_obtained":[{"floor":7,"key":"Matryoshka"},{"floor":9,"key":"Lantern"},{"floor":11,"key":"Centennial Puzzle"},{"floor":14,"key":"Slimebound:PreparedRelic"},{"floor":24,"key":"Bottled Lightning"},{"floor":25,"key":"Slimebound:StickyStick"},{"floor":28,"key":"Bottled Tornado"},{"floor":38,"key":"StoneCalendar"},{"floor":41,"key":"bronze:CableSpool"},{"floor":41,"key":"bronze:BronzeIdol"},{"floor":43,"key":"Guardian:PocketSentry"},{"floor":52,"key":"Blue Candle"}],"event_choices":[{"damage_healed":0,"gold_gain":0,"player_choice":"Ignored","damage_taken":0,"max_hp_gain":0,"max_hp_loss":0,"event_name":"Ghosts","floor":21,"gold_loss":0},{"damage_healed":0,"gold_gain":0,"player_choice":"Fight","damage_taken":0,"max_hp_gain":0,"max_hp_loss":0,"event_name":"Mysterious Sphere","floor":38,"gold_loss":0}],"is_beta":false,"boss_relics":[{"not_picked":["Astrolabe","Tiny House"],"picked":"bronze:PlatinumCore"},{"not_picked":["Calling Bell","expansioncontent:StudyCardRelic"],"picked":"Coffee Dripper"}],"items_purged_floors":[],"is_endless":false,"potions_floor_spawned":[2,4,5,11,13,15,22,28,33,36,40,47,48,49],"killed_by":"downfall:NeowBoss","ascension_level":3}}