{"host":"x1qj4d8ympd5jdqh","time":1614262320,"event":{"mods":["AchievementEnabler","AlwaysNeverKeys","BaseMod","Colored Map","Custom Start","DeckTracker","Highlight Path","Minty Spire (QoL Compilation)","StSLib","SuperFastMode"],"gold_per_floor":[210,224,71,71,87,87,101,130,130,130,142,142,171,190,190,266,266,284,284,300,70,81,81,108,133,133,133,147,179,179,229,229,304,304,318,330,148,173,23,50,50,50,131,162,162,179,214,231,231,231],"floor_reached":49,"language":"KOR","playtime":1614,"items_purged":["Defend_P","Defend_P","Defend_P","Defend_P"],"score":1346,"play_id":"6474e133-c9e5-44b8-82da-7341348545a0","local_time":"20210225231200","is_ascension_mode":true,"campfire_choices":[{"data":"Eruption","floor":6.0,"key":"SMITH"},{"data":"CrushJoints","floor":12.0,"key":"SMITH"},{"data":"MentalFortress","floor":15.0,"key":"SMITH"},{"floor":23.0,"key":"REST"},{"floor":27.0,"key":"REST"},{"floor":32.0,"key":"REST"},{"data":"Scrawl","floor":41,"key":"SMITH"},{"floor":45,"key":"REST"}],"circlet_count":0,"master_deck":["AscendersBane","Eruption+1","Vigilance","CarveReality","EmptyFist","MentalFortress+1","CrushJoints+1","Tantrum+1","Scrawl+1","Vault+1","EmptyMind+1","FearNoEvil+1","Vault","InnerPeace","TalkToTheHand+1"],"relics":["PureWater","Incense Burner","Question Card","Molten Egg 2","Astrolabe","Anchor","Regal Pillow","Letter Opener","Bird Faced Urn","Empty Cage","StoneCalendar","Juzu Bracelet","Lizard Tail","InkBottle"],"acts_visited":["Exordium","TheCity","TheBeyond"],"potions_floor_usage":[33,40,46],"damage_taken":[{"damage":1.0,"enemies":"Cultist","floor":1.0,"turns":3.0},{"damage":3.0,"enemies":"2 Louse","floor":2.0,"turns":4.0},{"damage":0.0,"enemies":"Jaw Worm","floor":5.0,"turns":2.0},{"damage":4.0,"enemies":"2 Fungi Beasts","floor":7.0,"turns":3.0},{"damage":0.0,"enemies":"Gremlin Nob","floor":8.0,"turns":2.0},{"damage":8.0,"enemies":"Blue Slaver","floor":11.0,"turns":2.0},{"damage":0.0,"enemies":"Lagavulin","floor":13.0,"turns":4.0},{"damage":4.0,"enemies":"Exordium Wildlife","floor":14.0,"turns":3.0},{"damage":32.0,"enemies":"Hexaghost","floor":16.0,"turns":5.0},{"damage":25.0,"enemies":"2 Thieves","floor":18.0,"turns":3.0},{"damage":13.0,"enemies":"Shell Parasite","floor":20.0,"turns":5.0},{"damage":0.0,"enemies":"Chosen and Byrds","floor":22.0,"turns":4.0},{"damage":0.0,"enemies":"Slavers","floor":24.0,"turns":4.0},{"damage":6.0,"enemies":"3 Cultists","floor":28.0,"turns":4.0},{"damage":48.0,"enemies":"Book of Stabbing","floor":29.0,"turns":4.0},{"damage":15,"enemies":"Collector","floor":33,"turns":9},{"damage":0,"enemies":"Orb Walker","floor":35,"turns":3},{"damage":4,"enemies":"3 Shapes","floor":36,"turns":5},{"damage":0,"enemies":"Mind Bloom Boss Battle","floor":38,"turns":6},{"damage":36,"enemies":"Reptomancer","floor":40,"turns":6},{"damage":29,"enemies":"Nemesis","floor":44,"turns":7},{"damage":0,"enemies":"Writhing Mass","floor":46,"turns":5},{"damage":0,"enemies":"Giant Head","floor":47,"turns":8},{"damage":0,"enemies":"Transient","floor":48,"turns":8}],"seed_played":"-7112072694443104215","potions_obtained":[{"floor":2.0,"key":"Ancient Potion"},{"floor":8.0,"key":"Dexterity Potion"},{"floor":11.0,"key":"FearPotion"},{"floor":13.0,"key":"Explosive Potion"},{"floor":16.0,"key":"Swift Potion"},{"floor":18.0,"key":"SkillPotion"},{"floor":22.0,"key":"Swift Potion"},{"floor":33,"key":"AttackPotion"},{"floor":36,"key":"BlessingOfTheForge"},{"floor":40,"key":"Ambrosia"},{"floor":46,"key":"Block Potion"}],"is_trial":false,"path_per_floor":["M","M","$","T","M","R","M","E","T","?","M","R","E","M","R","B",null,"M","?","M","$","M","R","E","T","T","R","M","E","?","?","R","B",null,"M","M","$","?","$","E","R","?","T","E","R","M","E","M","R"],"character_chosen":"WATCHER","items_purchased":["MentalFortress","FearNoEvil+1","Explosive Potion","PowerPotion"],"campfire_rested":4,"item_purchase_floors":[3,21,21,37],"current_hp_per_floor":[60,57,57,57,57,57,53,53,53,53,45,45,45,41,41,9,53,28,28,15,15,15,35,35,35,35,68,62,14,14,14,49,36,60,62,60,60,62,62,28,28,56,56,27,56,56,56,56,56,56],"gold":231,"neow_bonus":"HUNDRED_GOLD","is_daily":false,"chose_seed":false,"campfire_upgraded":4,"win_rate":0.0,"timestamp":1614262320,"path_taken":["M","M","$","?","?","R","M","E","T","?","M","R","E","M","R","BOSS","M","?","M","$","M","R","E","?","T","R","M","E","?","?","R","BOSS","M","M","$","?","$","E","R","?","T","E","R","M","E","M","R"],"items_purchased_type":["Card","Card","Potion","Potion"],"build_version":"2020-12-22","purchased_purges":4,"victory":false,"max_hp_per_floor":[68,68,68,68,68,68,68,68,68,68,68,68,68,68,68,68,68,68,68,68,68,68,68,68,68,68,68,68,68,68,68,68,68,68,68,68,68,68,68,68,68,56,56,56,56,56,56,56,56,56],"card_choices":[{"not_picked":["Evaluate","Halt"],"picked":"CarveReality","floor":1.0},{"not_picked":["SandsOfTime","ThirdEye"],"picked":"EmptyFist","floor":2.0},{"not_picked":["FlyingSleeves","Nirvana","MasterReality"],"picked":"SKIP","floor":5.0},{"not_picked":["PathToVictory","Crescendo","EmptyBody"],"picked":"SKIP","floor":7.0},{"not_picked":["ConjureBlade","CutThroughFate"],"picked":"CrushJoints","floor":8.0},{"not_picked":["CrushJoints+1","FlyingSleeves+1","Halt","Pray"],"picked":"SKIP","floor":11.0},{"not_picked":["FlyingSleeves+1","BowlingBash+1","EmptyBody","JustLucky+1"],"picked":"SKIP","floor":13.0},{"not_picked":["Vengeance","Pray","Perseverance"],"picked":"Tantrum+1","floor":14.0},{"not_picked":["MasterReality","Brilliance+1","Establishment"],"picked":"Scrawl","floor":16.0},{"not_picked":["SashWhip+1","BowlingBash+1","Prostrate","FollowUp+1"],"picked":"SKIP","floor":18.0},{"not_picked":["Consecrate+1","BowlingBash+1","Collect","Prostrate"],"picked":"SKIP","floor":20.0},{"not_picked":["CutThroughFate+1","Worship","EmptyFist+1","Evaluate"],"picked":"SKIP","floor":22.0},{"not_picked":["JustLucky+1","Meditate","Consecrate+1","MasterReality"],"picked":"SKIP","floor":24.0},{"not_picked":["FlyingSleeves+1","FollowUp+1","WindmillStrike+1","Nirvana"],"picked":"SKIP","floor":28.0},{"not_picked":["CrushJoints+1","Crescendo+1","Wallop+1"],"picked":"Vault","floor":29.0},{"not_picked":["BattleHymn","Protect","WaveOfTheHand"],"picked":"InnerPeace","floor":35},{"not_picked":["EmptyFist+1","InnerPeace","FlyingSleeves+1","Protect"],"picked":"SKIP","floor":36},{"not_picked":["SignatureMove+1","Alpha","Protect","ConjureBlade"],"picked":"SKIP","floor":40},{"not_picked":["CutThroughFate+1","MentalFortress+1","Protect+1"],"picked":"TalkToTheHand+1","floor":44},{"not_picked":["Halt","CrushJoints+1","Evaluate+1","ClearTheMind"],"picked":"SKIP","floor":46},{"not_picked":["FlurryOfBlows+1","JustLucky+1","ThirdEye+1","LikeWater+1"],"picked":"SKIP","floor":47},{"not_picked":["CarveReality+1","BowlingBash+1","Evaluate","Consecrate+1"],"picked":"SKIP","floor":48}],"player_experience":1330642,"relics_obtained":[{"floor":4.0,"key":"Incense Burner"},{"floor":8.0,"key":"Question Card"},{"floor":9.0,"key":"Molten Egg 2"},{"floor":24.0,"key":"Anchor"},{"floor":25.0,"key":"Regal Pillow"},{"floor":26.0,"key":"Letter Opener"},{"floor":29.0,"key":"Bird Faced Urn"},{"floor":38,"key":"StoneCalendar"},{"floor":40,"key":"Juzu Bracelet"},{"floor":44,"key":"Lizard Tail"},{"floor":47,"key":"InkBottle"}],"event_choices":[{"damage_healed":0.0,"max_hp_gain":0.0,"max_hp_loss":0.0,"gold_gain":0.0,"event_name":"Liars Game","player_choice":"Ignored","floor":10.0,"gold_loss":0.0,"damage_taken":0.0},{"damage_healed":0.0,"max_hp_gain":0.0,"max_hp_loss":0.0,"gold_gain":0.0,"event_name":"Vampires","player_choice":"Ignored","floor":19.0,"gold_loss":0.0,"damage_taken":0.0},{"damage_healed":0.0,"max_hp_gain":0.0,"max_hp_loss":0.0,"gold_gain":0.0,"event_name":"The Mausoleum","player_choice":"Ignored","floor":30.0,"gold_loss":0.0,"damage_taken":0.0},{"damage_healed":0.0,"max_hp_gain":0.0,"max_hp_loss":0.0,"gold_gain":50.0,"event_name":"Nest","player_choice":"Stole From Cult","floor":31.0,"gold_loss":0.0,"damage_taken":0.0},{"damage_healed":0,"gold_gain":0,"player_choice":"Fight","damage_taken":0,"max_hp_gain":0,"max_hp_loss":0,"event_name":"MindBloom","floor":38,"gold_loss":0},{"damage_healed":56,"gold_gain":0,"player_choice":"Heal","damage_taken":0,"max_hp_gain":0,"max_hp_loss":12,"event_name":"The Moai Head","floor":42,"gold_loss":0}],"is_beta":false,"boss_relics":[{"not_picked":["Cursed Key","Runic Dome"],"picked":"Astrolabe"},{"not_picked":["Tiny House","Sozu"],"picked":"Empty Cage"}],"items_purged_floors":[3,21,37,39],"is_endless":false,"potions_floor_spawned":[2,8,11,13,16,18,22,33,36,40,44,46],"ascension_level":20}}