{"host":"syozzdlzcqop4jia","time":1614295624,"event":{"mods":["AchievementEnabler","BaseMod","Colored Map","Colored Powertips","Minty Spire (QoL Compilation)","Quick Restart"],"gold_per_floor":[111,111,131,151,170,170,195,215,215,215,56,56,82,106,106,213,213,240,262,275,275,275,275],"floor_reached":22,"language":"ENG","playtime":807,"items_purged":["Strike_B"],"score":209,"play_id":"6a390175-c038-4500-b132-7271dee00f7e","local_time":"20210226002704","is_ascension_mode":true,"campfire_choices":[{"data":"Zap","floor":6,"key":"SMITH"},{"floor":10,"key":"REST"},{"data":"Ball Lightning","floor":12,"key":"SMITH"},{"floor":15,"key":"REST"}],"circlet_count":0,"master_deck":["Strike_B","Strike_B","Strike_B","Defend_B","Defend_B","Defend_B","Zap+1","Dualcast","Ball Lightning+1","Self Repair","Sweeping Beam","Hologram","Redo","Ball Lightning","Capacitor","Rebound","Ball Lightning","Capacitor","Biased Cognition","Chaos","Loop+1"],"relics":["FrozenCore","Blood Vial","CeramicFish"],"acts_visited":["Exordium","TheCity"],"potions_floor_usage":[18],"damage_taken":[{"damage":2,"enemies":"Jaw Worm","floor":1,"turns":3},{"damage":0,"enemies":"Cultist","floor":3,"turns":3},{"damage":0,"enemies":"2 Louse","floor":4,"turns":2},{"damage":12,"enemies":"Exordium Wildlife","floor":5,"turns":3},{"damage":39,"enemies":"Gremlin Nob","floor":7,"turns":5},{"damage":13,"enemies":"Blue Slaver","floor":8,"turns":3},{"damage":11,"enemies":"Looter","floor":13,"turns":2},{"damage":12,"enemies":"Exordium Wildlife","floor":14,"turns":2},{"damage":63,"enemies":"Hexaghost","floor":16,"turns":8},{"damage":8,"enemies":"3 Byrds","floor":18,"turns":4},{"damage":10,"enemies":"Chosen","floor":19,"turns":3},{"damage":39,"enemies":"Snake Plant","floor":20,"turns":5},{"damage":36,"enemies":"Centurion and Healer","floor":22,"turns":8}],"seed_played":"-4517081012637207230","potions_obtained":[{"floor":3,"key":"FearPotion"},{"floor":4,"key":"SpeedPotion"},{"floor":5,"key":"Block Potion"},{"floor":18,"key":"Weak Potion"}],"is_trial":false,"path_per_floor":["M","?","M","M","M","R","E","M","T","R","$","R","M","M","R","B",null,"M","M","M","?","M"],"character_chosen":"DEFECT","items_purchased":["Capacitor","Rebound"],"campfire_rested":2,"item_purchase_floors":[11,11],"current_hp_per_floor":[80,80,80,82,70,70,38,34,34,58,58,58,49,39,63,9,82,81,79,49,33,0,0],"gold":275,"neow_bonus":"TEN_PERCENT_HP_BONUS","is_daily":false,"chose_seed":false,"campfire_upgraded":2,"win_rate":0.0,"timestamp":1614295624,"path_taken":["M","?","M","M","M","R","E","M","T","R","?","R","M","M","R","BOSS","M","M","M","?","M"],"items_purchased_type":["Card","Card"],"build_version":"2020-12-22","purchased_purges":1,"victory":false,"max_hp_per_floor":[82,82,82,82,82,82,82,82,82,82,82,82,82,82,82,82,82,82,82,82,87,87,87],"card_choices":[{"not_picked":["Hologram","Leap"],"picked":"Ball Lightning","floor":1},{"not_picked":["Sunder","Compile Driver"],"picked":"Self Repair","floor":3},{"not_picked":["Heatsinks","Storm"],"picked":"Sweeping Beam","floor":4},{"not_picked":["Recycle","Self Repair"],"picked":"Hologram","floor":5},{"not_picked":["Seek","Stack"],"picked":"Redo","floor":7},{"not_picked":["Rip and Tear","Stack"],"picked":"Ball Lightning","floor":8},{"not_picked":["Cold Snap","Conserve Battery"],"picked":"Ball Lightning","floor":13},{"not_picked":["Steam","Rebound"],"picked":"Capacitor","floor":14},{"not_picked":["Echo Form","Core Surge"],"picked":"Biased Cognition","floor":16},{"not_picked":["Compile Driver","Go for the Eyes"],"picked":"Chaos","floor":18},{"not_picked":["Cold Snap","Leap"],"picked":"Loop+1","floor":19},{"not_picked":["Reprogram","Gash+1","Streamline"],"picked":"SKIP","floor":20}],"player_experience":739495,"relics_obtained":[{"floor":7,"key":"Blood Vial"},{"floor":9,"key":"CeramicFish"}],"event_choices":[{"cards_removed":["Defend_B"],"damage_healed":0,"gold_gain":0,"player_choice":"Offered Basic","damage_taken":0,"max_hp_gain":0,"max_hp_loss":0,"event_name":"Bonfire Elementals","floor":2,"gold_loss":0},{"damage_healed":0,"gold_gain":0,"player_choice":"Shed Blood","damage_taken":21,"max_hp_gain":5,"max_hp_loss":0,"event_name":"Forgotten Altar","floor":21,"gold_loss":0}],"is_beta":false,"boss_relics":[{"not_picked":["Snecko Eye","Coffee Dripper"],"picked":"FrozenCore"}],"items_purged_floors":[11],"is_endless":false,"potions_floor_spawned":[3,4,5,13,18],"killed_by":"Centurion and Healer","ascension_level":2}}