{"host":"q57ekfojy3i00x9o","time":1614239984,"event":{"mods":["Act Like it!","Arknights","Aspiration","BaseMod","Colored Map","Energized Spire","Hermit","Minty Spire (QoL Compilation)","Quick Restart","Ruina","Spicy Shops","Spikes Relics","StSLib","slay the spire mod where everything is the same but ironclad has a cowboy hat"],"gold_per_floor":[367,367,517,172,186,186,186],"floor_reached":6,"language":"RUS","playtime":106,"items_purged":["Doubt"],"score":65,"play_id":"ef99da8e-34ff-40a6-9614-e33134c538e2","local_time":"20210225125944","is_ascension_mode":true,"campfire_choices":[],"circlet_count":0,"master_deck":["AscendersBane","ats:Strike C","ats:Strike G","ats:Strike S+1","ats:Strike V+1","ats:Armor Crushing Shot","ats:Defend","ats:Defend","ats:Defend","ats:Defend","ats:Emotion Absorption","ats:Consecutive Shot Auto","ats:Powerful Strike","Panacea","ats:Hammer On","ats:Healing Drone"],"relics":["ats:Sanity","Lantern"],"acts_visited":["Exordium"],"potions_floor_usage":[],"damage_taken":[{"damage":14,"enemies":"Small Slimes","floor":1,"turns":4},{"damage":0,"enemies":"2 Louse","floor":5,"turns":2},{"damage":20,"enemies":"3 Sentries","floor":6,"turns":3}],"seed_played":"-5361809423747147470","potions_obtained":[],"is_trial":false,"path_per_floor":["M","?","?","$","M","E"],"character_chosen":"DOCTOR_CLASS","items_purchased":["ats:Powerful Strike","Lantern","Panacea","ats:Hammer On"],"campfire_rested":0,"item_purchase_floors":[4,4,4,4],"current_hp_per_floor":[33,11,11,11,11,0,0],"gold":186,"neow_bonus":"TWO_FIFTY_GOLD","is_daily":false,"chose_seed":false,"campfire_upgraded":0,"win_rate":0.0,"timestamp":1614239984,"path_taken":["M","?","?","$","M","E"],"items_purchased_type":["Card","Relic","Card","Card"],"build_version":"2020-12-22","purchased_purges":1,"victory":false,"max_hp_per_floor":[72,72,72,72,72,72,72],"card_choices":[{"not_picked":["ats:Poison Spread","ats:Hammer On"],"picked":"ats:Consecutive Shot Auto","floor":1},{"not_picked":["ats:Healing Strengthening","ats:Demon Strength"],"picked":"ats:Healing Drone","floor":5}],"player_experience":795234,"relics_obtained":[],"event_choices":[{"damage_healed":0,"gold_gain":0,"player_choice":"Entered Light","damage_taken":22,"max_hp_gain":0,"max_hp_loss":0,"event_name":"Shining Light","floor":2,"gold_loss":0,"cards_upgraded":["ats:Strike S","ats:Strike V"]},{"damage_healed":0,"gold_gain":150,"player_choice":"AGREE","damage_taken":0,"max_hp_gain":0,"max_hp_loss":0,"event_name":"Liars Game","floor":3,"gold_loss":0,"cards_obtained":["Doubt"]}],"is_beta":false,"boss_relics":[],"items_purged_floors":[4],"is_endless":false,"potions_floor_spawned":[],"killed_by":"3 Sentries","ascension_level":18}}