{"host":"bnpj5ln693dhfj4y","time":1614239433,"event":{"mods":["AchievementEnabler","BaseMod","Colored Map","Colored Powertips","DeckTracker","Highlight Path","Minty Spire (QoL Compilation)","Weighted Paths"],"gold_per_floor":[117,136,147,117,128,454,454,482,482,497,462,462,475,0,0,103,103,150,194,194,239,289,323,323,370,397,407,407,75,95,112,112,245,245,285,285,40,55,55,55],"floor_reached":39,"language":"ENG","playtime":4620,"items_purged":["Defend_P","Strike_P"],"score":442,"play_id":"0dd206d0-6191-45cd-951d-9a51391ee311","local_time":"20210225085033","is_ascension_mode":false,"campfire_choices":[{"data":"DeceiveReality","floor":7,"key":"SMITH"},{"data":"Apotheosis","floor":15,"key":"SMITH"},{"floor":24,"key":"REST"},{"floor":28,"key":"REST"},{"floor":32,"key":"REST"}],"circlet_count":0,"master_deck":["Strike_P","Strike_P","Defend_P","Defend_P","Defend_P","Eruption","Vigilance","DeceiveReality+1","Consecrate","EmptyMind","CarveReality","FearNoEvil","Nirvana","ReachHeaven","Wallop","CarveReality","BowlingBash","Apotheosis+1","WaveOfTheHand","Wish","Meditate+1","Weave","Pray","BattleHymn+1","Prostrate","EmptyBody+1","Judgement","Fasting2","Wireheading","JustLucky+1","SandsOfTime+1","EmptyBody","DevaForm"],"relics":["Velvet Choker","Old Coin","Dream Catcher","Pantograph","Sling","Black Star","Enchiridion","Gremlin Horn","Matryoshka","Ornamental Fan","Pen Nib","Kunai","SacredBark","Oddly Smooth Stone"],"acts_visited":["Exordium","TheCity","TheBeyond"],"potions_floor_usage":[6,8,18,22,23,23,30,31,33,35],"damage_taken":[{"damage":0,"enemies":"Jaw Worm","floor":1,"turns":4},{"damage":0,"enemies":"Small Slimes","floor":2,"turns":4},{"damage":0,"enemies":"Cultist","floor":3,"turns":4},{"damage":0,"enemies":"Looter","floor":4,"turns":4},{"damage":6,"enemies":"Exordium Wildlife","floor":5,"turns":3},{"damage":8,"enemies":"Gremlin Nob","floor":6,"turns":4},{"damage":7,"enemies":"Lagavulin","floor":8,"turns":6},{"damage":13,"enemies":"2 Fungi Beasts","floor":10,"turns":3},{"damage":0,"enemies":"Red Slaver","floor":13,"turns":3},{"damage":23,"enemies":"The Guardian","floor":16,"turns":7},{"damage":10,"enemies":"Shell Parasite","floor":18,"turns":4},{"damage":0,"enemies":"3 Byrds","floor":19,"turns":5},{"damage":6,"enemies":"Cultist and Chosen","floor":21,"turns":7},{"damage":28,"enemies":"Snake Plant","floor":22,"turns":5},{"damage":9,"enemies":"Book of Stabbing","floor":23,"turns":7},{"damage":4,"enemies":"Snecko","floor":25,"turns":5},{"damage":0,"enemies":"Cultist and Chosen","floor":27,"turns":4},{"damage":20,"enemies":"Snake Plant","floor":30,"turns":3},{"damage":12,"enemies":"Shelled Parasite and Fungi","floor":31,"turns":5},{"damage":18,"enemies":"Champ","floor":33,"turns":7},{"damage":14,"enemies":"3 Darklings","floor":35,"turns":9},{"damage":7,"enemies":"Orb Walker","floor":38,"turns":5},{"damage":58,"enemies":"Transient","floor":39,"turns":5}],"seed_played":"-8323048510875381218","potions_obtained":[{"floor":1,"key":"Block Potion"},{"floor":6,"key":"DuplicationPotion"},{"floor":8,"key":"Fire Potion"},{"floor":10,"key":"ColorlessPotion"},{"floor":19,"key":"SkillPotion"},{"floor":22,"key":"SkillPotion"},{"floor":23,"key":"PowerPotion"},{"floor":27,"key":"SkillPotion"},{"floor":30,"key":"Weak Potion"},{"floor":31,"key":"Energy Potion"}],"is_trial":false,"path_per_floor":["M","M","M","M","M","E","R","E","T","M","?","?","M","$","R","B",null,"M","M","?","M","M","E","R","M","T","M","R","$","M","M","R","B",null,"M","?","$","M","M"],"character_chosen":"WATCHER","items_purchased":["Apotheosis","Sling","WaveOfTheHand","Kunai","Wireheading","Oddly Smooth Stone"],"campfire_rested":3,"item_purchase_floors":[14,14,14,29,29,37],"current_hp_per_floor":[72,72,72,72,66,58,58,51,51,38,56,56,56,56,56,49,72,62,62,46,40,12,3,24,20,20,20,41,41,21,9,30,37,72,58,58,58,51,0,0],"gold":55,"neow_bonus":"BOSS_RELIC","is_daily":false,"chose_seed":false,"campfire_upgraded":2,"win_rate":0.0,"timestamp":1614239433,"path_taken":["M","M","M","M","M","E","R","E","T","M","?","?","M","$","R","BOSS","M","?","?","M","M","E","R","M","T","M","R","$","M","M","R","BOSS","M","?","$","M","M"],"items_purchased_type":["Card","Relic","Card","Relic","Card","Relic"],"build_version":"2020-12-22","purchased_purges":2,"victory":false,"max_hp_per_floor":[72,72,72,72,72,72,72,72,72,72,72,72,72,72,72,72,72,72,72,72,72,72,72,72,72,72,72,72,72,72,72,72,72,72,72,72,72,72,72,72],"card_choices":[{"not_picked":["FlyingSleeves","Nirvana"],"picked":"DeceiveReality","floor":1},{"not_picked":["JustLucky","DeceiveReality"],"picked":"Consecrate","floor":2},{"not_picked":["Perseverance","DeceiveReality"],"picked":"EmptyMind","floor":3},{"not_picked":["CrushJoints","FlyingSleeves"],"picked":"CarveReality","floor":4},{"not_picked":["Study","Protect"],"picked":"FearNoEvil","floor":5},{"not_picked":["EmptyMind","Study"],"picked":"Nirvana","floor":6},{"not_picked":["Crescendo","Ragnarok"],"picked":"ReachHeaven","floor":8},{"not_picked":["ThirdEye","PathToVictory"],"picked":"Wallop","floor":10},{"not_picked":["Evaluate","EmptyFist"],"picked":"BowlingBash","floor":13},{"not_picked":["ConjureBlade","Alpha"],"picked":"Wish","floor":16},{"not_picked":["Halt","Crescendo"],"picked":"Meditate+1","floor":18},{"not_picked":["PathToVictory","CrushJoints"],"picked":"Weave","floor":19},{"not_picked":["EmptyBody+1","ClearTheMind+1"],"picked":"Pray","floor":21},{"not_picked":["Nirvana","SashWhip+1"],"picked":"BattleHymn+1","floor":22},{"not_picked":["ClearTheMind","Vengeance"],"picked":"Prostrate","floor":23},{"not_picked":["SashWhip","ReachHeaven+1"],"picked":"EmptyBody+1","floor":24},{"not_picked":["CarveReality","Weave"],"picked":"Judgement","floor":25},{"not_picked":["FollowUp","EmptyMind+1","Consecrate"],"picked":"SKIP","floor":27},{"not_picked":["Nirvana","FlurryOfBlows"],"picked":"Fasting2","floor":28},{"not_picked":["ClearTheMind","DeceiveReality"],"picked":"JustLucky+1","floor":30},{"not_picked":["Vault","PathToVictory"],"picked":"SandsOfTime+1","floor":31},{"not_picked":["EmptyFist","WreathOfFlame+1"],"picked":"EmptyBody","floor":32},{"not_picked":["Vault","Scrawl"],"picked":"DevaForm","floor":33},{"not_picked":["CrushJoints+1","Sanctity","BowlingBash+1"],"picked":"SKIP","floor":35},{"not_picked":["Halt","Wallop","Perseverance+1"],"picked":"SKIP","floor":38}],"player_experience":383045,"relics_obtained":[{"floor":6,"key":"Old Coin"},{"floor":8,"key":"Dream Catcher"},{"floor":9,"key":"Pantograph"},{"floor":20,"key":"Enchiridion"},{"floor":23,"key":"Gremlin Horn"},{"floor":23,"key":"Matryoshka"},{"floor":26,"key":"Ornamental Fan"},{"floor":26,"key":"Pen Nib"}],"event_choices":[{"damage_healed":18,"gold_gain":0,"player_choice":"Healed","damage_taken":0,"max_hp_gain":0,"max_hp_loss":0,"event_name":"The Cleric","floor":11,"gold_loss":35},{"damage_healed":0,"gold_gain":0,"cards_transformed":["Strike_P"],"player_choice":"Transformed","damage_taken":0,"max_hp_gain":0,"max_hp_loss":0,"event_name":"Transmorgrifier","floor":12,"gold_loss":0,"cards_obtained":["CarveReality"]},{"damage_healed":0,"gold_gain":0,"player_choice":"Obtained Book","damage_taken":16,"max_hp_gain":0,"max_hp_loss":0,"event_name":"Cursed Tome","floor":20,"gold_loss":0},{"damage_healed":0,"gold_gain":0,"player_choice":"Ignored","damage_taken":0,"max_hp_gain":0,"max_hp_loss":0,"event_name":"Tomb of Lord Red Mask","floor":36,"gold_loss":0}],"is_beta":false,"boss_relics":[{"not_picked":["VioletLotus","Ectoplasm"],"picked":"Black Star"},{"not_picked":["Coffee Dripper","Cursed Key"],"picked":"SacredBark"}],"items_purged_floors":[14,37],"is_endless":false,"potions_floor_spawned":[1,6,8,10,19,22,23,27,30,31],"killed_by":"Transient","ascension_level":0}}