{"host":"2lpgcsidu5xufd3q","time":1614232536,"event":{"mods":["BaseMod","Colored Map","Hubris","Minty Spire (QoL Compilation)","Quick Restart","Replay The Spire","StSLib"],"gold_per_floor":[113,127,144,157,4,31,31,57,130,130,130],"floor_reached":10,"language":"ENG","playtime":499,"items_purged":[],"score":82,"play_id":"c45f76ec-e92b-4708-bff5-34b4f4665a6b","local_time":"20210225005536","is_ascension_mode":true,"campfire_choices":[{"floor":7.0,"key":"REST"}],"circlet_count":0,"master_deck":["Strike_P+1","Strike_P","Strike_P+1","Strike_P","Defend_P","Defend_P","Defend_P","Defend_P","Eruption","Vigilance","FlurryOfBlows","Replay:Battleflow","ReachHeaven","ClearTheMind"],"relics":["PureWater","Gremlin Food","Simple Rune","Toy Ornithopter","Bottled Flame"],"acts_visited":["Exordium"],"potions_floor_usage":[],"damage_taken":[{"damage":13.0,"enemies":"Cultist","floor":1.0,"turns":4.0},{"damage":1.0,"enemies":"Jaw Worm","floor":2.0,"turns":3.0},{"damage":0.0,"enemies":"Small Slimes","floor":3.0,"turns":2.0},{"damage":19.0,"enemies":"Red Slaver","floor":4.0,"turns":3.0},{"damage":18.0,"enemies":"3 Sentries","floor":6.0,"turns":11.0},{"damage":21.0,"enemies":"Lagavulin","floor":8.0,"turns":5.0},{"damage":0,"enemies":"Gremlin Nob","floor":10,"turns":2}],"seed_played":"7961101739377334678","potions_obtained":[{"floor":2.0,"key":"PowerPotion"},{"floor":4.0,"key":"EssenceOfSteel"}],"is_trial":false,"path_per_floor":["M","M","M","M","$","E","R","E","T","E"],"character_chosen":"WATCHER","items_purchased":["Simple Rune"],"campfire_rested":1,"item_purchase_floors":[5],"current_hp_per_floor":[59,58,58,39,39,21,42,21,21,21,21],"gold":130,"neow_bonus":"RANDOM_COMMON_RELIC","is_daily":false,"chose_seed":false,"campfire_upgraded":0,"win_rate":0.0,"timestamp":1614232536,"path_taken":["M","M","M","M","$","E","R","E","T","E"],"items_purchased_type":["Relic"],"build_version":"2020-12-22","purchased_purges":0,"victory":false,"max_hp_per_floor":[72,72,72,72,72,72,72,72,72,72,72],"card_choices":[{"not_picked":["ClearTheMind","FlyingSleeves"],"picked":"FlurryOfBlows","floor":1.0},{"not_picked":["BowlingBash","WheelKick"],"picked":"Replay:Battleflow","floor":2.0},{"not_picked":["EmptyFist","ClearTheMind"],"picked":"ReachHeaven","floor":3.0},{"not_picked":["Replay:ManipulateFuture","PathToVictory","SpiritShield"],"picked":"SKIP","floor":4.0},{"not_picked":["Replay:Vibes","Indignation"],"picked":"ClearTheMind","floor":6.0},{"not_picked":["Crescendo","ForeignInfluence","Adaptation"],"picked":"SKIP","floor":8.0}],"player_experience":928817,"relics_obtained":[{"floor":6.0,"key":"Toy Ornithopter"},{"floor":8.0,"key":"Bottled Flame"}],"event_choices":[],"is_beta":false,"boss_relics":[],"items_purged_floors":[],"is_endless":false,"potions_floor_spawned":[2,4],"killed_by":"Gremlin Nob","ascension_level":1}}