{"host":"3h49aoss7u87eyhw","time":1614247820,"event":{"mods":["AchievementEnabler","BaseMod","Library of Ruina","Library of Ruina Extra","Minty Spire (QoL Compilation)","StSLib"],"gold_per_floor":[118,193,260,280,280,306,306,336,336,336,110,110,110,120,120,218,518,538,453,453,146,166,201,47,0,55,5,18,18,18,34,34,137,137,151,163,163,183,183,217,217,246,246,30,30,41,41,67,67,67],"floor_reached":51,"language":"ZHS","playtime":3845,"items_purged":["ShockRound"],"score":757,"play_id":"44dd7a4d-390d-47da-84a7-3c8e925c2e03","local_time":"20210225181020","is_ascension_mode":false,"campfire_choices":[{"floor":7,"key":"REST"},{"floor":12,"key":"REST"},{"floor":15,"key":"REST"},{"data":"DesperateStruggle","floor":29,"key":"SMITH"},{"data":"Unlock1","floor":32,"key":"SMITH"},{"floor":45,"key":"REST"},{"floor":49,"key":"REST"}],"circlet_count":0,"master_deck":["Dodge","LightDefense","LightAttack","LightAttack","LightAttack","LightDefense","LightDefense","LightDefense","ChargeAndCover+1","Commandeering","AsThePrescriptOrders","StrikeDown","FlashingStrike+1","AlloutWar+1","YourShield","CrackOfDawn","CurseOfTheBell","DesperateStruggle+1","Outburst","Unlock1+1","GaleKick","Necronomicurse","DriedUp","BlazingStrike","SnakesPrey+1","Slice_lor","Commandeering","SmokingPipe+1","HandlingWork+1","TimeForALittleTest+1","Juggling","SerpentSwordTechnique+1","Riposte+1","SunsetBlade+1"],"relics":["PageOfLibrarian","PageOfUniverseFragment","PageOfScarecrow","Boot","Smiling Mask","Sling","Calling Bell","Anchor","Pantograph","Old Coin","PageOfOzma","PageOfThreeBirds","PageOfSpiderBud","Vajra","Blood Vial","Necronomicon","PageOfBlackSwan","PageOfTodaysShyLook","PageOfBloodbath","Bird Faced Urn","Bag of Marbles","Dream Catcher"],"acts_visited":["Exordium","TheCity","TheBeyond"],"potions_floor_usage":[51],"damage_taken":[{"damage":0,"enemies":"Small Slimes","floor":1,"turns":3},{"damage":1,"enemies":"Jaw Worm","floor":4,"turns":5},{"damage":17,"enemies":"Gremlin Nob","floor":6,"turns":5},{"damage":10,"enemies":"3 Sentries","floor":8,"turns":6},{"damage":0,"enemies":"2 Louse","floor":14,"turns":2},{"damage":58,"enemies":"Slime Boss","floor":16,"turns":15},{"damage":8,"enemies":"3 Byrds","floor":18,"turns":4},{"damage":0,"enemies":"Chosen","floor":22,"turns":2},{"damage":10,"enemies":"Slavers","floor":23,"turns":5},{"damage":0,"enemies":"Snecko","floor":28,"turns":2},{"damage":0,"enemies":"Centurion and Healer","floor":31,"turns":3},{"damage":33,"enemies":"Collector","floor":33,"turns":4},{"damage":0,"enemies":"Orb Walker","floor":35,"turns":1},{"damage":0,"enemies":"3 Shapes","floor":36,"turns":2},{"damage":0,"enemies":"Writhing Mass","floor":38,"turns":2},{"damage":5,"enemies":"Nemesis","floor":40,"turns":3},{"damage":46,"enemies":"Reptomancer","floor":42,"turns":4},{"damage":0,"enemies":"4 Shapes","floor":46,"turns":4},{"damage":7,"enemies":"Nemesis","floor":48,"turns":4},{"damage":13,"enemies":"Donu and Deca","floor":50,"turns":6}],"seed_played":"8934720982158990322","potions_obtained":[{"floor":8,"key":"EntropicBrew"},{"floor":14,"key":"SpeedPotion"},{"floor":18,"key":"Ancient Potion"}],"is_trial":false,"path_per_floor":["M","?","?","M","T","E","R","E","T","?","$","R","?","M","R","B",null,"M","?","?","$","M","E","$","?","T","$","M","R","?","M","R","B",null,"M","M","?","M","?","E","?","E","T","$","R","M","$","E","R","B",null],"character_chosen":"Librarian","items_purchased":["Sling","YourShield","PageOfThreeBirds","Vajra","Juggling","Bag of Marbles"],"campfire_rested":5,"item_purchase_floors":[11,11,21,24,44,44],"current_hp_per_floor":[60,49,49,48,48,31,51,41,41,27,27,47,47,47,67,16,74,66,66,66,66,68,58,58,58,58,58,65,65,49,53,53,42,74,74,74,74,74,74,69,69,32,32,32,54,58,58,66,74,74],"gold":67,"neow_bonus":"ONE_RANDOM_RARE_CARD","is_daily":false,"chose_seed":false,"campfire_upgraded":2,"win_rate":0.0,"timestamp":1614247820,"path_taken":["M","?","?","M","?","E","R","E","T","?","$","R","?","?","R","BOSS","M","?","?","$","M","E","$","?","T","?","?","R","?","M","R","BOSS","M","M","?","?","?","E","?","E","T","$","R","?","?","E","R","BOSS"],"items_purchased_type":["Relic","Card","Relic","Relic","Card","Relic"],"build_version":"2020-12-22","purchased_purges":1,"victory":true,"max_hp_per_floor":[63,63,63,63,63,68,68,68,68,68,68,68,68,68,68,74,74,74,74,74,74,74,74,74,74,74,74,74,74,74,74,74,74,74,74,74,74,74,74,74,74,74,74,74,74,74,74,74,74,74],"card_choices":[{"not_picked":["Diversion","StrikeDown","Crush","Wallop_lor","SuppressingShot","Execute_lor","Parry2","SetFire"],"picked":"AsThePrescriptOrders","floor":1},{"not_picked":["Tttonst","GuidanceOfTheGears","VenomousFangs","Diversion","CoordinatedAssault","Thrust","QuickSuppression","FierceOnslaught"],"picked":"StrikeDown","floor":4},{"not_picked":["Eliminate","Endure","SnakesPrey","TheArtOfRapidSteps","Parry2","YourShield","SkitterAway","StrikeDown"],"picked":"FlashingStrike","floor":6},{"not_picked":["Faith","EnergyBeam","Wallop_lor","AbsorbImpact","TieShanKao","BulkyImpact","Thrust","GrazeTheGrass"],"picked":"AlloutWar","floor":8},{"not_picked":["NightInTheBackstreets","StrikeDown","OpportunitySpotted","EnergyCycle","AutomatedMovement","RagingStormLove","UnavoidableGaze","ExtractFuel"],"picked":"ShockRound","floor":14},{"not_picked":["ScratchThat","Tttonst"],"picked":"CrackOfDawn","floor":16},{"not_picked":["Cruelty","BackAttack","Creak","SnakesPrey+1","GuidanceOfTheGears+1","UndertakePrescript","SunsetBlade","WrathOfTorment+1"],"picked":"DesperateStruggle","floor":18},{"not_picked":["StructuralAnalysis","DarkCloud+1","EndlessBattle","EnergyCycle","ChiWen","Preparation","MirageStorm","SunsetBlade"],"picked":"Outburst","floor":22},{"not_picked":["ShockRound+1","PinpointShot","SnakeSlit","Parry","DevastatingThrash","EnergyShield","PreemptiveStrike","UpbeatPerformance"],"picked":"Unlock1","floor":23},{"not_picked":["HiddenBlade","Bvapour","Rampage_lor","FocusFire","SinglePointStab","Tailoring","DesperateStruggle","DestructiveImpact"],"picked":"GaleKick","floor":28},{"not_picked":["Faith+1","BackAttack","Wallop_lor","EnergyShield","HighKick","GuidanceOfTheGears","DefenseOrder+1","FendThisOffIfYouCan+1"],"picked":"DriedUp","floor":31},{"not_picked":["ChargeUp","ScratchThat"],"picked":"BlazingStrike","floor":33},{"not_picked":["Standoff","Wallop_lor","FrontalAssault","SilentMist","DarkCloud","Parry","FleetEdge+1","EnergyShield+1"],"picked":"SnakesPrey+1","floor":35},{"not_picked":["Thrust","Parry+1","Overpower","Tailoring","StartinOutLightly","Decapitation","MindWhip","Zzzzzap"],"picked":"Slice_lor","floor":36},{"not_picked":["SunsetBlade","SerpentSwordTechnique","ExtractFuel+1","FlyingSword+1","EnergyConversion","Castigation","ShockRound","WillOfThePrescript+1"],"picked":"SmokingPipe+1","floor":38},{"not_picked":["YourShield","GutHarvesting","EnergyStrike+1","PinpointShot","HighKick","ClassAndRespect","EnergyShield","Bvapour"],"picked":"HandlingWork+1","floor":40},{"not_picked":["CoordinatedAssault","StructuralAnalysis+1","EnergyShield+1","FormingStorm","SerpentineBarrier+1","DevastatingThrash+1","Concentration+1","BackstreetsDash+1"],"picked":"TimeForALittleTest+1","floor":42},{"not_picked":["MultiBlock+1","Concentration+1","Reload","WrathOfTorment+1","SharpNails+1","Riposte","GuidanceOfTheGears+1","UpbeatPerformance"],"picked":"SerpentSwordTechnique+1","floor":46},{"not_picked":["FleetFootsteps+1","EndlessBattle","FierceOnslaught+1","FrontalAssault+1","BlazingStrike","Parry2","AsThePrescriptOrders+1","DarkCloud+1"],"picked":"Riposte+1","floor":48},{"not_picked":["SinglePointStab+1","Thrust","DefenseOrder","FlyingSword","YoureAHindrance+1","GrazeTheGrass","Multislash","Rewind+1"],"picked":"SunsetBlade+1","floor":49}],"player_experience":35199,"relics_obtained":[{"floor":5,"key":"PageOfUniverseFragment"},{"floor":6,"key":"PageOfScarecrow"},{"floor":8,"key":"Boot"},{"floor":9,"key":"Smiling Mask"},{"floor":17,"key":"Anchor"},{"floor":17,"key":"Pantograph"},{"floor":17,"key":"Old Coin"},{"floor":23,"key":"PageOfSpiderBud"},{"floor":26,"key":"Blood Vial"},{"floor":30,"key":"Necronomicon"},{"floor":40,"key":"PageOfTodaysShyLook"},{"floor":42,"key":"PageOfBloodbath"},{"floor":43,"key":"Bird Faced Urn"},{"floor":48,"key":"Dream Catcher"}],"event_choices":[{"damage_healed":0,"gold_gain":75,"player_choice":"Gather Gold","damage_taken":11,"max_hp_gain":0,"max_hp_loss":0,"event_name":"World of Goop","floor":2,"gold_loss":0},{"damage_healed":0,"gold_gain":67,"player_choice":"Gained Gold","damage_taken":0,"max_hp_gain":0,"max_hp_loss":0,"event_name":"Golden Wing","floor":3,"gold_loss":0},{"damage_healed":0,"gold_gain":0,"player_choice":"Entered Light","damage_taken":14,"max_hp_gain":0,"max_hp_loss":0,"event_name":"Shining Light","floor":10,"gold_loss":0,"cards_upgraded":["ChargeAndCover","AlloutWar"]},{"damage_healed":0,"gold_gain":0,"player_choice":"Grow","damage_taken":0,"max_hp_gain":0,"max_hp_loss":0,"event_name":"Living Wall","floor":13,"gold_loss":0,"cards_upgraded":["FlashingStrike"]},{"damage_healed":0,"gold_gain":0,"player_choice":"Obtained Relic","damage_taken":0,"relics_obtained":["PageOfOzma"],"max_hp_gain":0,"max_hp_loss":0,"event_name":"Addict","floor":19,"gold_loss":85},{"damage_healed":0,"gold_gain":0,"player_choice":"Ignored","damage_taken":0,"max_hp_gain":0,"max_hp_loss":0,"event_name":"Vampires","floor":20,"gold_loss":0},{"damage_healed":0,"gold_gain":0,"player_choice":"Paid Fearfully","damage_taken":0,"max_hp_gain":0,"max_hp_loss":0,"event_name":"Masked Bandits","floor":25,"gold_loss":47},{"damage_healed":0,"gold_gain":0,"player_choice":"Obtained Book","damage_taken":16,"max_hp_gain":0,"max_hp_loss":0,"event_name":"Cursed Tome","floor":30,"gold_loss":0},{"damage_healed":0,"gold_gain":0,"player_choice":"Copied","damage_taken":0,"max_hp_gain":0,"max_hp_loss":0,"event_name":"Duplicator","floor":37,"gold_loss":0,"cards_obtained":["Commandeering"]},{"damage_healed":0,"gold_gain":0,"player_choice":"Ignored","damage_taken":0,"max_hp_gain":0,"max_hp_loss":0,"event_name":"Mysterious Sphere","floor":39,"gold_loss":0},{"cards_removed":["FocusedStrikes"],"damage_healed":0,"gold_gain":0,"player_choice":"Purged","damage_taken":0,"max_hp_gain":0,"max_hp_loss":0,"event_name":"Purifier","floor":41,"gold_loss":0}],"is_beta":false,"boss_relics":[{"not_picked":["Cursed Key","Runic Pyramid"],"picked":"Calling Bell"},{"not_picked":["Astrolabe","SacredBark"],"picked":"PageOfBlackSwan"}],"items_purged_floors":[27],"is_endless":false,"potions_floor_spawned":[8,14,18,28,33,38,40],"ascension_level":0}}