{"host":"xhi24lkuliptqrs1","time":1614255262,"event":{"mods":["BaseMod","Friendly Minions","HololiveMod","KinomotoSakuraMod(木之本樱)","Marisa（F雨　魔理沙）","Minty Spire (QoL Compilation)","Reimu（博丽灵梦）","Remilia（蕾米莉亚）","Replay The Spire","RumiaBox-露米娅的神秘盒子","StSLib","The Bug Knight","WarShipGirlsR/战舰少女R mod","Yakumo Yukari mod","Youmu（魂魄妖梦）","Yuyuko"],"gold_per_floor":[117,117,117,128,141,167,167,21,21,21,21,35,47,47,47,47,47],"floor_reached":16,"language":"ZHS","playtime":1101,"items_purged":[],"score":100,"play_id":"04b193db-f08b-48df-84e7-897af7ad9131","local_time":"20210225201422","is_ascension_mode":false,"campfire_choices":[{"floor":7,"key":"REST"},{"floor":10,"key":"REST"},{"floor":15,"key":"REST"}],"circlet_count":0,"master_deck":["HollowMod:NailStrikeStart","HollowMod:NailStrikeStart+1","HollowMod:NailStrikeStart","HollowMod:NailStrikeStart+1","HollowMod:QuickDashStart","HollowMod:QuickDashStart","HollowMod:QuickDashStart","HollowMod:QuickDashStart","HollowMod:FocusHealStart+1","HollowMod:HuntersJournal","HollowMod:SoulEater+1","HollowMod:WraithStrike","HollowMod:HowlingWraiths","HollowMod:SiblingsShadow","HollowMod:LifebloodCocoon","HollowMod:CornifersMapStart","Parasite"],"relics":["HollowMod:VesselMask","Baka","Garlic","OrangePellets","ReplayTheSpireMod:Ninjato"],"acts_visited":["Exordium"],"potions_floor_usage":[16],"damage_taken":[{"damage":7,"enemies":"Small Slimes","floor":1,"turns":5},{"damage":6,"enemies":"2 Louse","floor":4,"turns":2},{"damage":14,"enemies":"Jaw Worm","floor":5,"turns":4},{"damage":44,"enemies":"Lagavulin","floor":6,"turns":6},{"damage":24,"enemies":"Gremlin Gang","floor":12,"turns":6},{"damage":11,"enemies":"2 Fungi Beasts","floor":13,"turns":4},{"damage":89,"enemies":"The Guardian","floor":16,"turns":10}],"seed_played":"1682475179668204974","potions_obtained":[{"floor":1,"key":"Strength Potion"}],"is_trial":false,"path_per_floor":["M","?","?","M","M","E","R","$","T","R","?","M","M","?","R","B"],"character_chosen":"THE_BUGKNIGHT","items_purchased":["OrangePellets"],"campfire_rested":3,"item_purchase_floors":[8],"current_hp_per_floor":[81,65,65,59,45,7,31,31,31,55,55,41,40,60,82,5,5],"gold":47,"neow_bonus":"TEN_PERCENT_HP_BONUS","is_daily":false,"chose_seed":false,"campfire_upgraded":0,"win_rate":0.0,"timestamp":1614255262,"path_taken":["M","?","?","M","M","E","R","$","T","R","?","M","M","?","R","BOSS"],"items_purchased_type":["Relic"],"build_version":"2020-12-22","purchased_purges":0,"victory":false,"max_hp_per_floor":[82,82,82,82,82,82,82,82,82,82,82,82,82,82,82,82,82],"card_choices":[{"not_picked":["HollowMod:MothsMistake","HollowMod:NewJinnsSoul"],"picked":"HollowMod:HuntersJournal","floor":1},{"not_picked":["HollowMod:CoiledNail","HollowMod:VengefulVoid"],"picked":"HollowMod:WraithStrike","floor":4},{"not_picked":["HollowMod:BaldurShell","HollowMod:DreamGate"],"picked":"HollowMod:HowlingWraiths","floor":5},{"not_picked":["HollowMod:ChannelNail","HollowMod:ShadowDash"],"picked":"HollowMod:SiblingsShadow","floor":6},{"not_picked":["HollowMod:MidwifesHunger","HollowMod:VengefulVoid"],"picked":"HollowMod:LifebloodCocoon","floor":12},{"not_picked":["HollowMod:DreamGate","HollowMod:SiblingsSouls"],"picked":"HollowMod:CornifersMapStart","floor":13}],"player_experience":104847,"relics_obtained":[{"floor":1,"key":"Baka"},{"floor":6,"key":"Garlic"},{"floor":9,"key":"ReplayTheSpireMod:Ninjato"}],"event_choices":[{"damage_healed":0,"gold_gain":0,"player_choice":"Entered Light","damage_taken":16,"max_hp_gain":0,"max_hp_loss":0,"event_name":"Shining Light","floor":2,"gold_loss":0,"cards_upgraded":["HollowMod:NailStrikeStart","HollowMod:NailStrikeStart"]},{"damage_healed":0,"gold_gain":0,"player_choice":"Grow","damage_taken":0,"max_hp_gain":0,"max_hp_loss":0,"event_name":"Living Wall","floor":11,"gold_loss":0,"cards_upgraded":["HollowMod:FocusHealStart"]},{"damage_healed":20,"gold_gain":0,"player_choice":"Healed and dodged fight","damage_taken":0,"max_hp_gain":0,"max_hp_loss":0,"event_name":"Mushrooms","floor":14,"gold_loss":0,"cards_obtained":["Parasite"]}],"is_beta":false,"boss_relics":[],"items_purged_floors":[],"is_endless":false,"potions_floor_spawned":[1],"killed_by":"The Guardian","ascension_level":0}}