{"host":"whe4vf9w0yuhsr02","time":1614252147,"event":{"mods":["AchievementEnabler","Act Like it!","BaseMod","Better Altar","Better Match","Better Note","Better Sensory Stone","Better Skull","Better Third Choice","Colored Map","Dark Map","Friendly Minions","Highlight Path","Hubris","Library of Ruina","Library of Ruina Extra","Lobotomy","LobotomyExtend","Minty Spire (QoL Compilation)","Poor People Problems","Quick Restart","Replay The Spire","StSLib","everything is the same but u backflip on backflip"],"gold_per_floor":[112,125,145,145,155,186,186,197,267,285,285,315,315,315,326,326,326,421,421,431,431,448,448,224,253,272,27,106,120,20,38,63,79,79,178,178,197,197,214,89,89,89,124,124,124,124,152,172,183,210,210,210,210],"floor_reached":54,"language":"ENG","playtime":1359,"items_purged":["Doubt","CommonCold","CommonCold"],"score":1506,"play_id":"fc7f2d88-a30b-4a70-bb79-4871b53c126e","local_time":"20210225132227","is_ascension_mode":true,"campfire_choices":[{"data":"DegradedShockwave","floor":7,"key":"SMITH"},{"data":"DegradedPillar","floor":11,"key":"SMITH"},{"data":"DegradedPillar","floor":17,"key":"SMITH"},{"data":"CleanUp","floor":34,"key":"SMITH"},{"data":"DegradedFairy","floor":42,"key":"SMITH"},{"data":"DegradedLock","floor":44,"key":"SMITH"},{"data":"DegradedChain","floor":46,"key":"SMITH"},{"data":"DegradedChain","floor":51,"key":"SMITH"}],"circlet_count":0,"master_deck":["DegradedFairy+1","DegradedFairy+1","DegradedChain+1","DegradedChain+1","DegradedLock+1","DegradedPillar+1","DegradedPillar+1","DegradedShockwave+1","GrazeTheGrass","GrazeTheGrass","CleanUp+1"],"relics":["PageOfLibrarian","HornCleat","Shuriken","PageOfWayBackHome","Replay:Ancient Bell","Vajra","Replay:Bottled Flurry","Lizard Tail","hubris:Icosahedron","Lee\u0027s Waffle","Oddly Smooth Stone","PageOfScorchedGirl","Sundial","Replay:Baseball","Busted Crown","hubris:Towel","Boot","PageOfGreed","PageOfTheQueenOfHatred","PageOfTheKnightOfDespair"],"acts_visited":["Exordium","TheCity","TheBeyond"],"potions_floor_usage":[18,18,31,35,35,52,52],"damage_taken":[{"damage":0,"enemies":"Cultist","floor":1,"turns":1},{"damage":0,"enemies":"2 Louse","floor":2,"turns":1},{"damage":0,"enemies":"Jaw Worm","floor":3,"turns":1},{"damage":0,"enemies":"Exordium Thugs","floor":5,"turns":2},{"damage":0,"enemies":"Gremlin Nob","floor":6,"turns":3},{"damage":0,"enemies":"2 Fungi Beasts","floor":8,"turns":1},{"damage":0,"enemies":"Exordium Wildlife","floor":10,"turns":1},{"damage":0,"enemies":"3 Sentries","floor":12,"turns":2},{"damage":0,"enemies":"Blue Slaver","floor":15,"turns":1},{"damage":0,"enemies":"Fading Forest","floor":18,"turns":11},{"damage":0,"enemies":"2 Thieves","floor":20,"turns":3},{"damage":0,"enemies":"Chosen","floor":22,"turns":2},{"damage":10,"enemies":"Gremlin Leader","floor":25,"turns":3},{"damage":0,"enemies":"Centurion and Healer","floor":26,"turns":2},{"damage":0,"enemies":"Snecko","floor":29,"turns":3},{"damage":0,"enemies":"Snake Plant","floor":31,"turns":2},{"damage":0,"enemies":"Slavers","floor":32,"turns":1},{"damage":0,"enemies":"Centurion and Healer","floor":33,"turns":2},{"damage":0,"enemies":"Automaton","floor":35,"turns":3},{"damage":0,"enemies":"Orb Walker","floor":37,"turns":1},{"damage":0,"enemies":"3 Darklings","floor":39,"turns":2},{"damage":0,"enemies":"Reptomancer","floor":43,"turns":2},{"damage":3,"enemies":"R_Hoarder","floor":47,"turns":4},{"damage":4,"enemies":"Sphere and 2 Shapes","floor":48,"turns":1},{"damage":0,"enemies":"Writhing Mass","floor":49,"turns":2},{"damage":0,"enemies":"Nemesis","floor":50,"turns":3},{"damage":8,"enemies":"hubris:GrandSnecko","floor":52,"turns":6}],"seed_played":"270194369240029989","potions_obtained":[{"floor":3,"key":"PowerPotion"},{"floor":8,"key":"Elixir"},{"floor":12,"key":"SpeedPotion"},{"floor":15,"key":"SkillPotion"},{"floor":26,"key":"SmokeBomb"},{"floor":31,"key":"Fruit Juice"},{"floor":32,"key":"Cursed Concoction"},{"floor":35,"key":"AttackPotion"},{"floor":37,"key":"Explosive Potion"},{"floor":48,"key":"Dexterity Potion"}],"is_trial":false,"path_per_floor":["M","M","M","?","M","E","R","M","T","M","R","E","PTL","PTL","M","?","R","B",null,"M","?","M","?","$","E","M","$","T","M","$","M","E","M","R","B",null,"M","?","M","$","?","R","E","R","T","R","E","M","M","E","R","B",null,null],"character_chosen":"Librarian","items_purchased":["Lee\u0027s Waffle","PageOfScorchedGirl"],"campfire_rested":0,"item_purchase_floors":[24,27],"current_hp_per_floor":[63,63,63,63,63,63,63,63,63,63,63,63,63,63,63,63,63,71,92,92,92,92,92,106,96,96,96,96,96,96,101,101,101,101,101,109,109,109,109,109,109,109,109,109,109,109,106,102,102,102,102,94,94],"gold":210,"neow_bonus":"TEN_PERCENT_HP_BONUS","is_daily":false,"chose_seed":false,"campfire_upgraded":8,"win_rate":0.0,"timestamp":1614252147,"path_taken":["M","?","M","?","M","E","R","?","T","M","R","E","PTL","PTL","M","?","R","BOSS","M","?","M","?","?","E","?","$","T","M","$","M","E","M","R","BOSS","M","?","M","$","?","R","E","R","T","R","E","M","M","E","R","BOSS"],"items_purchased_type":["Relic","Relic"],"build_version":"2020-12-22","purchased_purges":3,"victory":true,"max_hp_per_floor":[99,99,99,99,99,99,99,99,99,99,99,99,99,99,99,99,99,99,99,99,99,99,99,106,106,106,106,106,106,106,111,111,111,111,111,111,111,111,111,111,111,111,111,111,111,111,111,111,111,111,111,111,111],"card_choices":[{"not_picked":["ViolentFlame","TendonChords","PreemptiveStrike","EnergyCycle","GuidanceOfTheGears","BackAttack","SpearedSweep","BiAn","HighKick"],"picked":"SKIP","floor":1},{"not_picked":["Diversion","GuardingStance","SerpentSwordTechnique","HardRehearsal","TraceOfFumes","DarkCloud","UnavoidableGaze","Eliminate","Multislash"],"picked":"SKIP","floor":2},{"not_picked":["Quickness","Crush","BindingChains","Outburst","EnergyShield","ExtremeEdge","YoureAHindrance","Punishment","MultiHit"],"picked":"SKIP","floor":3},{"not_picked":["TasteMyFlamingBat","StrongStrike","RhinoRam","QuickAttack","UpbeatPerformance","NightInTheBackstreets","FendThisOffIfYouCan","FierceCharge","SerpentSwordTechnique"],"picked":"SKIP","floor":5},{"not_picked":["Thrust","IngredientHunt","Overcharge","ClassAndRespect","NonstopAssault","WillOfThePrescript","HandlingWork","Pound","HiddenBlade"],"picked":"SKIP","floor":6},{"not_picked":["QuickAttack","TrashDisposal","Faith","ClassAndRespect","FlyingSword","OpportunitySpotted","SinglePointStab","CircusKnives"],"picked":"GrazeTheGrass","floor":8},{"not_picked":["BayonetCombat","GreatSerpentsImpact","WildCard","UpbeatPerformance","HeavyPeaks","StrikeDown","RhinoRam","AutonomousRush"],"picked":"GrazeTheGrass","floor":10},{"not_picked":["GreatSerpentsImpact","LeRegole","ICanCookAnything","BackAttack","ProselytesBlade","TrimTheIngredients","AsThePrescriptOrders","Multislash","ForTheFamily"],"picked":"SKIP","floor":12},{"not_picked":["DeepDrag","HighKick","FendThisOffIfYouCan","SerpentSwordTechnique","FierceCharge","Castigation","ViolentFlame","UpbeatPerformance","GuidanceOfTheGears"],"picked":"SKIP","floor":15},{"not_picked":["Punishment","BlazingStrike"],"picked":"CleanUp","floor":18},{"not_picked":["Injury","hubris:Sloth","ReplayTheSpireMod:Faulty Equipment","hubris:Wrath","Writhe","Pain","Hallucinations","hubris:Gluttony"],"picked":"CommonCold","floor":19},{"not_picked":["hubris:Wrath","Pain","Regret","Voices","ReplayTheSpireMod:Splinters","Overencumbered","hubris:Envy","CurseOfTheBell"],"picked":"Doubt","floor":19},{"not_picked":["Normality","ReplayTheSpireMod:Doomed","ReplayTheSpireMod:Splinters","hubris:Despair","ReplayTheSpireMod:IOU","CurseOfTheBell","Pain","Voices"],"picked":"CommonCold","floor":19},{"not_picked":["ShockRound","SinglePointStab+1","SpearedSweep","SparkingSpear","StrongStrike","Rewind","GreatSerpentsImpact","DesperateStruggle+1","PuppetBlockade+1"],"picked":"SKIP","floor":20},{"not_picked":["ShrineToMusic","EnergyBeam","EndlessBattle+1","UnavoidableGaze","AutomatedMovement+1","CoordinatedAssault","YouOnlyLiveOnce","ReadyUp+1","AsThePrescriptOrders"],"picked":"SKIP","floor":22},{"not_picked":["Multislash","StayCalm+1","RipSpace","BladeWhirl+1","FrontalAssault","ClassAndRespect","BackAttack","Fence","Transpierce"],"picked":"SKIP","floor":25},{"not_picked":["Diversion+1","PreemptiveStrike+1","PinpointShot+1","StructuralAnalysis+1","MindPrepared+1","StrongStrike+1","TrashDisposal","FlashingStrike","Quickness"],"picked":"SKIP","floor":26},{"not_picked":["Parry2","WillBeTasty","EnergyCycle","TendonChords","BayonetCombat","EndlessBattle","StructuralAnalysis","PinpointShot","SerpentSwordTechnique+1"],"picked":"SKIP","floor":29},{"not_picked":["HandleRequest+1","RatsGuideToSurvival","InkOver","RagingStormLove","BiAn","DevastatingThrash","GreatSerpentsImpact","HighKick","SmokingPipe"],"picked":"SKIP","floor":31},{"not_picked":["HeavyPeaks","DimensionalRift+1","SetFire","BiteOff","SilentNight","StartinOutLightly","DevastatingThrash","SnakesPrey","HandleRequest+1"],"picked":"SKIP","floor":32},{"not_picked":["GrazeTheGrass","GuardingStance","FendThisOffIfYouCan+1","RhinoRam","Parry2","UncannyStrike","KeepItFresh","EnergyStrike","StrikeDown+1"],"picked":"SKIP","floor":33},{"not_picked":["ScatteringSlash+1","EnergyCycle","SinglePointStab+1","WillBeTasty","FierceOnslaught+1","FleetFootsteps","Pound+1"],"picked":"SKIP","floor":37},{"not_picked":["UpbeatPerformance","FlamingDragonFist","Diversion","GuidanceOfTheGears+1","SnakesPrey+1","StrongStrike+1","MultiHit"],"picked":"SKIP","floor":39},{"not_picked":["UndertakePrescript+1","IdentifyWeakpoint","Multislash+1","FierceCharge","YourShield","DarkCloud+1","ScratchThat"],"picked":"SKIP","floor":43},{"not_picked":["StrongStrike","ShrineToMusic+1","Parry2+1","DriedUp","Creak","Marionette","SinglePointStab"],"picked":"SKIP","floor":47},{"not_picked":["SmokingPipe","CoordinatedAssault","TheArtOfRapidSteps+1","Tailoring+1","MindCrush","IllEndYou","AbsorbImpact+1"],"picked":"SKIP","floor":48},{"not_picked":["PinpointShot","EndlessBattle","UnavoidableGaze+1","SunsetBlade","HighKick","YoureTooSlow+1","PreparedMind"],"picked":"SKIP","floor":49},{"not_picked":["NightInTheBackstreets","SnakesPrey+1","Multislash","FeelinGood+1","Diversion","GuidanceOfTheGears","ViolentFlame"],"picked":"SKIP","floor":50}],"player_experience":525802,"relics_obtained":[{"floor":6,"key":"HornCleat"},{"floor":9,"key":"Shuriken"},{"floor":12,"key":"PageOfWayBackHome"},{"floor":25,"key":"Oddly Smooth Stone"},{"floor":28,"key":"Sundial"},{"floor":32,"key":"Replay:Baseball"},{"floor":43,"key":"Boot"},{"floor":45,"key":"PageOfGreed"},{"floor":47,"key":"PageOfTheQueenOfHatred"},{"floor":50,"key":"PageOfTheKnightOfDespair"}],"event_choices":[{"cards_removed":["DegradedFairy"],"damage_healed":0,"gold_gain":0,"player_choice":"Offered Basic","damage_taken":0,"max_hp_gain":0,"max_hp_loss":0,"event_name":"Bonfire Elementals","floor":4,"gold_loss":0},{"damage_healed":0,"gold_gain":0,"player_choice":"Ignored","damage_taken":0,"max_hp_gain":0,"max_hp_loss":0,"event_name":"Transmorgrifier","floor":16,"gold_loss":0},{"damage_healed":0,"gold_gain":0,"player_choice":"Upgraded","damage_taken":0,"max_hp_gain":0,"max_hp_loss":0,"event_name":"Upgrade Shrine","floor":41,"gold_loss":0,"cards_upgraded":["DegradedFairy"]}],"is_beta":false,"boss_relics":[{"not_picked":["Honey Jar","Replay:Bronze Core"],"picked":"Replay:Ancient Bell"},{"not_picked":["Happy Flower","Replay:Mystery Machine"],"picked":"Vajra"},{"not_picked":["Molten Egg 2","PageOfPinocchio"],"picked":"Replay:Bottled Flurry"},{"not_picked":["Counterbalance","PageOfHappyTeddyBear"],"picked":"Lizard Tail"},{"not_picked":["Replay:Drink Me","hubris:HollowSoul"],"picked":"Busted Crown"}],"items_purged_floors":[24,30,40],"is_endless":false,"potions_floor_spawned":[3,8,12,15,26,31,32,33,35,37,48,49,50],"ascension_level":8}}