{"host":"c95txy58ipbu969e","time":1614254624,"event":{"mods":["Act Like it!","BaseMod","Library of Ruina","Library of Ruina Extra","Minty Spire (QoL Compilation)","Permanent Neow","Quick Restart","StSLib"],"gold_per_floor":[110,124,124,172,183,214,214,237,261,261,261,302,317,355,355,478,478,496,509,288,302,22,22,55,90,114,154,334,368,386,405,405,526,526,551,616,270,270,289,330,330,84,132,165,165,165,165,184,184,184,184,184,184,32,71,71],"floor_reached":57,"language":"ZHS","playtime":3463,"items_purged":["Dodge","LightAttack","UnforgettableMelody","FocusedStrikes"],"score":1359,"play_id":"856c6cae-33fc-45ca-a753-15e22fe631b2","local_time":"20210225200344","is_ascension_mode":false,"campfire_choices":[{"data":"Concentration","floor":7.0,"key":"SMITH"},{"data":"SharpNails","floor":11.0,"key":"SMITH"},{"data":"BulkyImpact","floor":15.0,"key":"SMITH"},{"floor":23.0,"key":"RECALL"},{"floor":32.0,"key":"REST"},{"data":"RepressedFlesh","floor":41.0,"key":"PURGE"},{"floor":47,"key":"DIG"},{"floor":49,"key":"DIG"},{"floor":53,"key":"DIG"}],"circlet_count":0,"master_deck":["LightDefense+1","LightDefense","LightDefense","LightDefense+1","ChargeAndCover","EnergyStrike+1","SharpNails+1","Concentration+1","GrazeTheGrass","Parry2","SavageMode+1","BulkyImpact+1","Suppress","Concentration+1","BattleCommand","GoinFirst","EnergyStrike+1","TendonChords+1","Juggling","GrazeTheGrass+1"],"relics":["PageOfLibrarian","Juzu Bracelet","Lantern","Pen Nib","Odd Mushroom","War Paint","Golden Idol","Vajra","Centennial Puzzle","Fusion Hammer","PageOfBloodbath","Membership Card","Omamori","PageOfScorchedGirl","Red Mask","PageOfTodaysShyLook","PageOfPorccubus","Calling Bell","Darkstone Periapt","Calipers","Smiling Mask","Peace Pipe","PageOfFairyFestival","PageOfTheSilentOrchestra","PreservedInsect","PageOfLumberjack","Akabeko","Whetstone","MealTicket","Shovel","Blood Vial","Toy Ornithopter","Bottled Tornado","PageOfHappyTeddyBear","Happy Flower"],"acts_visited":["Exordium","TheCity","TheBeyond","TheEnding"],"potions_floor_usage":[50,56,56],"damage_taken":[{"damage":0.0,"enemies":"2 Louse","floor":1.0,"turns":3.0},{"damage":0.0,"enemies":"Jaw Worm","floor":2.0,"turns":2.0},{"damage":3.0,"enemies":"Small Slimes","floor":5.0,"turns":2.0},{"damage":15.0,"enemies":"3 Sentries","floor":6.0,"turns":5.0},{"damage":2.0,"enemies":"The Mushroom Lair","floor":8.0,"turns":4.0},{"damage":2.0,"enemies":"Gremlin Nob","floor":12.0,"turns":2.0},{"damage":0.0,"enemies":"2 Fungi Beasts","floor":13.0,"turns":2.0},{"damage":7.0,"enemies":"3 Sentries","floor":14.0,"turns":10.0},{"damage":15.0,"enemies":"The Guardian","floor":16.0,"turns":7.0},{"damage":2.0,"enemies":"Spheric Guardian","floor":18.0,"turns":1.0},{"damage":2.0,"enemies":"2 Thieves","floor":19.0,"turns":3.0},{"damage":0.0,"enemies":"Centurion and Healer","floor":21.0,"turns":6.0},{"damage":9.0,"enemies":"Slavers","floor":24.0,"turns":5.0},{"damage":23.0,"enemies":"Masked Bandits","floor":25.0,"turns":4.0},{"damage":6.0,"enemies":"Book of Stabbing","floor":27.0,"turns":4.0},{"damage":11.0,"enemies":"Gremlin Leader","floor":29.0,"turns":4.0},{"damage":0.0,"enemies":"3 Cultists","floor":30.0,"turns":3.0},{"damage":2.0,"enemies":"Chosen and Byrds","floor":31.0,"turns":5.0},{"damage":42.0,"enemies":"Collector","floor":33.0,"turns":9.0},{"damage":2.0,"enemies":"3 Shapes","floor":35.0,"turns":3.0},{"damage":14.0,"enemies":"2 Orb Walkers","floor":36.0,"turns":4.0},{"damage":7.0,"enemies":"3 Darklings","floor":39.0,"turns":3.0},{"damage":13.0,"enemies":"Giant Head","floor":40.0,"turns":9.0},{"damage":7,"enemies":"Nemesis","floor":44,"turns":3},{"damage":9,"enemies":"Jaw Worm Horde","floor":48,"turns":3},{"damage":33,"enemies":"Time Eater","floor":50,"turns":12},{"damage":89,"enemies":"Time Eater","floor":51,"turns":8},{"damage":7,"enemies":"Shield and Spear","floor":55,"turns":3},{"damage":61,"enemies":"The Heart","floor":56,"turns":8}],"seed_played":"7906110462619322634","potions_obtained":[{"floor":6.0,"key":"Block Potion"},{"floor":8.0,"key":"Explosive Potion"},{"floor":12.0,"key":"AttackPotion"},{"floor":29.0,"key":"BlessingOfTheForge"},{"floor":31.0,"key":"Block Potion"},{"floor":33.0,"key":"LiquidBronze"},{"floor":35.0,"key":"SneckoOil"},{"floor":36.0,"key":"BlessingOfTheForge"},{"floor":55,"key":"SpeedPotion"}],"is_trial":false,"path_per_floor":["M","M","?","T","M","E","R","?","T","?","R","E","M","E","R","B",null,"M","M","$","M","$","R","E","?","T","E","?","E","M","M","R","B",null,"M","?","$","?","M","E","R","$","T","E","?","T","R","M","R","B",null,null,"R","$","E","B",null],"character_chosen":"Librarian","items_purchased":["PageOfBloodbath","Membership Card","Omamori","PageOfFairyFestival","PageOfTheSilentOrchestra","PageOfLumberjack","Akabeko","PageOfHappyTeddyBear"],"campfire_rested":1,"item_purchase_floors":[20,22,22,37,37,42,42,54],"current_hp_per_floor":[60,60,48,48,55,45,45,48,48,48,48,53,60,63,63,55,71,69,69,69,71,71,71,62,46,46,40,21,17,17,31,52,25,71,71,59,59,59,66,69,69,69,69,71,71,71,71,69,69,71,35,71,71,71,69,46],"gold":71,"neow_bonus":"TRANSFORM_CARD","is_daily":false,"chose_seed":false,"campfire_upgraded":3,"win_rate":0.0,"timestamp":1614254624,"path_taken":["M","M","?","?","M","E","R","?","T","?","R","E","M","E","R","BOSS","M","M","$","M","$","R","E","?","T","E","?","E","M","M","R","BOSS","M","?","$","?","M","E","R","$","T","E","?","?","R","M","R","BOSS","R","$","E","BOSS"],"items_purchased_type":["Relic","Relic","Relic","Relic","Relic","Relic","Relic","Relic"],"build_version":"2020-12-22","purchased_purges":4,"victory":true,"max_hp_per_floor":[77,77,77,77,85,85,77,77,77,71,71,71,71,71,71,71,71,71,71,71,80,80,80,80,80,80,80,80,80,80,80,71,71,71,71,71,71,71,71,71,71,71,71,71,71,71,71,71,71,71,71,71,71,71,76,76],"card_choices":[{"not_picked":["Pound","SuppressingShot","StructuralAnalysis"],"picked":"EnergyStrike","floor":1.0},{"not_picked":["Suppress","ClassAndRespect","TendonChords"],"picked":"SharpNails","floor":2.0},{"not_picked":["Marionette","ClassAndRespect","OpportunitySpotted"],"picked":"Concentration","floor":5.0},{"not_picked":["Pound","OpportunitySpotted","ViolentFlame"],"picked":"GrazeTheGrass","floor":6.0},{"not_picked":["GuardingStance","Pound","ConcentratedFire"],"picked":"Parry2","floor":8.0},{"not_picked":["WillOfThePrescript","CircusKnives","ToWhereThePrescriptPoints"],"picked":"SavageMode","floor":12.0},{"not_picked":["QuickAttack","SunsetBlade","QuickSuppression"],"picked":"BulkyImpact","floor":13.0},{"not_picked":["WillOfThePrescript","WildCard","HeavyPeaks","SinglePointStab"],"picked":"SKIP","floor":14.0},{"not_picked":["SavageMode","UnforgettableMelody"],"picked":"Suppress","floor":16.0},{"not_picked":["ViolentFlame","SnakesPrey","QuickSuppression"],"picked":"Concentration+1","floor":18.0},{"not_picked":["Gigigig","StructuralAnalysis","QuickAttack"],"picked":"BattleCommand","floor":19.0},{"not_picked":["SinglePointStab","ViolentFlame+1","MultiBlock"],"picked":"RepressedFlesh","floor":21.0},{"not_picked":["DarkCloud","FocusFire","LawAndOrder","IllEndYou"],"picked":"SKIP","floor":24.0},{"not_picked":["LoosenUp","CombatPreparation","ElectricShock+1","CutIn"],"picked":"SKIP","floor":27.0},{"not_picked":["WildCard","ChargeUp","Overpower+1","Faith"],"picked":"SKIP","floor":29.0},{"not_picked":["MultiHit","SuppressingShot","FieryWaltz","StructuralAnalysis+1"],"picked":"SKIP","floor":30.0},{"not_picked":["ShrineToMusic+1","UpbeatPerformance+1","GuardingStance+1","ToWhereThePrescriptPoints"],"picked":"SKIP","floor":31.0},{"not_picked":["SenseQuarry","ChargeUp"],"picked":"GoinFirst","floor":33.0},{"not_picked":["SunsetBlade","ViolentFlame","PuppetBlockade+1"],"picked":"EnergyStrike+1","floor":35.0},{"not_picked":["MultiHit+1","QuickSuppression+1","WrathOfTorment"],"picked":"TendonChords+1","floor":36.0},{"not_picked":["CombatPreparation+1","ChargeUp","Concentration+1","Overpower"],"picked":"SKIP","floor":39.0},{"not_picked":["QuickAttack+1","CutIn+1","Faith","UnavoidableGaze"],"picked":"SKIP","floor":40.0},{"not_picked":["StrongStrike","ToWhereThePrescriptPoints+1","DestructiveImpact+1","GuardingStance+1"],"picked":"SKIP","floor":44},{"not_picked":["TendonChords+1","PinpointShot","DarkCloud","SunsetBlade"],"picked":"SKIP","floor":48},{"not_picked":["WillOfThePrescript+1","StructuralAnalysis+1","ClassAndRespect+1"],"picked":"GrazeTheGrass+1","floor":55}],"player_experience":287002,"relics_obtained":[{"floor":4.0,"key":"Lantern"},{"floor":6.0,"key":"Pen Nib"},{"floor":8.0,"key":"Odd Mushroom"},{"floor":9.0,"key":"War Paint"},{"floor":12.0,"key":"Vajra"},{"floor":14.0,"key":"Centennial Puzzle"},{"floor":24.0,"key":"PageOfScorchedGirl"},{"floor":25.0,"key":"Red Mask"},{"floor":27.0,"key":"PageOfTodaysShyLook"},{"floor":29.0,"key":"PageOfPorccubus"},{"floor":34.0,"key":"Darkstone Periapt"},{"floor":34.0,"key":"Calipers"},{"floor":34.0,"key":"Smiling Mask"},{"floor":36.0,"key":"Peace Pipe"},{"floor":40.0,"key":"PreservedInsect"},{"floor":43.0,"key":"Whetstone"},{"floor":44,"key":"MealTicket"},{"floor":46,"key":"Shovel"},{"floor":47,"key":"Blood Vial"},{"floor":49,"key":"Toy Ornithopter"},{"floor":53,"key":"Bottled Tornado"},{"floor":55,"key":"Happy Flower"}],"event_choices":[{"damage_healed":0.0,"max_hp_gain":0.0,"max_hp_loss":0.0,"gold_gain":0.0,"event_name":"Scrap Ooze","player_choice":"Success","floor":3.0,"gold_loss":0.0,"damage_taken":12.0,"relics_obtained":["Juzu Bracelet"]},{"damage_healed":0.0,"max_hp_gain":0.0,"max_hp_loss":0.0,"gold_gain":0.0,"event_name":"Mushrooms","player_choice":"Fought Mushrooms","floor":8.0,"gold_loss":0.0,"damage_taken":0.0},{"damage_healed":0.0,"max_hp_gain":0.0,"max_hp_loss":6.0,"gold_gain":0.0,"event_name":"Golden Idol","player_choice":"Lose Max HP","floor":10.0,"gold_loss":0.0,"damage_taken":0.0,"relics_obtained":["Golden Idol"]},{"damage_healed":0.0,"max_hp_gain":0.0,"max_hp_loss":0.0,"gold_gain":0.0,"event_name":"Masked Bandits","player_choice":"Fought Bandits","floor":25.0,"gold_loss":0.0,"damage_taken":0.0},{"damage_healed":0.0,"max_hp_gain":0.0,"max_hp_loss":0.0,"gold_gain":180.0,"event_name":"Knowing Skull","player_choice":"GOLD GOLD ","floor":28.0,"potions_obtained":[],"gold_loss":0.0,"damage_taken":19.0,"cards_obtained":[]},{"damage_healed":0.0,"max_hp_gain":0.0,"max_hp_loss":0.0,"gold_gain":0.0,"event_name":"Mysterious Sphere","player_choice":"Fight","floor":36.0,"gold_loss":0.0,"damage_taken":0.0},{"damage_healed":0.0,"max_hp_gain":0.0,"max_hp_loss":0.0,"gold_gain":0.0,"cards_transformed":["LightAttack"],"event_name":"Transmorgrifier","player_choice":"Transformed","floor":38.0,"gold_loss":0.0,"damage_taken":0.0,"cards_obtained":["Juggling"]},{"damage_healed":0,"gold_gain":0,"player_choice":"Memory 1","damage_taken":0,"max_hp_gain":0,"max_hp_loss":0,"event_name":"SensoryStone","floor":45,"gold_loss":0}],"is_beta":false,"boss_relics":[{"not_picked":["Velvet Choker","Pandora\u0027s Box"],"picked":"Fusion Hammer"},{"not_picked":["Busted Crown","Tiny House"],"picked":"Calling Bell"}],"items_purged_floors":[20,22,37,42],"is_endless":false,"potions_floor_spawned":[6,8,12,13,16,21,29,31,33,35,36,40,44,55],"ascension_level":0}}