{"host":"uyfpom4rlahfoee4","time":1614295706,"event":{"mods":["BaseMod","Downfall","Minty Spire (QoL Compilation)","StSLib"],"gold_per_floor":[99,112,112,130,212,212,212,224,239,72,83,83,83,83,98,98,98,98],"floor_reached":16,"language":"ENG","playtime":558,"items_purged":[],"score":92,"play_id":"3af105b5-80e1-4619-beec-142480566be6","local_time":"20210225152826","is_ascension_mode":false,"campfire_choices":[{"data":"bronze:Replicate","floor":1,"key":"SMITH"},{"data":"bronze:Separator","floor":13,"key":"SMITH"}],"circlet_count":0,"master_deck":["bronze:Strike+1","bronze:Strike+1","bronze:Strike","bronze:Strike","bronze:Defend","bronze:Defend","bronze:Defend","bronze:Defend","bronze:Replicate+1","bronze:Goto","bronze:WhirlingStrike+1","bronze:Separator+1","bronze:Turbo+1","bronze:Constructor+1","bronze:Invalidate+1","bronze:Repair+1","Parasite","bronze:Constructor+1"],"relics":["bronze:BronzeCore","Dream Catcher","downfall:BrokenWingStatue","Toxic Egg 2","Bird Faced Urn","ClockworkSouvenir","bronze:BottledCode"],"acts_visited":["Exordium"],"potions_floor_usage":[],"damage_taken":[{"damage":5,"enemies":"Small Slimes","floor":2,"turns":5},{"damage":1,"enemies":"Jaw Worm","floor":4,"turns":3},{"damage":0,"enemies":"2 Louse","floor":8,"turns":2},{"damage":10,"enemies":"Large Slime","floor":9,"turns":6},{"damage":0,"enemies":"downfall:FleeingMerchant","floor":10,"turns":4},{"damage":7,"enemies":"2 Fungi Beasts","floor":11,"turns":2},{"damage":13,"enemies":"Gremlin Gang","floor":15,"turns":3},{"damage":13,"enemies":"IC_STATUS_ARCHETYPE","floor":16,"turns":8}],"seed_played":"2979803640775338546","potions_obtained":[{"floor":9,"key":"FearPotion"},{"floor":11,"key":"Ancient Potion"},{"floor":15,"key":"Block Potion"}],"is_trial":false,"path_per_floor":["R","M","?","M","T","?","T","M","M","$","M","?","R","?","M","B"],"character_chosen":"THE_AUTOMATON","items_purchased":["ClockworkSouvenir"],"campfire_rested":0,"item_purchase_floors":[10],"current_hp_per_floor":[70,65,65,64,64,64,64,64,54,54,47,47,47,47,44,41,41,41],"gold":98,"neow_bonus":"RANDOM_COMMON_RELIC","is_daily":false,"chose_seed":false,"campfire_upgraded":2,"win_rate":0.0,"timestamp":1614295706,"path_taken":["R","M","?","M","?","?","T","M","M","$","M","?","R","?","M","BOSS"],"items_purchased_type":["Relic"],"build_version":"2020-12-22","purchased_purges":0,"victory":false,"max_hp_per_floor":[70,70,70,70,70,70,70,70,70,70,70,60,60,60,60,60,60,60],"card_choices":[{"not_picked":["bronze:Shield","bronze:Shell"],"picked":"bronze:WhirlingStrike","floor":2},{"not_picked":["bronze:Branch","bronze:Shield"],"picked":"bronze:Separator","floor":4},{"not_picked":["bronze:BronzeArmor+1","bronze:WildBeam"],"picked":"bronze:Turbo+1","floor":8},{"not_picked":["bronze:DelayedSlice","bronze:FindAndReplace+1"],"picked":"bronze:Constructor+1","floor":9},{"not_picked":["bronze:Verify","bronze:Deprecate+1"],"picked":"bronze:Invalidate+1","floor":10},{"not_picked":["bronze:Constructor+1","bronze:DelayedGuard+1"],"picked":"bronze:Repair+1","floor":11},{"not_picked":["bronze:ForceShield+1","bronze:WildBeam"],"picked":"bronze:Constructor+1","floor":15}],"player_experience":216651,"relics_obtained":[{"floor":5,"key":"Toxic Egg 2"},{"floor":7,"key":"Bird Faced Urn"}],"event_choices":[{"damage_healed":0,"gold_gain":0,"player_choice":"Grow","damage_taken":0,"max_hp_gain":0,"max_hp_loss":0,"event_name":"Living Wall","floor":6,"gold_loss":0,"cards_upgraded":["bronze:WhirlingStrike"]}],"is_beta":false,"boss_relics":[],"items_purged_floors":[],"is_endless":false,"potions_floor_spawned":[9,11,15],"killed_by":"IC_STATUS_ARCHETYPE","ascension_level":0}}