{"host":"dbkc9h3etq50r1dq","time":1614214993,"event":{"mods":["100% Spire Juice","AchievementEnabler","BaseMod","Block Reminder","Colored Powertips","Curses Come First","Dark Map","Minty Spire (QoL Compilation)","Permanent Neow","Potion Indicator Mod","Random Character Button","Rare Cards Sparkle","StSLib","SuperFastMode","Weighted Paths"],"gold_per_floor":[113,113,137,137,161,180,180,60,87,102,102,117,117,136,136,266,266,287,287,212,122,135,135,158,158,237,237,262,108,132,145,145,266,266,287,302,320,320,320],"floor_reached":38,"language":"ZHS","playtime":1277,"items_purged":["Moonworks:Defend"],"score":397,"play_id":"a4042e69-88b3-4548-84d4-ea0c6885dcd5","local_time":"20210225090313","is_ascension_mode":false,"campfire_choices":[{"data":"Moonworks:IndiscriminateFireSupport","floor":7.0,"key":"SMITH"},{"data":"Moonworks:UnpaidWork","floor":11.0,"key":"SMITH"},{"floor":13.0,"key":"REST"},{"floor":15.0,"key":"REST"},{"data":"Ghostly","floor":23.0,"key":"SMITH"},{"data":"Ghostly","floor":25.0,"key":"SMITH"},{"data":"Ghostly","floor":27.0,"key":"SMITH"},{"floor":32.0,"key":"REST"}],"circlet_count":0,"master_deck":["Moonworks:Strike","Moonworks:Strike","Moonworks:Defend","Moonworks:Ambush","Moonworks:LongDistanceShot","Moonworks:JonathanRush","Moonworks:HolyNight","Moonworks:EvilSpyWorkPreparation","Moonworks:IndiscriminateFireSupport+1","Moonworks:HolyNight","Moonworks:UnpaidWork+1","Moonworks:MiracleRedBeanIceCream","Moonworks:JonathanRush","Moonworks:Encore","Moonworks:NicePresent+1","Ghostly+1","Ghostly+1","Ghostly+1","Ghostly","Ghostly","Moonworks:BigMagnum","Moonworks:NicePresent+1","Moonworks:RagingMadness","Moonworks:NicePresent","Moonworks:SakisCookie+1"],"relics":["Moonworks:SBBomb","Moonworks:Homemark","Golden Idol","Omamori","Molten Egg 2"],"acts_visited":["Exordium","TheCity","TheBeyond"],"potions_floor_usage":[36,36,37,37],"damage_taken":[{"damage":10.0,"enemies":"Jaw Worm","floor":1.0,"turns":4.0},{"damage":3.0,"enemies":"Small Slimes","floor":3.0,"turns":3.0},{"damage":1.0,"enemies":"Cultist","floor":5.0,"turns":4.0},{"damage":3.0,"enemies":"3 Louse","floor":6.0,"turns":3.0},{"damage":7.0,"enemies":"Red Slaver","floor":10.0,"turns":4.0},{"damage":5.0,"enemies":"Exordium Wildlife","floor":12.0,"turns":2.0},{"damage":21.0,"enemies":"Large Slime","floor":14.0,"turns":5.0},{"damage":20.0,"enemies":"Slime Boss","floor":16.0,"turns":5.0},{"damage":9.0,"enemies":"Shell Parasite","floor":18.0,"turns":5.0},{"damage":0.0,"enemies":"3 Byrds","floor":22.0,"turns":2.0},{"damage":5.0,"enemies":"Centurion and Healer","floor":24.0,"turns":5.0},{"damage":4.0,"enemies":"Cultist and Chosen","floor":28.0,"turns":3.0},{"damage":34.0,"enemies":"Snecko","floor":30.0,"turns":9.0},{"damage":5.0,"enemies":"3 Cultists","floor":31.0,"turns":4.0},{"damage":11.0,"enemies":"Collector","floor":33.0,"turns":6.0},{"damage":7.0,"enemies":"3 Shapes","floor":35.0,"turns":4.0},{"damage":19,"enemies":"Orb Walker","floor":36,"turns":6},{"damage":16,"enemies":"Jaw Worm Horde","floor":37,"turns":3},{"damage":0,"enemies":"3 Darklings","floor":38,"turns":1}],"seed_played":"-8715037410861753946","potions_obtained":[{"floor":3.0,"key":"AttackPotion"},{"floor":6.0,"key":"DistilledChaos"},{"floor":22.0,"key":"Regen Potion"},{"floor":24.0,"key":"BlessingOfTheForge"},{"floor":28.0,"key":"SpeedPotion"},{"floor":33.0,"key":"SteroidPotion"},{"floor":35.0,"key":"ColorlessPotion"},{"floor":36,"key":"PowerPotion"}],"is_trial":false,"path_per_floor":["M","?","M","?","M","M","R","?","T","M","R","M","R","M","R","B",null,"M","?","?","?","M","R","M","R","T","R","M","$","M","M","R","B",null,"M","M","M","M"],"character_chosen":"THE_STARBREAKER","items_purchased":["Moonworks:RagingMadness"],"campfire_rested":3,"item_purchase_floors":[29],"current_hp_per_floor":[56,56,53,53,52,49,49,49,49,42,42,37,55,39,57,41,61,56,30,30,30,30,30,27,27,27,27,28,28,10,10,19,13,30,25,14,6,6,6],"gold":320,"neow_bonus":"TEN_PERCENT_HP_BONUS","is_daily":false,"chose_seed":false,"campfire_upgraded":5,"win_rate":0.0,"timestamp":1614214993,"path_taken":["M","?","M","?","M","M","R","?","T","?","R","M","R","M","R","BOSS","M","?","?","?","M","R","M","R","T","R","M","$","M","M","R","BOSS","M","M","M","M"],"items_purchased_type":["Card"],"build_version":"2020-12-22","purchased_purges":1,"victory":false,"max_hp_per_floor":[66,61,61,61,61,61,61,61,61,61,61,61,61,61,61,61,61,61,30,30,30,30,30,30,30,30,30,30,30,30,30,30,30,30,30,30,30,30,30],"card_choices":[{"not_picked":["Moonworks:SakisCookie","Moonworks:SelfDestruct","Moonworks:BigMagnum"],"picked":"SKIP","floor":1.0},{"not_picked":["Moonworks:NicePresent","Moonworks:BigMagnum"],"picked":"Moonworks:JonathanRush","floor":3.0},{"not_picked":["Moonworks:BeyondHell","Moonworks:LulusLuckyEgg"],"picked":"Moonworks:EvilSpyWorkPreparation","floor":5.0},{"not_picked":["Moonworks:WeAreWaruda","Moonworks:LuckyCharm"],"picked":"Moonworks:IndiscriminateFireSupport","floor":6.0},{"not_picked":["Moonworks:CompletionReward","Moonworks:DeployBits"],"picked":"Moonworks:UnpaidWork","floor":10.0},{"not_picked":["Moonworks:DeployBits","Moonworks:BigMagnum"],"picked":"Moonworks:MiracleRedBeanIceCream","floor":12.0},{"not_picked":["Moonworks:CloudOfSeagulls","Moonworks:UnluckyCharm"],"picked":"Moonworks:JonathanRush","floor":14.0},{"not_picked":["Moonworks:Accelerator","Moonworks:MetallicMonocoque"],"picked":"Moonworks:Encore","floor":16.0},{"not_picked":["Moonworks:CloudOfSeagulls","Moonworks:StiffCrystal+1"],"picked":"Moonworks:NicePresent","floor":18.0},{"not_picked":["Moonworks:FullSpeedAlicianrone+1","Moonworks:ImOnFire"],"picked":"Moonworks:BigMagnum","floor":22.0},{"not_picked":["Moonworks:CloudOfSeagulls","Moonworks:LulusLuckyEgg"],"picked":"Moonworks:NicePresent+1","floor":24.0},{"not_picked":["Moonworks:CastOff","Moonworks:FinalSurgery+1","Moonworks:DevilHand+1"],"picked":"SKIP","floor":28.0},{"not_picked":["Moonworks:SealedMemories+1","Moonworks:ExtendedPhotonRifle+1"],"picked":"Moonworks:NicePresent","floor":30.0},{"not_picked":["Moonworks:LulusLuckyEgg","Moonworks:MiracleRedBeanIceCream","Moonworks:SweetBattle+1"],"picked":"SKIP","floor":31.0},{"not_picked":["Moonworks:ImOnFire","Moonworks:BindingChains"],"picked":"Moonworks:SakisCookie+1","floor":35.0},{"not_picked":["Moonworks:IndiscriminateFireSupport+1","Moonworks:ImOnFire+1","Moonworks:LulusLuckyEgg"],"picked":"SKIP","floor":36},{"not_picked":["Moonworks:FullSpeedAlicianrone+1","Moonworks:SakisCookie","Moonworks:EvilSpyWorkPreparation"],"picked":"SKIP","floor":37}],"player_experience":165497,"relics_obtained":[{"floor":9.0,"key":"Omamori"},{"floor":26.0,"key":"Molten Egg 2"}],"event_choices":[{"damage_healed":0.0,"max_hp_gain":0.0,"max_hp_loss":5.0,"gold_gain":0.0,"event_name":"Golden Idol","player_choice":"Lose Max HP","floor":2.0,"gold_loss":0.0,"damage_taken":0.0,"relics_obtained":["Golden Idol"]},{"damage_healed":0.0,"max_hp_gain":0.0,"max_hp_loss":0.0,"gold_gain":0.0,"cards_transformed":["Moonworks:Strike"],"event_name":"Living Wall","player_choice":"Change","floor":4.0,"gold_loss":0.0,"damage_taken":0.0,"cards_obtained":["Moonworks:HolyNight"]},{"damage_healed":0.0,"max_hp_gain":0.0,"max_hp_loss":0.0,"gold_gain":0.0,"cards_transformed":["Moonworks:Strike"],"event_name":"Transmorgrifier","player_choice":"Transformed","floor":8.0,"gold_loss":0.0,"damage_taken":0.0,"cards_obtained":["Moonworks:HolyNight"]},{"damage_healed":0.0,"max_hp_gain":0.0,"max_hp_loss":31.0,"gold_gain":0.0,"event_name":"Ghosts","player_choice":"Became a Ghost","floor":19.0,"gold_loss":0.0,"damage_taken":0.0,"cards_obtained":["Ghostly","Ghostly","Ghostly","Ghostly","Ghostly"]},{"cards_removed":["Moonworks:Defend"],"damage_healed":0.0,"max_hp_gain":0.0,"max_hp_loss":0.0,"gold_gain":0.0,"event_name":"Beggar","player_choice":"Gave Gold","floor":20.0,"gold_loss":75.0,"damage_taken":0.0},{"cards_removed":["Moonworks:Defend"],"damage_healed":0.0,"max_hp_gain":0.0,"max_hp_loss":0.0,"gold_gain":0.0,"event_name":"Designer","player_choice":"Upgrade and Remove","floor":21.0,"gold_loss":90.0,"damage_taken":0.0,"cards_upgraded":["Moonworks:NicePresent"]}],"is_beta":false,"boss_relics":[{"not_picked":["Philosopher\u0027s Stone","SacredBark"],"picked":"Moonworks:SBBomb"},{"not_picked":[]}],"items_purged_floors":[29],"is_endless":false,"potions_floor_spawned":[3,6,22,24,28,33,35,36],"killed_by":"3 Darklings","ascension_level":0}}