{"host":"8zow35rkxv448q2r","time":1614270790,"event":{"mods":["AchievementEnabler","BaseMod","Colored Map","Colored Powertips","Minty Spire (QoL Compilation)","Relic Stats"],"gold_per_floor":[99,999244,999244,999244,999244,999244,998255,998255,998255,998255,998255,998255,998255,998235,998235,998235,998235,998155,998155,997227,997227,997227,997227,997227,997227,997227,997227,997227,996049,996049,996049,996049,996049,996049,996049,995431,995381,995381,995381,995381,994853,994511,994511,994511,994511,994066,994066,994066,994066,994066,994066],"floor_reached":52,"language":"ENG","playtime":3311,"items_purged":["Rupture+1","Parasite","Wild Strike"],"score":1923,"play_id":"19f7a125-b255-4fc8-b15f-4db7a91f0736","local_time":"20210225113310","is_ascension_mode":true,"campfire_choices":[{"floor":10,"key":"REST"},{"data":"Self Repair","floor":15,"key":"SMITH"},{"floor":24,"key":"REST"},{"data":"Mayhem","floor":32,"key":"SMITH"},{"floor":40,"key":"REST"},{"data":"Demon Form","floor":44,"key":"SMITH"},{"floor":49,"key":"RECALL"}],"circlet_count":0,"master_deck":["AscendersBane","Defend_R","Defend_R","Defend_R","Defend_R+1","Bash","Heavy Blade","Armaments+1","Wild Strike","Second Wind","Seeing Red","Cleave","Feel No Pain","Self Repair+1","Bite+1","Bite+1","Bite+1","Bite+1","Bite+1","Mayhem+1","Iron Wave+1","Creative AI+1","Reckless Charge+1","Reaper+1","Demon Form+1","Fire Breathing","Bludgeon+1","Armaments+1"],"relics":["Ectoplasm","Meat on the Bone","Boot","Brimstone","Shuriken","Akabeko","Darkstone Periapt","PrismaticShard","Oddly Smooth Stone","Juzu Bracelet","Philosopher\u0027s Stone","Molten Egg 2","Turnip","Chemical X","Gremlin Horn","White Beast Statue","MutagenicStrength","Mango","Singing Bowl","Lee\u0027s Waffle","Prayer Wheel","InkBottle","Letter Opener","SlaversCollar","Matryoshka","Regal Pillow","HandDrill","Membership Card","Pen Nib","Anchor","Ancient Tea Set","OrangePellets","Paper Frog","Red Skull","Bottled Lightning","Lizard Tail","Self Forming Clay","StrikeDummy","DollysMirror","Bronze Scales"],"acts_visited":["Exordium","TheCity","TheBeyond"],"potions_floor_usage":[6,7,8,11,11,16,23,23,30,30,33,35,38,39,39,50],"damage_taken":[{"damage":9,"enemies":"2 Louse","floor":1,"turns":3},{"damage":8,"enemies":"Jaw Worm","floor":4,"turns":2},{"damage":0,"enemies":"Cultist","floor":5,"turns":2},{"damage":22,"enemies":"Lagavulin","floor":6,"turns":3},{"damage":10,"enemies":"Large Slime","floor":8,"turns":4},{"damage":12,"enemies":"3 Sentries","floor":11,"turns":3},{"damage":0,"enemies":"Looter","floor":14,"turns":2},{"damage":70,"enemies":"Hexaghost","floor":16,"turns":6},{"damage":35,"enemies":"2 Thieves","floor":18,"turns":4},{"damage":0,"enemies":"Spheric Guardian","floor":19,"turns":3},{"damage":23,"enemies":"Slavers","floor":23,"turns":5},{"damage":27,"enemies":"Snake Plant","floor":28,"turns":2},{"damage":39,"enemies":"Colosseum Slavers","floor":30,"turns":3},{"damage":12,"enemies":"Colosseum Nobs","floor":30,"turns":4},{"damage":30,"enemies":"Book of Stabbing","floor":31,"turns":3},{"damage":30,"enemies":"Automaton","floor":33,"turns":6},{"damage":23,"enemies":"3 Shapes","floor":35,"turns":4},{"damage":27,"enemies":"3 Darklings","floor":38,"turns":3},{"damage":57,"enemies":"Maw","floor":39,"turns":8},{"damage":0,"enemies":"Mind Bloom Boss Battle","floor":45,"turns":3},{"damage":45,"enemies":"Giant Head","floor":47,"turns":5},{"damage":15,"enemies":"Spire Growth","floor":48,"turns":4},{"damage":58,"enemies":"Donu and Deca","floor":50,"turns":5},{"damage":88,"enemies":"Time Eater","floor":51,"turns":5}],"seed_played":"3024702573415996078","potions_obtained":[{"floor":1,"key":"DuplicationPotion"},{"floor":8,"key":"SneckoOil"},{"floor":14,"key":"Fire Potion"},{"floor":19,"key":"DistilledChaos"},{"floor":23,"key":"DuplicationPotion"},{"floor":28,"key":"PowerPotion"},{"floor":30,"key":"Energy Potion"},{"floor":31,"key":"DistilledChaos"},{"floor":33,"key":"AttackPotion"},{"floor":35,"key":"Strength Potion"},{"floor":38,"key":"EssenceOfSteel"},{"floor":39,"key":"FairyPotion"}],"is_trial":false,"path_per_floor":["M","$","?","M","M","E","$","M","T","R","E","?","?","M","R","B",null,"M","M","$","?","?","E","R","?","T","?","M","$","?","E","R","B",null,"M","$","?","M","M","R","$","$","T","R","?","$","E","M","R","B","B",null],"character_chosen":"IRONCLAD","items_purchased":["Rupture","Meat on the Bone","Boot","Brimstone","Explosive Potion","Armaments","Wild Strike","Akabeko","Darkstone Periapt","Fruit Juice","Weak Potion","PrismaticShard","Cleave","Feel No Pain","Molten Egg 2","Turnip","Chemical X","PowerPotion","Mayhem","Mango","Singing Bowl","Lee\u0027s Waffle","Iron Wave+1","Matryoshka","Regal Pillow","HandDrill","Membership Card","Pen Nib","Anchor","Reaper+1","Regen Potion","Demon Form","Ancient Tea Set","OrangePellets","Paper Frog","Fire Breathing","Self Forming Clay","StrikeDummy","Bludgeon+1","DollysMirror"],"campfire_rested":3,"item_purchase_floors":[2,2,2,2,2,2,2,7,7,7,7,7,7,7,20,20,20,20,29,29,29,29,29,36,36,36,41,41,41,41,41,41,42,42,42,42,46,46,46,46],"current_hp_per_floor":[59,59,36,40,40,30,35,37,37,61,49,49,75,82,82,34,73,60,70,70,70,70,57,81,58,58,58,34,79,78,62,62,72,80,80,80,80,70,66,93,93,93,93,93,95,95,66,101,101,82,55],"gold":994066,"neow_bonus":"BOSS_RELIC","is_daily":false,"chose_seed":false,"campfire_upgraded":3,"win_rate":0.0,"timestamp":1614270790,"path_taken":["M","$","?","M","M","E","$","M","T","R","E","?","?","M","R","BOSS","M","M","$","?","?","E","R","?","T","?","M","$","?","E","R","BOSS","M","$","?","M","M","R","?","$","T","R","?","$","E","M","R","BOSS","BOSS"],"items_purchased_type":["Card","Relic","Relic","Relic","Potion","Card","Card","Relic","Relic","Potion","Potion","Relic","Card","Card","Relic","Relic","Relic","Potion","Card","Relic","Relic","Relic","Card","Relic","Relic","Relic","Relic","Relic","Relic","Card","Potion","Card","Relic","Relic","Relic","Card","Relic","Relic","Card","Relic"],"build_version":"2020-12-22","purchased_purges":3,"victory":true,"max_hp_per_floor":[75,75,75,75,75,75,80,80,80,80,80,80,86,86,86,86,86,86,86,83,83,83,83,83,58,58,58,58,79,81,83,83,83,83,87,87,87,89,93,93,93,93,93,93,95,95,97,101,101,101,101],"relic_stats":{"Darkstone Periapt":6,"Lee\u0027s Waffle":31,"Regal Pillow":0,"Gremlin Horn":[9,9],"Singing Bowl":22,"counters":[24,92],"Self Forming Clay":[51],"Pen Nib":[4],"Juzu Bracelet":2,"Letter Opener":[25],"Boot":[0],"OrangePellets":[6],"Lizard Tail":0,"Shuriken":[33],"Bronze Scales":[45],"Prayer Wheel":4,"Ectoplasm":1105,"Turnip":[5],"HandDrill":[12],"Chemical X":[2],"obtain_stats":[{"Darkstone Periapt":7,"Regal Pillow":36,"Gremlin Horn":23,"Singing Bowl":29,"Mango":29,"Juzu Bracelet":11,"Boot":2,"PrismaticShard":7,"Ancient Tea Set":42,"Burning Blood":0,"Lizard Tail":45,"Matryoshka":36,"DollysMirror":46,"Philosopher\u0027s Stone":17,"Prayer Wheel":30,"HandDrill":36,"Chemical X":20,"InkBottle":30,"Red Skull":43,"Paper Frog":42,"Lee\u0027s Waffle":29,"Self Forming Clay":46,"Oddly Smooth Stone":9,"Pen Nib":41,"Letter Opener":31,"Akabeko":7,"White Beast Statue":26,"SlaversCollar":34,"OrangePellets":42,"Anchor":41,"Brimstone":2,"Shuriken":6,"MutagenicStrength":27,"Bronze Scales":47,"Molten Egg 2":20,"Ectoplasm":0,"Turnip":20,"Membership Card":41,"Bottled Lightning":43,"StrikeDummy":46,"Meat on the Bone":2},{"Darkstone Periapt":4,"Regal Pillow":17,"Gremlin Horn":11,"Singing Bowl":12,"Mango":12,"Juzu Bracelet":6,"Boot":1,"PrismaticShard":4,"Ancient Tea Set":19,"Burning Blood":0,"Lizard Tail":20,"Matryoshka":17,"DollysMirror":20,"Philosopher\u0027s Stone":8,"Prayer Wheel":14,"HandDrill":17,"Chemical X":10,"InkBottle":14,"Red Skull":19,"Paper Frog":19,"Lee\u0027s Waffle":12,"Self Forming Clay":20,"Oddly Smooth Stone":5,"Pen Nib":19,"Letter Opener":15,"Akabeko":4,"White Beast Statue":11,"SlaversCollar":16,"OrangePellets":19,"Anchor":19,"Brimstone":1,"Shuriken":4,"MutagenicStrength":11,"Bronze Scales":21,"Molten Egg 2":10,"Ectoplasm":0,"Turnip":10,"Membership Card":19,"Bottled Lightning":19,"StrikeDummy":20,"Meat on the Bone":1},{"Darkstone Periapt":10,"Regal Pillow":59,"Gremlin Horn":37,"Singing Bowl":39,"Mango":39,"Juzu Bracelet":17,"Boot":3,"PrismaticShard":10,"Ancient Tea Set":70,"Burning Blood":0,"Lizard Tail":73,"Matryoshka":59,"DollysMirror":73,"Philosopher\u0027s Stone":25,"Prayer Wheel":46,"HandDrill":59,"Chemical X":32,"InkBottle":46,"Red Skull":70,"Paper Frog":70,"Lee\u0027s Waffle":39,"Self Forming Clay":73,"Oddly Smooth Stone":14,"Pen Nib":70,"Letter Opener":49,"Akabeko":10,"White Beast Statue":37,"SlaversCollar":55,"OrangePellets":70,"Anchor":70,"Brimstone":3,"Shuriken":10,"MutagenicStrength":37,"Bronze Scales":78,"Molten Egg 2":32,"Ectoplasm":0,"Turnip":32,"Membership Card":70,"Bottled Lightning":70,"StrikeDummy":73,"Meat on the Bone":3}],"InkBottle":[19],"Meat on the Bone":84},"card_choices":[{"not_picked":["Burning Pact","Blood for Blood"],"picked":"Heavy Blade","floor":1},{"not_picked":["Heavy Blade","Headbutt"],"picked":"Wild Strike","floor":4},{"not_picked":["Thunderclap","Sword Boomerang"],"picked":"Second Wind","floor":5},{"not_picked":["Rupture","Clash"],"picked":"Seeing Red","floor":6},{"not_picked":["Hologram","A Thousand Cuts","Backflip"],"picked":"SKIP","floor":8},{"not_picked":["HandOfGreed","Leap"],"picked":"Self Repair","floor":11},{"not_picked":["Sword Boomerang","Eviscerate","EmptyBody"],"picked":"SKIP","floor":14},{"not_picked":["Choke","Indignation","ThirdEye"],"picked":"SKIP","floor":18},{"not_picked":["Backflip","PathToVictory","SashWhip"],"picked":"SKIP","floor":19},{"not_picked":["Poisoned Stab+1","Dark Embrace+1","Sucker Punch+1"],"picked":"SKIP","floor":23},{"not_picked":["SignatureMove+1","Deep Breath+1","Rebound+1"],"picked":"SKIP","floor":28},{"not_picked":["Hologram","Turbo","Rebound+1"],"picked":"Singing Bowl","floor":30},{"not_picked":["SignatureMove+1","A Thousand Cuts","Anger+1"],"picked":"Singing Bowl","floor":31},{"not_picked":["Judgement","ConjureBlade"],"picked":"Creative AI","floor":33},{"not_picked":["Ball Lightning+1","Anger+1","Warcry"],"picked":"Singing Bowl","floor":35},{"not_picked":["PathToVictory","Sentinel","SashWhip+1"],"picked":"Singing Bowl","floor":35},{"not_picked":["Clothesline+1","SashWhip+1"],"picked":"Reckless Charge+1","floor":38},{"not_picked":["Stack+1","TalkToTheHand+1","Sucker Punch+1"],"picked":"Singing Bowl","floor":38},{"not_picked":["Aggregate","Madness","Undo+1"],"picked":"Singing Bowl","floor":39},{"not_picked":["Crescendo","Nirvana","Outmaneuver"],"picked":"Singing Bowl","floor":39},{"not_picked":["CrushJoints+1","Leap","Accuracy"],"picked":"Singing Bowl","floor":45},{"not_picked":["Wish","Doom and Gloom+1","EmptyBody"],"picked":"Singing Bowl","floor":47},{"not_picked":["Quick Slash+1","Dodge and Roll+1","Consecrate+1"],"picked":"Singing Bowl","floor":48},{"not_picked":["White Noise","Coolheaded+1","Body Slam+1"],"picked":"Singing Bowl","floor":48}],"player_experience":244944,"relics_obtained":[{"floor":6,"key":"Shuriken"},{"floor":9,"key":"Oddly Smooth Stone"},{"floor":11,"key":"Juzu Bracelet"},{"floor":23,"key":"Gremlin Horn"},{"floor":26,"key":"White Beast Statue"},{"floor":30,"key":"Prayer Wheel"},{"floor":30,"key":"InkBottle"},{"floor":31,"key":"Letter Opener"},{"floor":43,"key":"Red Skull"},{"floor":43,"key":"Bottled Lightning"},{"floor":45,"key":"Lizard Tail"},{"floor":47,"key":"Bronze Scales"}],"event_choices":[{"damage_healed":0,"gold_gain":0,"player_choice":"Entered Light","damage_taken":23,"max_hp_gain":0,"max_hp_loss":0,"event_name":"Shining Light","floor":3,"gold_loss":0,"cards_upgraded":["Defend_R","Rupture"]},{"damage_healed":0,"gold_gain":0,"player_choice":"Grow","damage_taken":0,"max_hp_gain":0,"max_hp_loss":0,"event_name":"Living Wall","floor":12,"gold_loss":0,"cards_upgraded":["Armaments"]},{"damage_healed":20,"gold_gain":0,"player_choice":"Healed and dodged fight","damage_taken":0,"max_hp_gain":0,"max_hp_loss":0,"event_name":"Mushrooms","floor":13,"gold_loss":0,"cards_obtained":["Parasite"]},{"damage_healed":0,"gold_gain":50,"player_choice":"Stole From Cult","damage_taken":0,"max_hp_gain":0,"max_hp_loss":0,"event_name":"Nest","floor":21,"gold_loss":0},{"damage_healed":0,"gold_gain":200,"player_choice":"Gold","damage_taken":0,"max_hp_gain":0,"max_hp_loss":0,"event_name":"Wheel of Change","floor":22,"gold_loss":0},{"damage_healed":0,"gold_gain":0,"player_choice":"Became a vampire","damage_taken":0,"max_hp_gain":0,"max_hp_loss":25,"event_name":"Vampires","floor":25,"gold_loss":0,"cards_obtained":["Bite","Bite","Bite","Bite","Bite"]},{"damage_healed":0,"gold_gain":0,"player_choice":"Inject Mutagens","damage_taken":0,"relics_obtained":["MutagenicStrength"],"max_hp_gain":0,"max_hp_loss":0,"event_name":"Drug Dealer","floor":27,"gold_loss":0},{"damage_healed":0,"gold_gain":0,"player_choice":"Fight","damage_taken":0,"max_hp_gain":0,"max_hp_loss":0,"event_name":"Colosseum","floor":30,"gold_loss":0},{"damage_healed":0,"gold_gain":0,"player_choice":"Fought Nobs","damage_taken":0,"max_hp_gain":0,"max_hp_loss":0,"event_name":"Colosseum","floor":30,"gold_loss":0},{"damage_healed":0,"gold_gain":0,"player_choice":"Upgrade","damage_taken":0,"max_hp_gain":0,"max_hp_loss":0,"event_name":"Designer","floor":37,"gold_loss":50,"cards_upgraded":["Creative AI"]},{"damage_healed":0,"gold_gain":0,"player_choice":"Fight","damage_taken":0,"max_hp_gain":0,"max_hp_loss":0,"event_name":"MindBloom","floor":45,"gold_loss":0}],"is_beta":false,"boss_relics":[{"not_picked":["Sozu","Tiny House"],"picked":"Philosopher\u0027s Stone"},{"not_picked":["Runic Dome","Velvet Choker"],"picked":"SlaversCollar"}],"items_purged_floors":[7,20,29],"is_endless":false,"potions_floor_spawned":[1,5,8,14,19,23,28,30,30,31,33,35,38,39,45,47,48],"ascension_level":20}}