{"host":"z8uivwf40jrpk7h3","time":1614267912,"event":{"mods":["BaseMod","Lobotomy","Minty Spire (QoL Compilation)","Replay The Spire","StSLib"],"gold_per_floor":[112,112,131,146,71,71,99,119,119,148,148,148,148,160,160,237,237,247,259,184,196,213,213,239,239,316,335,366,376,388,420,420,491,491,504,514,414,428,301,327,327,346,346,363,363,389,87,120,120,120,120],"floor_reached":50,"language":"ZHS","playtime":2187,"items_purged":["Strike_P","Strike_P","Steam"],"score":1508,"play_id":"273b0556-1424-4736-92d0-1ce68531af89","local_time":"20210225234512","is_ascension_mode":true,"campfire_choices":[{"data":"Eruption","floor":6.0,"key":"SMITH"},{"data":"Consecrate","floor":11.0,"key":"SMITH"},{"data":"Strike_P","floor":15.0,"key":"PURGE"},{"data":"Scrawl","floor":23.0,"key":"SMITH"},{"data":"ForeignInfluence","floor":25.0,"key":"SMITH"},{"data":"WheelKick","floor":32.0,"key":"SMITH"},{"data":"Halt","floor":41,"key":"SMITH"},{"data":"ReachHeaven","floor":45,"key":"SMITH"},{"data":"Vigilance","floor":49,"key":"SMITH"}],"circlet_count":0,"master_deck":["AscendersBane","Eruption+1","Vigilance+1","MHz","Halt+1","ReachHeaven+1","Consecrate+1","WheelKick+1","ForeignInfluence+1","BodiesMountain","Scrawl+1","BigBird","Vault+1","Scrawl+1"],"relics":["HolyWater","CogitoBucket","Bag of Preparation","Meat on the Bone","Bottled Flame","TreeSap","Toxic Egg 2","Kunai","Gremlin Food","AtMidnight","ChangeAnything","Dream Catcher","Sozu","HornCleat","Centennial Puzzle","Replay:WaspNest","Mummified Hand"],"acts_visited":["Exordium","TheCity","TheBeyond"],"potions_floor_usage":[50,50],"damage_taken":[{"damage":0.0,"enemies":"Cultist","floor":1.0,"turns":2.0},{"damage":9.0,"enemies":"2 Louse","floor":3.0,"turns":2.0},{"damage":4.0,"enemies":"Small Slimes","floor":4.0,"turns":3.0},{"damage":17.0,"enemies":"Replay:BlueRogue","floor":7.0,"turns":4.0},{"damage":0.0,"enemies":"2 Fungi Beasts","floor":8.0,"turns":1.0},{"damage":0.0,"enemies":"Lagavulin","floor":10.0,"turns":2.0},{"damage":0.0,"enemies":"Exordium Thugs","floor":14.0,"turns":2.0},{"damage":4.0,"enemies":"Hexaghost","floor":16.0,"turns":4.0},{"damage":0.0,"enemies":"Shell Parasite","floor":18.0,"turns":1.0},{"damage":0.0,"enemies":"Spheric Guardian","floor":19.0,"turns":1.0},{"damage":0.0,"enemies":"Cultist and Chosen","floor":21.0,"turns":1.0},{"damage":0.0,"enemies":"Snake Plant","floor":22.0,"turns":1.0},{"damage":18.0,"enemies":"Slavers","floor":24.0,"turns":3.0},{"damage":0.0,"enemies":"3 Cultists","floor":27.0,"turns":1.0},{"damage":0.0,"enemies":"Book of Stabbing","floor":28.0,"turns":1.0},{"damage":0.0,"enemies":"Shelled Parasite and Fungi","floor":29.0,"turns":1.0},{"damage":4.0,"enemies":"Snecko","floor":30.0,"turns":3.0},{"damage":0.0,"enemies":"Gremlin Leader","floor":31.0,"turns":2.0},{"damage":27.0,"enemies":"Champ","floor":33.0,"turns":3.0},{"damage":0,"enemies":"3 Shapes","floor":35,"turns":1},{"damage":6,"enemies":"3 Darklings","floor":36,"turns":2},{"damage":0,"enemies":"Maw","floor":38,"turns":2},{"damage":0,"enemies":"R_Hoarder","floor":40,"turns":3},{"damage":0,"enemies":"Transient","floor":42,"turns":6},{"damage":5,"enemies":"4 Shapes","floor":44,"turns":1},{"damage":11,"enemies":"Giant Head","floor":46,"turns":4},{"damage":0,"enemies":"R_Hoarder","floor":48,"turns":3},{"damage":78,"enemies":"Replay:Hell Engine","floor":50,"turns":3}],"seed_played":"-8767769721737179747","potions_obtained":[{"floor":3.0,"key":"GamblersBrew"},{"floor":7.0,"key":"LiquidMemories"},{"floor":10.0,"key":"SkillPotion"},{"floor":16.0,"key":"Adrenaline Potion"},{"floor":29.0,"key":"Flashbang"}],"is_trial":false,"path_per_floor":["M","?","M","M","?","R","E","M","T","E","R","?","?","M","R","B",null,"M","M","$","M","M","R","E","R","T","M","E","M","M","E","R","B",null,"M","M","$","M","?","E","R","M","T","M","R","E","$","E","R","B"],"character_chosen":"WATCHER","items_purchased":["Scrawl+1"],"campfire_rested":0,"item_purchase_floors":[47],"current_hp_per_floor":[61,54,45,41,41,41,24,24,24,36,36,36,36,36,36,44,62,68,68,68,68,68,68,56,56,56,61,68,68,68,68,68,42,62,67,64,64,68,68,68,68,68,68,64,64,58,58,67,67,0,0],"gold":120,"neow_bonus":"","is_daily":false,"chose_seed":false,"campfire_upgraded":8,"win_rate":0.0,"timestamp":1614267912,"path_taken":["M","?","M","M","?","R","E","M","T","E","R","?","?","M","R","BOSS","M","M","$","M","M","R","E","R","T","M","E","M","M","E","R","BOSS","M","M","$","M","?","E","R","?","T","M","R","E","$","E","R","BOSS"],"items_purchased_type":["Card"],"build_version":"2020-12-22","purchased_purges":3,"victory":false,"max_hp_per_floor":[68,68,68,68,68,68,68,68,68,68,68,68,68,68,68,68,68,68,68,68,68,68,68,68,68,68,68,68,68,68,68,68,68,68,68,68,68,68,68,68,68,68,68,68,68,68,68,68,68,68,68],"card_choices":[{"not_picked":["Wellcheers","BeautyBeast"],"picked":"MHz","floor":1.0},{"not_picked":["Evaluate","ClearTheMind"],"picked":"Halt","floor":1.0},{"not_picked":["SashWhip","Replay:BluntJabs"],"picked":"ReachHeaven","floor":3.0},{"not_picked":["Replay:Anticipation","Replay:Vibes"],"picked":"Consecrate","floor":4.0},{"not_picked":["DeceiveReality","JustLucky","Indignation"],"picked":"SKIP","floor":7.0},{"not_picked":["EmptyFist","SashWhip"],"picked":"WheelKick","floor":8.0},{"not_picked":["TalkToTheHand","CutThroughFate","Omniscience"],"picked":"SKIP","floor":10.0},{"not_picked":["Sanctity","Prostrate","BowlingBash"],"picked":"SKIP","floor":14.0},{"not_picked":["Murderer","ShyLook"],"picked":"BodiesMountain","floor":16.0},{"not_picked":["Ragnarok","Devotion"],"picked":"Scrawl","floor":16.0},{"not_picked":["FlurryOfBlows","Crescendo","ForeignInfluence"],"picked":"SKIP","floor":18.0},{"not_picked":["FlyingSleeves","DeceiveReality","ClearTheMind+1"],"picked":"SKIP","floor":19.0},{"not_picked":["Fasting2","SashWhip","Replay:AllIn"],"picked":"SKIP","floor":21.0},{"not_picked":["Meditate+1","SandsOfTime","Replay:BluntJabs"],"picked":"SKIP","floor":22.0},{"not_picked":["Meditate+1","Wish+1","CutThroughFate"],"picked":"SKIP","floor":24.0},{"not_picked":["Meditate+1","Wish+1","CutThroughFate"],"picked":"SKIP","floor":24.0},{"not_picked":["EmptyFist","Replay:ManipulateFuture+1","FollowUp"],"picked":"SKIP","floor":27.0},{"not_picked":["FollowUp","Halt+1","FlyingSleeves+1"],"picked":"SKIP","floor":28.0},{"not_picked":["EmptyFist","MasterReality","Adaptation+1"],"picked":"SKIP","floor":29.0},{"not_picked":["Collect+1","JustLucky","Nirvana"],"picked":"SKIP","floor":30.0},{"not_picked":["EmptyMind+1","Crescendo+1","ClearTheMind+1"],"picked":"SKIP","floor":31.0},{"not_picked":["BeautyBeast","WallGazer"],"picked":"BigBird","floor":33.0},{"not_picked":["Blasphemy+1","MasterReality"],"picked":"Vault+1","floor":33.0},{"not_picked":["FlyingSleeves","PathToVictory+1","Sanctity+1"],"picked":"SKIP","floor":35},{"not_picked":["LikeWater","JustLucky","Collect+1"],"picked":"SKIP","floor":36},{"not_picked":["CutThroughFate","Halt+1","Nirvana+1"],"picked":"SKIP","floor":38},{"not_picked":["Swivel+1","MentalFortress","FlurryOfBlows"],"picked":"SKIP","floor":40},{"not_picked":["FlurryOfBlows","LikeWater+1","SashWhip"],"picked":"SKIP","floor":42},{"not_picked":["Prostrate+1","MentalFortress","FlurryOfBlows"],"picked":"SKIP","floor":44},{"not_picked":["PathToVictory+1","CrushJoints+1","Meditate+1"],"picked":"SKIP","floor":46},{"not_picked":["Replay:AtTheReady+1","Protect+1","Pray+1"],"picked":"SKIP","floor":48}],"player_experience":102252,"relics_obtained":[{"floor":7.0,"key":"Bag of Preparation"},{"floor":9.0,"key":"Meat on the Bone"},{"floor":10.0,"key":"Bottled Flame"},{"floor":24.0,"key":"Toxic Egg 2"},{"floor":26.0,"key":"Kunai"},{"floor":28.0,"key":"Gremlin Food"},{"floor":30.0,"key":"AtMidnight"},{"floor":31.0,"key":"Dream Catcher"},{"floor":40,"key":"Centennial Puzzle"},{"floor":43,"key":"Replay:WaspNest"},{"floor":46,"key":"Mummified Hand"}],"event_choices":[{"cards_removed":["Defend_P"],"damage_healed":0.0,"max_hp_gain":0.0,"max_hp_loss":0.0,"gold_gain":0.0,"event_name":"Golden Wing","player_choice":"Card Removal","floor":2.0,"gold_loss":0.0,"damage_taken":7.0},{"cards_removed":["Defend_P"],"damage_healed":0.0,"max_hp_gain":0.0,"max_hp_loss":0.0,"gold_gain":0.0,"event_name":"The Cleric","player_choice":"Card Removal","floor":5.0,"gold_loss":75.0,"damage_taken":0.0},{"cards_removed":["Defend_P"],"damage_healed":0.0,"max_hp_gain":0.0,"max_hp_loss":0.0,"gold_gain":0.0,"event_name":"Bonfire Elementals","player_choice":"Offered Basic","floor":13.0,"gold_loss":0.0,"damage_taken":0.0},{"damage_healed":0,"gold_gain":0,"player_choice":"Paid Gold","damage_taken":0,"relics_obtained":["HornCleat"],"max_hp_gain":0,"max_hp_loss":0,"event_name":"WeMeetAgain","floor":39,"gold_loss":127}],"is_beta":false,"boss_relics":[{"not_picked":["Replay:Wanted Poster","Runic Pyramid"],"picked":"HolyWater"},{"not_picked":["Kintsugi","Snecko Eye"],"picked":"Sozu"}],"items_purged_floors":[20,37,47],"is_endless":false,"potions_floor_spawned":[3,7,10,14,16,21,24,29,30,31,33,35,36,38,44],"killed_by":"Replay:Hell Engine","ascension_level":20}}