{"host":"ymmeoa1x24ihslbm","time":1614292965,"event":{"mods":["AchievementEnabler","BaseMod","CatGirl Mod","ChefMod","Colored Map","Colored Powertips","Defuse TimeMaze Blight","Dio Mod","Hermit","Highlight Path","HornydragonMod","Hyrulean Relics","Infinite Spire","Minty Spire (QoL Compilation)","Permanent Neow","Quick Restart","Rare Cards Sparkle","Relic Sorter","Robot Space Explorer","Shapeshifter Mod","Shop Mod","StSLib","The Gatherer","The Marked","TheBandit","TheFirefly","TheSurvivalist","TheSwordswoman","Transform Curses"],"gold_per_floor":[13,31,31,45,66,107,107,123,177,191,191,215,231,252,252,373,373,392,412,436,436,436,479,479,479,479,479,479],"floor_reached":27,"language":"ENG","playtime":2450,"items_purged":[],"score":239,"play_id":"a233666b-2c0d-4ba8-8fbb-f43ea0765564","local_time":"20210225234245","is_ascension_mode":false,"campfire_choices":[{"data":"chefmod:TodaysSpecial","floor":7.0,"key":"SMITH"},{"data":"chefmod:QuickThaw","floor":11.0,"key":"SMITH"},{"data":"chefmod:Fillet","floor":15.0,"key":"SMITH"},{"data":"chefmod:OldCookbook","floor":24.0,"key":"SMITH"}],"circlet_count":0,"master_deck":["chefmod:Strike+1","chefmod:Strike+1","chefmod:Strike+1","chefmod:Strike+1","chefmod:QuickThaw+1","chefmod:Defend+1","chefmod:Defend+1","chefmod:Defend+1","chefmod:Defend+1","chefmod:TodaysSpecial+1","chefmod:Mince","chefmod:ColdSteel","chefmod:FreezeSolid","chefmod:OldCookbook+1","chefmod:Fillet+1","chefmod:RisingDough","chefmod:BaoBuns","chefmod:Canape","chefmod:BananaSplit","chefmod:NewMenu+1","chefmod:CuttingBoard+1","chefmod:Flambe+1","chefmod:PrepCook","chefmod:SaveForLater"],"relics":["chefmod:TrustyPot","Golden Idol","Regal Pillow","Orichalcum","Empty Cage","Blue Candle","Centennial Puzzle"],"acts_visited":["Exordium","TheCity"],"potions_floor_usage":[],"damage_taken":[{"damage":0.0,"enemies":"Small Slimes","floor":1.0,"turns":5.0},{"damage":0.0,"enemies":"Jaw Worm","floor":2.0,"turns":4.0},{"damage":1.0,"enemies":"Cultist","floor":4.0,"turns":5.0},{"damage":0.0,"enemies":"2 Fungi Beasts","floor":5.0,"turns":4.0},{"damage":28.0,"enemies":"Lagavulin","floor":6.0,"turns":7.0},{"damage":2.0,"enemies":"Exordium Wildlife","floor":8.0,"turns":5.0},{"damage":0.0,"enemies":"Large Slime","floor":10.0,"turns":5.0},{"damage":3.0,"enemies":"Gremlin Gang","floor":12.0,"turns":3.0},{"damage":0.0,"enemies":"Blue Slaver","floor":13.0,"turns":3.0},{"damage":0.0,"enemies":"3 Louse","floor":14.0,"turns":3.0},{"damage":2.0,"enemies":"Hexaghost","floor":16.0,"turns":8.0},{"damage":3.0,"enemies":"Shell Parasite","floor":18.0,"turns":5.0},{"damage":14.0,"enemies":"Spheric Guardian","floor":19.0,"turns":4.0},{"damage":31.0,"enemies":"Snecko","floor":20.0,"turns":6.0},{"damage":25.0,"enemies":"Nightmare","floor":23.0,"turns":9.0},{"damage":26,"enemies":"3 Cultists","floor":27,"turns":3}],"seed_played":"-6543322182460846674","potions_obtained":[{"floor":1.0,"key":"Fruit Juice"},{"floor":2.0,"key":"AttackPotion"},{"floor":13.0,"key":"LiquidMemories"},{"floor":14.0,"key":"Regen Potion"},{"floor":18.0,"key":"EssenceOfSteel"},{"floor":23.0,"key":"Ancient Potion"}],"is_trial":false,"path_per_floor":["M","M","?","M","M","E","R","M","T","M","R","M","M","M","R","B",null,"M","M","M","?","?","NM","R","?","T","M"],"character_chosen":"THE_CHEF","items_purchased":[],"campfire_rested":0,"item_purchase_floors":[],"current_hp_per_floor":[76,81,61,60,60,32,32,30,30,30,30,27,27,27,27,25,81,78,64,33,33,33,23,23,23,23,0,0],"gold":479,"neow_bonus":"THREE_RARE_CARDS","is_daily":false,"chose_seed":false,"campfire_upgraded":4,"win_rate":0.0,"timestamp":1614292965,"path_taken":["M","M","?","M","M","E","R","M","T","M","R","M","M","M","R","BOSS","M","M","M","?","?","NM","R","?","T","M"],"items_purchased_type":[],"build_version":"2020-12-22","purchased_purges":0,"victory":false,"max_hp_per_floor":[76,81,81,81,81,81,81,81,81,81,81,81,81,81,81,81,81,81,81,81,81,81,81,81,81,81,81,81],"card_choices":[{"not_picked":["chefmod:DeathByChocolate","chefmod:FullCourseMeal"],"picked":"chefmod:Mince","floor":0.0},{"not_picked":["chefmod:Granita","chefmod:ZaruSoba"],"picked":"chefmod:ColdSteel","floor":1.0},{"not_picked":["chefmod:BleedOut","chefmod:DinoKale","chefmod:GroceryDelivery"],"picked":"SKIP","floor":2.0},{"not_picked":["chefmod:HotSoup","chefmod:Fillet"],"picked":"chefmod:FreezeSolid","floor":4.0},{"not_picked":["chefmod:DeathByChocolate","chefmod:SliceAndDice"],"picked":"chefmod:CayenneCloud","floor":5.0},{"not_picked":["chefmod:BaoBuns","chefmod:DinoKale"],"picked":"chefmod:OldCookbook","floor":6.0},{"not_picked":["chefmod:Sorbet","chefmod:Gelato"],"picked":"chefmod:Fillet","floor":8.0},{"not_picked":["chefmod:FreezeSolid","chefmod:FireUp"],"picked":"chefmod:RisingDough","floor":10.0},{"not_picked":["chefmod:FryPan","chefmod:DimSum"],"picked":"chefmod:BaoBuns","floor":12.0},{"not_picked":["chefmod:FireUp","chefmod:PotatoGratin"],"picked":"chefmod:Canape","floor":13.0},{"not_picked":["chefmod:Chop","chefmod:Gelato"],"picked":"chefmod:AllYouCanEat","floor":14.0},{"not_picked":["chefmod:DeathByChocolate","chefmod:TastyDistraction"],"picked":"chefmod:BananaSplit","floor":16.0},{"not_picked":["chefmod:ZaruSoba","chefmod:HotSoup+1"],"picked":"chefmod:NewMenu+1","floor":18.0},{"not_picked":["chefmod:Sorbet+1","chefmod:Granita"],"picked":"chefmod:CuttingBoard+1","floor":19.0},{"not_picked":["chefmod:Fillet+1","chefmod:Escargot"],"picked":"chefmod:Flambe+1","floor":20.0},{"not_picked":["chefmod:CuttingBoard","chefmod:FreshProduce"],"picked":"chefmod:SaveForLater","floor":23.0}],"player_experience":843835,"relics_obtained":[{"floor":6.0,"key":"Regal Pillow"},{"floor":9.0,"key":"Orichalcum"},{"floor":23.0,"key":"Blue Candle"},{"floor":26,"key":"Centennial Puzzle"}],"event_choices":[{"damage_healed":0.0,"max_hp_gain":0.0,"max_hp_loss":0.0,"gold_gain":0.0,"event_name":"Golden Idol","player_choice":"Take Damage","floor":3.0,"gold_loss":0.0,"damage_taken":20.0,"relics_obtained":["Golden Idol"]},{"damage_healed":0.0,"max_hp_gain":0.0,"max_hp_loss":0.0,"gold_gain":0.0,"event_name":"The Library","player_choice":"Read","floor":21.0,"gold_loss":0.0,"damage_taken":0.0,"cards_obtained":["chefmod:PrepCook"]},{"damage_healed":0.0,"max_hp_gain":0.0,"max_hp_loss":0.0,"gold_gain":0.0,"event_name":"Back to Basics","player_choice":"Simplicity","floor":22.0,"gold_loss":0.0,"damage_taken":0.0,"cards_upgraded":["chefmod:Strike","chefmod:Strike","chefmod:Strike","chefmod:Strike","chefmod:Defend","chefmod:Defend","chefmod:Defend","chefmod:Defend"]},{"damage_healed":0,"gold_gain":0,"player_choice":"Ignored","damage_taken":0,"max_hp_gain":0,"max_hp_loss":0,"event_name":"Cursed Tome","floor":25,"gold_loss":0}],"is_beta":false,"boss_relics":[{"not_picked":["chefmod:PepperMill","Runic Dome"],"picked":"Empty Cage"}],"items_purged_floors":[],"is_endless":true,"potions_floor_spawned":[1,2,13,14,18,23],"killed_by":"3 Cultists","ascension_level":0}}