{"host":"w01vs80f19dvf8rn","time":1607724150,"event":{"mods":["BaseMod","Better Note","Colored Map","Colored Powertips","DeckTracker","Friendly Minions","Googly Eyes","Minty Spire (QoL Compilation)","Rare Cards Sparkle","StSLib","SuperFastMode","The Bug Knight","The Jungle"],"gold_per_floor":[110,120,45,45,45,71,71,83,83,102,102,131,131,151,151,227,227,237,137,151,166,186,186,213,213,239,266,266,286,336,347,347,418,418,431,451,451,498,513,513,547,547,547,584,599,599,24,43,43,43],"floor_reached":51,"playtime":3708,"items_purged":["Strike_G","Strike_G","Strike_G"],"score":1481,"play_id":"b479b2e2-8ab3-462c-8d15-0bb617151f4c","local_time":"20201212070230","is_ascension_mode":true,"campfire_choices":[{"data":"Reflex","floor":7.0,"key":"SMITH"},{"data":"Deadly Poison","floor":11.0,"key":"SMITH"},{"floor":15.0,"key":"REST"},{"data":"After Image","floor":23.0,"key":"SMITH"},{"floor":28.0,"key":"REST"},{"data":"Prepared","floor":32.0,"key":"SMITH"},{"data":"Flechettes","floor":40.0,"key":"SMITH"},{"data":"Acrobatics","floor":46,"key":"SMITH"},{"data":"Well Laid Plans","floor":49,"key":"SMITH"}],"circlet_count":0,"master_deck":["AscendersBane","Strike_G","Defend_G+1","Defend_G+1","Defend_G","Defend_G","Defend_G","Survivor","Neutralize","Deadly Poison+1","Reflex+1","Prepared+1","Acrobatics+1","Terror+1","Blade Dance+1","After Image+1","Backflip+1","Reflex+1","Venomology+1","Unload","Tactician+1","Acrobatics+1","Flechettes+1","Master of Strategy+1","Deep Breath+1","Night Terror+1","Expertise+1","Well Laid Plans+1","Secret Weapon+1"],"relics":["Ring of the Snake","NeowsBlessing","Orichalcum","Toxic Egg 2","Singing Bowl","HoveringKite","Bag of Preparation","Toy Ornithopter","Tough Bandages","Philosopher\u0027s Stone","Turnip","Question Card","CeramicFish","Blue Candle","Regal Pillow"],"acts_visited":["TheCity","TheBeyond"],"potions_floor_usage":[48,50,50],"damage_taken":[{"damage":0.0,"enemies":"Small Slimes","floor":1.0,"turns":1.0},{"damage":0.0,"enemies":"Jaw Worm","floor":2.0,"turns":1.0},{"damage":0.0,"enemies":"Lagavulin","floor":6.0,"turns":1.0},{"damage":0.0,"enemies":"Cultist","floor":8.0,"turns":4.0},{"damage":1.0,"enemies":"Large Slime","floor":10.0,"turns":7.0},{"damage":24.0,"enemies":"Gremlin Nob","floor":12.0,"turns":4.0},{"damage":10.0,"enemies":"Exordium Thugs","floor":14.0,"turns":6.0},{"damage":20.0,"enemies":"The Guardian","floor":16.0,"turns":10.0},{"damage":0.0,"enemies":"Spheric Guardian","floor":18.0,"turns":5.0},{"damage":0.0,"enemies":"Shell Parasite","floor":20.0,"turns":6.0},{"damage":0.0,"enemies":"Centurion and Healer","floor":21.0,"turns":5.0},{"damage":0.0,"enemies":"Shelled Parasite and Fungi","floor":22.0,"turns":6.0},{"damage":45.0,"enemies":"Slavers","floor":24.0,"turns":18.0},{"damage":5.0,"enemies":"HollowMod:Nosk","floor":27.0,"turns":8.0},{"damage":3.0,"enemies":"Snecko","floor":29.0,"turns":4.0},{"damage":7.0,"enemies":"Snake Plant","floor":31.0,"turns":4.0},{"damage":36.0,"enemies":"Collector","floor":33.0,"turns":10.0},{"damage":0.0,"enemies":"Orb Walker","floor":35.0,"turns":3.0},{"damage":0.0,"enemies":"3 Shapes","floor":36.0,"turns":5.0},{"damage":8.0,"enemies":"2 Orb Walkers","floor":38.0,"turns":6.0},{"damage":0.0,"enemies":"3 Darklings","floor":39.0,"turns":6.0},{"damage":26.0,"enemies":"Giant Head","floor":41.0,"turns":7.0},{"damage":0.0,"enemies":"Nemesis","floor":44.0,"turns":3.0},{"damage":0.0,"enemies":"Maw","floor":45.0,"turns":6.0},{"damage":14,"enemies":"Jaw Worm Horde","floor":48,"turns":4},{"damage":0,"enemies":"Time Eater","floor":50,"turns":9}],"seed_played":"-997995886784583896","potions_obtained":[{"floor":8.0,"key":"FearPotion"},{"floor":14.0,"key":"Fire Potion"},{"floor":16.0,"key":"LiquidMemories"},{"floor":24.0,"key":"Weak Potion"},{"floor":27.0,"key":"Strength Potion"},{"floor":31.0,"key":"GamblersBrew"},{"floor":36.0,"key":"SpeedPotion"},{"floor":38.0,"key":"CunningPotion"}],"is_trial":false,"path_per_floor":["M","M","$","?","?","E","R","M","T","M","R","E","?","M","R","B",null,"M","$","M","M","M","R","E","?","T","E","R","M","?","M","R","B",null,"M","M","?","?","M","R","E","?","T","E","M","R","$","M","R","B",null],"character_chosen":"THE_SILENT","items_purchased":["Expertise+1","Well Laid Plans","Secret Weapon+1","Regal Pillow"],"campfire_rested":2,"item_purchase_floors":[47,47,47,47],"current_hp_per_floor":[59,59,59,52,57,57,57,57,57,56,56,34,12,2,23,3,56,56,56,56,58,60,60,17,17,17,19,43,52,52,47,47,26,70,70,70,70,72,79,79,60,52,52,57,64,64,64,57,57,67],"gold":43,"neow_bonus":"THREE_ENEMY_KILL","is_daily":false,"chose_seed":false,"campfire_upgraded":7,"win_rate":0.0,"timestamp":1607724150,"path_taken":["M","M","$","?","?","E","R","M","T","M","R","E","?","M","R","BOSS","M","$","M","M","M","R","E","?","T","E","R","?","?","M","R","BOSS","M","M","?","?","M","R","E","?","T","E","?","R","$","M","R","BOSS"],"items_purchased_type":["Card","Card","Card","Relic"],"build_version":"2020-11-30","purchased_purges":3,"victory":true,"max_hp_per_floor":[66,66,66,66,71,71,71,71,71,71,71,73,73,73,73,73,73,73,73,73,75,77,77,79,79,79,81,81,83,83,85,85,85,85,85,85,85,85,87,87,89,91,91,91,93,93,93,95,95,95],"card_choices":[{"not_picked":["Dodge and Roll","Catalyst"],"picked":"Deadly Poison","floor":1.0},{"not_picked":["Cloak And Dagger","Predator"],"picked":"Reflex","floor":2.0},{"not_picked":["Deflect","Cloak And Dagger"],"picked":"Prepared","floor":6.0},{"not_picked":["Predator","Crippling Poison"],"picked":"Acrobatics","floor":8.0},{"not_picked":["Outmaneuver+1","Slice"],"picked":"Terror+1","floor":10.0},{"not_picked":["Phantasmal Killer+1","Acrobatics+1","Expertise+1"],"picked":"Singing Bowl","floor":12.0},{"not_picked":["Sucker Punch","Skewer"],"picked":"Blade Dance+1","floor":14.0},{"not_picked":["Night Terror+1","Malaise+1"],"picked":"After Image","floor":16.0},{"not_picked":["Caltrops+1","Flying Knee"],"picked":"Backflip+1","floor":18.0},{"not_picked":["Terror+1","PiercingWail+1"],"picked":"Reflex+1","floor":20.0},{"not_picked":["Catalyst+1","Acrobatics+1","Dagger Throw"],"picked":"Singing Bowl","floor":21.0},{"not_picked":["Prepared+1","Slice","PiercingWail+1"],"picked":"Singing Bowl","floor":22.0},{"not_picked":["Terror+1","Finisher","Dodge and Roll+1"],"picked":"Singing Bowl","floor":24.0},{"not_picked":["Deadly Poison+1","Underhanded Strike+1","Predator"],"picked":"Singing Bowl","floor":27.0},{"not_picked":["Deadly Poison+1","Sucker Punch","Escape Plan+1"],"picked":"Singing Bowl","floor":29.0},{"not_picked":["Bane+1","Blade Dance+1","Riddle With Holes"],"picked":"Singing Bowl","floor":31.0},{"not_picked":["Die Die Die","Corpse Explosion+1"],"picked":"Unload","floor":33.0},{"not_picked":["Masterful Stab","Sucker Punch"],"picked":"Tactician+1","floor":35.0},{"not_picked":["Crippling Poison+1","Blade Dance+1"],"picked":"Acrobatics+1","floor":36.0},{"not_picked":["Infinite Blades+1","Dash"],"picked":"Flechettes","floor":38.0},{"not_picked":["Flying Knee","Noxious Fumes","Deflect+1"],"picked":"Singing Bowl","floor":39.0},{"not_picked":["Underhanded Strike+1","Caltrops","Leg Sweep+1"],"picked":"Singing Bowl","floor":41.0},{"not_picked":["HandOfGreed","Dark Shackles+1","Purity+1"],"picked":"Master of Strategy+1","floor":42.0},{"not_picked":["Swift Strike","Madness+1","Master of Strategy+1"],"picked":"Deep Breath+1","floor":42.0},{"not_picked":["Trip+1","Dark Shackles+1","Finesse+1","Purity+1"],"picked":"Singing Bowl","floor":42.0},{"not_picked":["Underhanded Strike","Eviscerate","Masterful Stab"],"picked":"Night Terror+1","floor":44.0},{"not_picked":["Sucker Punch","Setup+1","Accuracy","Slice"],"picked":"Singing Bowl","floor":45.0},{"not_picked":["Deflect+1","Dagger Spray","Sucker Punch","Expertise+1"],"picked":"Singing Bowl","floor":48}],"player_experience":625418,"relics_obtained":[{"floor":6.0,"key":"Orichalcum"},{"floor":9.0,"key":"Toxic Egg 2"},{"floor":12.0,"key":"Singing Bowl"},{"floor":24.0,"key":"Bag of Preparation"},{"floor":26.0,"key":"Toy Ornithopter"},{"floor":27.0,"key":"Tough Bandages"},{"floor":38.0,"key":"Turnip"},{"floor":41.0,"key":"Question Card"},{"floor":43.0,"key":"CeramicFish"},{"floor":44.0,"key":"Blue Candle"}],"event_choices":[{"cards_removed":["Strike_G"],"damage_healed":0.0,"max_hp_gain":0.0,"max_hp_loss":0.0,"gold_gain":0.0,"event_name":"Golden Wing","player_choice":"Card Removal","floor":4.0,"gold_loss":0.0,"damage_taken":7.0},{"damage_healed":0.0,"max_hp_gain":5.0,"max_hp_loss":0.0,"gold_gain":0.0,"event_name":"Big Fish","player_choice":"Donut","floor":5.0,"gold_loss":0.0,"damage_taken":0.0},{"damage_healed":0.0,"max_hp_gain":0.0,"max_hp_loss":0.0,"gold_gain":0.0,"event_name":"Shining Light","player_choice":"Entered Light","floor":13.0,"gold_loss":0.0,"damage_taken":22.0,"cards_upgraded":["Defend_G","Defend_G"]},{"damage_healed":0.0,"max_hp_gain":0.0,"max_hp_loss":0.0,"gold_gain":0.0,"event_name":"Match and Keep!","player_choice":"1 cards matched","floor":25.0,"gold_loss":0.0,"damage_taken":0.0,"cards_obtained":["Venomology"]},{"damage_healed":0.0,"max_hp_gain":0.0,"max_hp_loss":0.0,"gold_gain":50.0,"event_name":"Nest","player_choice":"Stole From Cult","floor":30.0,"gold_loss":0.0,"damage_taken":0.0},{"damage_healed":0.0,"max_hp_gain":0.0,"max_hp_loss":0.0,"gold_gain":0.0,"event_name":"Tomb of Lord Red Mask","player_choice":"Ignored","floor":37.0,"gold_loss":0.0,"damage_taken":0.0},{"damage_healed":0.0,"max_hp_gain":0.0,"max_hp_loss":0.0,"gold_gain":0.0,"event_name":"Mysterious Sphere","player_choice":"Fight","floor":38.0,"gold_loss":0.0,"damage_taken":0.0},{"damage_healed":0.0,"max_hp_gain":0.0,"max_hp_loss":0.0,"gold_gain":0.0,"event_name":"SensoryStone","player_choice":"Memory 3","floor":42.0,"gold_loss":0.0,"damage_taken":10.0}],"is_beta":false,"boss_relics":[{"not_picked":["Fusion Hammer","Cursed Key"],"picked":"HoveringKite"},{"not_picked":["Pandora\u0027s Box","Velvet Choker"],"picked":"Philosopher\u0027s Stone"}],"items_purged_floors":[3,19,47],"is_endless":false,"potions_floor_spawned":[8,14,16,24,27,31,36,38,39,44],"ascension_level":15}}