{"host":"hfxp6ue4pvwo3fit","time":1607672426,"event":{"mods":["AchievementEnabler","BaseMod","Colored Map","Colored Powertips","Highlight Path","Minty Spire (QoL Compilation)","StSLib","SuperFastMode"],"gold_per_floor":[119,139,104,123,135,135,161,172,197,197,211,222,222,251,251,328,328,328,328,64,64,64,64,64,13,13,13,13,13,13,13,13,13,13],"floor_reached":33,"playtime":1113,"items_purged":[],"score":600,"play_id":"75e2cf9f-84a8-4b63-bafb-b08c7469133c","local_time":"20201211014026","is_ascension_mode":true,"campfire_choices":[{"data":"Predator","floor":6,"key":"SMITH"},{"data":"Deadly Poison","floor":13,"key":"SMITH"},{"data":"Bouncing Flask","floor":15,"key":"SMITH"},{"data":"Night Terror","floor":23,"key":"SMITH"},{"floor":27,"key":"REST"},{"data":"Predator","floor":29,"key":"SMITH"},{"data":"Dash","floor":32,"key":"SMITH"}],"circlet_count":0,"master_deck":["AscendersBane","Strike_G","Strike_G","Strike_G","Strike_G","Defend_G","Defend_G","Defend_G","Defend_G","Defend_G","Survivor","Neutralize","Poisoned Stab","Predator+1","Leg Sweep+1","Quick Slash","Dagger Throw","Deadly Poison","Poisoned Stab","PiercingWail","Deadly Poison+1","Bouncing Flask+1","Night Terror+1","Predator+1","Venomology+1","PiercingWail+1","PiercingWail+1","Malaise+1","Dash+1"],"relics":["Ring of the Snake","Pocketwatch","Bag of Marbles","Orichalcum","Ectoplasm","Toxic Egg 2","MawBank","Anchor"],"acts_visited":["Exordium","TheCity"],"potions_floor_usage":[7,14,16,31,33,33],"damage_taken":[{"damage":8,"enemies":"2 Louse","floor":1,"turns":3},{"damage":0,"enemies":"Small Slimes","floor":2,"turns":3},{"damage":0,"enemies":"Jaw Worm","floor":4,"turns":4},{"damage":6,"enemies":"Blue Slaver","floor":5,"turns":5},{"damage":9,"enemies":"Lagavulin","floor":7,"turns":7},{"damage":9,"enemies":"Red Slaver","floor":8,"turns":4},{"damage":1,"enemies":"2 Fungi Beasts","floor":11,"turns":3},{"damage":0,"enemies":"Large Slime","floor":12,"turns":4},{"damage":0,"enemies":"Gremlin Nob","floor":14,"turns":3},{"damage":5,"enemies":"The Guardian","floor":16,"turns":7},{"damage":1,"enemies":"Shell Parasite","floor":18,"turns":3},{"damage":7,"enemies":"3 Byrds","floor":22,"turns":6},{"damage":35,"enemies":"Slavers","floor":24,"turns":7},{"damage":0,"enemies":"Cultist and Chosen","floor":30,"turns":6},{"damage":0,"enemies":"Colosseum Slavers","floor":31,"turns":4},{"damage":48,"enemies":"Automaton","floor":33,"turns":8}],"seed_played":"8972344478311063739","potions_obtained":[{"floor":1,"key":"SkillPotion"},{"floor":5,"key":"Energy Potion"},{"floor":7,"key":"LiquidMemories"},{"floor":12,"key":"Dexterity Potion"}],"is_trial":false,"path_per_floor":["M","M","?","M","M","R","E","M","T","?","M","M","R","E","R","B",null,"M","?","$","?","M","R","E","$","T","R","?","R","M","?","R","B"],"character_chosen":"THE_SILENT","items_purchased":["Toxic Egg 2","PiercingWail+1"],"campfire_rested":1,"item_purchase_floors":[20,25],"current_hp_per_floor":[51,51,66,66,60,60,51,42,42,42,41,41,41,41,41,36,59,58,40,40,40,33,33,21,21,21,42,42,42,42,42,42,0,0],"gold":13,"neow_bonus":"THREE_CARDS","is_daily":false,"chose_seed":false,"campfire_upgraded":6,"win_rate":0.0,"timestamp":1607672426,"path_taken":["M","M","?","M","M","R","E","M","T","?","M","M","R","E","R","BOSS","M","?","$","?","?","R","E","$","T","R","?","R","M","?","R","BOSS"],"items_purchased_type":["Relic","Undefined"],"build_version":"2020-11-30","purchased_purges":0,"victory":false,"max_hp_per_floor":[66,66,66,66,66,66,66,66,66,66,66,66,66,66,66,66,66,66,71,71,71,71,71,71,71,71,71,71,71,71,71,71,71,71],"card_choices":[{"not_picked":["Flying Knee","Leg Sweep"],"picked":"Poisoned Stab","floor":0},{"not_picked":["Slice","Dagger Spray"],"picked":"Predator","floor":1},{"not_picked":["Flechettes","Finisher"],"picked":"Leg Sweep","floor":2},{"not_picked":["Dagger Throw","Underhanded Strike"],"picked":"Quick Slash","floor":4},{"not_picked":["Bane","Deflect"],"picked":"Dagger Throw","floor":5},{"not_picked":["Acrobatics","Dagger Throw"],"picked":"Deadly Poison","floor":7},{"not_picked":["Distraction","Backflip"],"picked":"Poisoned Stab","floor":8},{"not_picked":["Phantasmal Killer","Setup"],"picked":"PiercingWail","floor":11},{"not_picked":["Outmaneuver","Blur"],"picked":"Deadly Poison","floor":12},{"not_picked":["Eviscerate","Blade Dance"],"picked":"Bouncing Flask","floor":14},{"not_picked":["Phantasmal Killer","A Thousand Cuts"],"picked":"Night Terror","floor":16},{"not_picked":["Sucker Punch","Slice"],"picked":"Predator","floor":18},{"not_picked":["Bane","Accuracy"],"picked":"PiercingWail+1","floor":22},{"not_picked":["Sucker Punch","Flying Knee+1","Cloak And Dagger+1"],"picked":"SKIP","floor":24},{"not_picked":["Poisoned Stab+1","Dagger Throw"],"picked":"Dash","floor":30}],"player_experience":350877,"relics_obtained":[{"floor":7,"key":"Pocketwatch"},{"floor":9,"key":"Bag of Marbles"},{"floor":14,"key":"Orichalcum"},{"floor":24,"key":"MawBank"},{"floor":26,"key":"Anchor"}],"event_choices":[{"damage_healed":16,"gold_gain":0,"player_choice":"Healed","damage_taken":0,"max_hp_gain":0,"max_hp_loss":0,"event_name":"The Cleric","floor":3,"gold_loss":35},{"damage_healed":0,"gold_gain":0,"player_choice":"Grow","damage_taken":0,"max_hp_gain":0,"max_hp_loss":0,"event_name":"Living Wall","floor":10,"gold_loss":0,"cards_upgraded":["Leg Sweep"]},{"damage_healed":0,"gold_gain":0,"player_choice":"Shed Blood","damage_taken":23,"max_hp_gain":5,"max_hp_loss":0,"event_name":"Forgotten Altar","floor":19,"gold_loss":0},{"damage_healed":0,"gold_gain":0,"cards_transformed":["Strike_G"],"player_choice":"Transformed","damage_taken":0,"max_hp_gain":0,"max_hp_loss":0,"event_name":"Transmorgrifier","floor":21,"gold_loss":0,"cards_obtained":["Venomology"]},{"damage_healed":0,"gold_gain":0,"player_choice":"Read","damage_taken":0,"max_hp_gain":0,"max_hp_loss":0,"event_name":"The Library","floor":28,"gold_loss":0,"cards_obtained":["Malaise"]},{"damage_healed":0,"gold_gain":0,"player_choice":"Fight","damage_taken":0,"max_hp_gain":0,"max_hp_loss":0,"event_name":"Colosseum","floor":31,"gold_loss":0},{"damage_healed":0,"gold_gain":0,"player_choice":"Fled From Nobs","damage_taken":0,"max_hp_gain":0,"max_hp_loss":0,"event_name":"Colosseum","floor":31,"gold_loss":0}],"is_beta":false,"boss_relics":[{"not_picked":["Tiny House","Runic Pyramid"],"picked":"Ectoplasm"}],"items_purged_floors":[],"is_endless":false,"potions_floor_spawned":[1,5,7,8,12,30,31],"killed_by":"Automaton","ascension_level":20}}