{"host":"mi0eibewekhugwl1","time":1607658239,"event":{"mods":["AchievementEnabler","BaseMod","Colored Map","Colored Powertips","DeckTracker","Keyboard Shortcuts","Minty Spire (QoL Compilation)","Quick Restart","Rare Cards Sparkle","Relic Stats","StSLib","SuperFastMode","everything is the same but u backflip on backflip"],"gold_per_floor":[112,112,112,129,141,141,172,172,199,210,225,225,300,317,317,394,394,407,322,340,265,55,55,55,55,55,80,80,94,108,108,108],"floor_reached":31,"playtime":449,"items_purged":["Strike_B"],"score":470,"play_id":"f9563ef2-fcff-4ad1-b8aa-9f73e1b1b92f","local_time":"20201211124359","is_ascension_mode":true,"campfire_choices":[{"data":"Dualcast","floor":6,"key":"SMITH"},{"data":"White Noise","floor":12,"key":"SMITH"},{"floor":15,"key":"REST"},{"floor":23,"key":"REST"},{"data":"Rainbow","floor":28,"key":"SMITH"}],"circlet_count":0,"master_deck":["AscendersBane","Strike_B","Defend_B","Defend_B","Defend_B","Defend_B+1","Zap+1","Dualcast+1","Ball Lightning","Melter","Compile Driver","Sweeping Beam","Cold Snap","White Noise+1","Thunder Strike","Rainbow+1","Aggregate","Coolheaded+1","Decay","Heatsinks+1"],"relics":["Cracked Core","Bag of Marbles","Smiling Mask","Sozu","Centennial Puzzle","Medical Kit","Question Card","War Paint"],"acts_visited":["Exordium","TheCity"],"potions_floor_usage":[16,20],"damage_taken":[{"damage":1,"enemies":"2 Louse","floor":1,"turns":3},{"damage":7,"enemies":"Small Slimes","floor":4,"turns":2},{"damage":0,"enemies":"Cultist","floor":5,"turns":2},{"damage":30,"enemies":"Lagavulin","floor":7,"turns":5},{"damage":13,"enemies":"3 Louse","floor":10,"turns":3},{"damage":4,"enemies":"Red Slaver","floor":11,"turns":3},{"damage":1,"enemies":"2 Fungi Beasts","floor":14,"turns":2},{"damage":26,"enemies":"Slime Boss","floor":16,"turns":7},{"damage":27,"enemies":"Shell Parasite","floor":18,"turns":4},{"damage":15,"enemies":"2 Thieves","floor":20,"turns":4},{"damage":36,"enemies":"Shelled Parasite and Fungi","floor":29,"turns":4},{"damage":3,"enemies":"Snecko","floor":30,"turns":3},{"damage":11,"enemies":"3 Cultists","floor":31,"turns":2}],"seed_played":"-6754706653500992385","potions_obtained":[{"floor":7,"key":"SpeedPotion"},{"floor":10,"key":"SteroidPotion"},{"floor":11,"key":"Regen Potion"}],"is_trial":false,"path_per_floor":["M","?","?","M","M","R","E","?","T","M","M","R","?","M","R","B",null,"M","?","M","?","$","R","?","?","T","T","R","M","M","M"],"character_chosen":"DEFECT","items_purchased":["Medical Kit"],"campfire_rested":2,"item_purchase_floors":[22],"current_hp_per_floor":[63,63,56,49,49,49,19,42,42,29,25,25,14,13,34,8,55,28,28,25,25,25,46,46,46,46,46,46,10,7,0,0],"gold":108,"neow_bonus":"THREE_CARDS","is_daily":false,"chose_seed":false,"campfire_upgraded":3,"win_rate":0.0,"timestamp":1607658239,"path_taken":["M","?","?","M","M","R","E","?","T","M","M","R","?","M","R","BOSS","M","?","M","?","$","R","?","?","T","?","R","M","?","M"],"items_purchased_type":["Relic"],"build_version":"2020-11-30","purchased_purges":1,"victory":false,"max_hp_per_floor":[71,71,71,71,71,71,71,71,71,71,71,71,71,71,71,71,71,71,71,71,71,71,71,71,71,71,71,71,71,71,71,71],"relic_stats":{"Sozu":4,"Centennial Puzzle":[12],"counters":[13,44],"War Paint":["Coolheaded","Defend_B"],"Smiling Mask":25,"Medical Kit":[0],"Question Card":2,"obtain_stats":[{"Sozu":17,"Centennial Puzzle":19,"Bag of Marbles":7,"War Paint":27,"Cracked Core":0,"Smiling Mask":9,"Medical Kit":22,"Question Card":26},{"Sozu":8,"Centennial Puzzle":9,"Bag of Marbles":4,"War Paint":10,"Cracked Core":0,"Smiling Mask":4,"Medical Kit":10,"Question Card":10},{"Sozu":27,"Centennial Puzzle":31,"Bag of Marbles":12,"War Paint":35,"Cracked Core":0,"Smiling Mask":12,"Medical Kit":35,"Question Card":35}]},"card_choices":[{"not_picked":["Conserve Battery","Auto Shields"],"picked":"Ball Lightning","floor":0},{"not_picked":["Sweeping Beam","Barrage"],"picked":"Melter","floor":1},{"not_picked":["Auto Shields","Go for the Eyes"],"picked":"Compile Driver","floor":4},{"not_picked":["Reprogram","Rebound"],"picked":"Sweeping Beam","floor":5},{"not_picked":["Conserve Battery","Gash"],"picked":"Cold Snap","floor":7},{"not_picked":["Steam","Redo"],"picked":"White Noise","floor":10},{"not_picked":["Darkness","Beam Cell"],"picked":"Thunder Strike","floor":11},{"not_picked":["Stack","Redo","Streamline"],"picked":"SKIP","floor":14},{"not_picked":["Machine Learning","Fission"],"picked":"Rainbow","floor":16},{"not_picked":["Rebound","Reprogram"],"picked":"Aggregate","floor":18},{"not_picked":["Aggregate+1","Heatsinks"],"picked":"Coolheaded","floor":20},{"not_picked":["Go for the Eyes","Scrape","Rebound","Leap"],"picked":"SKIP","floor":29},{"not_picked":["Steam","Coolheaded","Ball Lightning"],"picked":"Heatsinks+1","floor":30}],"player_experience":1659191,"relics_obtained":[{"floor":7,"key":"Bag of Marbles"},{"floor":9,"key":"Smiling Mask"},{"floor":26,"key":"Question Card"},{"floor":27,"key":"War Paint"}],"event_choices":[{"damage_healed":0,"gold_gain":0,"player_choice":"Grow","damage_taken":0,"max_hp_gain":0,"max_hp_loss":0,"event_name":"Living Wall","floor":2,"gold_loss":0,"cards_upgraded":["Zap"]},{"cards_removed":["Strike_B"],"damage_healed":0,"gold_gain":0,"player_choice":"Card Removal","damage_taken":7,"max_hp_gain":0,"max_hp_loss":0,"event_name":"Golden Wing","floor":3,"gold_loss":0},{"damage_healed":23,"gold_gain":0,"player_choice":"Banana","damage_taken":0,"max_hp_gain":0,"max_hp_loss":0,"event_name":"Big Fish","floor":8,"gold_loss":0},{"damage_healed":0,"gold_gain":75,"player_choice":"Gather Gold","damage_taken":11,"max_hp_gain":0,"max_hp_loss":0,"event_name":"World of Goop","floor":13,"gold_loss":0},{"damage_healed":0,"gold_gain":0,"player_choice":"Obtained Relic","damage_taken":0,"relics_obtained":["Centennial Puzzle"],"max_hp_gain":0,"max_hp_loss":0,"event_name":"Addict","floor":19,"gold_loss":85},{"cards_removed":["Strike_B"],"damage_healed":0,"gold_gain":0,"player_choice":"Gave Gold","damage_taken":0,"max_hp_gain":0,"max_hp_loss":0,"event_name":"Beggar","floor":21,"gold_loss":75},{"damage_healed":0,"gold_gain":0,"player_choice":"Smashed Altar","damage_taken":0,"max_hp_gain":0,"max_hp_loss":0,"event_name":"Forgotten Altar","floor":24,"gold_loss":0,"cards_obtained":["Decay"]},{"damage_healed":0,"gold_gain":0,"player_choice":"Ignored","damage_taken":0,"max_hp_gain":0,"max_hp_loss":0,"event_name":"The Mausoleum","floor":25,"gold_loss":0}],"is_beta":false,"boss_relics":[{"not_picked":["Pandora\u0027s Box","Empty Cage"],"picked":"Sozu"}],"items_purged_floors":[22],"is_endless":false,"potions_floor_spawned":[7,10,11,18,20,29,30],"killed_by":"3 Cultists","ascension_level":20}}