{"host":"zftkeu5v9gqs3wr3","time":1607711672,"event":{"mods":["Act Like it!","Bard","BaseMod","Elementarium","Gensokyo","Jorbs\u0027s Wanderer Trilogy","Mad Scientist","Minty Spire (QoL Compilation)","Potionbrewer","Rare Cards Sparkle","StSLib","The Runesmith"],"gold_per_floor":[117,117,131,147,166,200,200,210,210,34,34,61,73,87,87,191,191,203,213,31,31,31,31,47,47,73,73,104,22,22,22],"floor_reached":30,"playtime":2760,"items_purged":[],"score":250,"play_id":"caa9d648-0516-4321-8d0f-b39c2025efff","local_time":"20201211183432","is_ascension_mode":false,"campfire_choices":[{"floor":7,"key":"REST"},{"floor":15,"key":"REST"},{"floor":23,"key":"REST"}],"circlet_count":0,"master_deck":["Runesmith:Strike_RS","Runesmith:Strike_RS","Runesmith:Strike_RS","Runesmith:Strike_RS","Runesmith:Defend_RS","Runesmith:Defend_RS","Runesmith:Defend_RS","Runesmith:Defend_RS","Runesmith:CraftFirestone","Runesmith:Fortify","Runesmith:RuneHurl","Runesmith:BackupBattery","Runesmith:Grindstone","Runesmith:HeatedChisel","Runesmith:RuneHurl","Runesmith:FrozenChisel","Runesmith:EnergizedChisel","Forethought","Runesmith:HeatExchange","Runesmith:ChargedHammer","Runesmith:FissionHammer","Runesmith:Accelerate","Runesmith:ChaoticBlast","Runesmith:FieryHammer","Runesmith:Overpower","Runesmith:Permafrost","Runesmith:Reinforce","Runesmith:CraftMedicinae","Runesmith:CraftProtectio","Runesmith:Electrocute"],"relics":["Runesmith:BrokenRuby","Lantern","Regal Pillow","HornCleat","Odd Mushroom","Runic Pyramid","Centennial Puzzle","Runesmith:MiniCore","Happy Flower"],"acts_visited":["Exordium","TheCity"],"potions_floor_usage":[6,16,28,28,28,30],"damage_taken":[{"damage":6,"enemies":"Jaw Worm","floor":1,"turns":3},{"damage":0,"enemies":"Small Slimes","floor":3,"turns":3},{"damage":6,"enemies":"2 Louse","floor":4,"turns":2},{"damage":7,"enemies":"Large Slime","floor":5,"turns":6},{"damage":35,"enemies":"Gremlin Nob","floor":6,"turns":4},{"damage":7,"enemies":"Blue Slaver","floor":8,"turns":2},{"damage":18,"enemies":"The Mushroom Lair","floor":12,"turns":5},{"damage":11,"enemies":"Exordium Wildlife","floor":13,"turns":6},{"damage":10,"enemies":"Exordium Thugs","floor":14,"turns":4},{"damage":14,"enemies":"Hexaghost","floor":16,"turns":9},{"damage":13,"enemies":"Spheric Guardian","floor":18,"turns":5},{"damage":8,"enemies":"3 Byrds","floor":19,"turns":3},{"damage":38,"enemies":"Shelled Parasite and Fungi","floor":24,"turns":13},{"damage":55,"enemies":"Slavers","floor":28,"turns":7},{"damage":23,"enemies":"3 Cultists","floor":30,"turns":4}],"seed_played":"-6907117553350457728","potions_obtained":[{"floor":4,"key":"Explosive Potion"},{"floor":8,"key":"FairyPotion"},{"floor":13,"key":"BlessingOfTheForge"},{"floor":18,"key":"potionbrewer:SplittingPotion"},{"floor":28,"key":"Regen Potion"}],"is_trial":false,"path_per_floor":["M","?","M","M","M","E","R","M","T","$","?","?","M","M","R","B",null,"M","M","$","?","?","R","M","T","T","?","E","$","M"],"character_chosen":"RUNESMITH_CLASS","items_purchased":["Runesmith:FrozenChisel","Runesmith:EnergizedChisel","Forethought","Centennial Puzzle","Runesmith:FieryHammer","Runesmith:CraftProtectio","Runesmith:Electrocute"],"campfire_rested":3,"item_purchase_floors":[10,10,10,20,20,29,29],"current_hp_per_floor":[64,64,64,58,51,16,52,45,45,45,45,27,16,6,42,28,70,57,49,49,49,36,73,35,35,35,35,6,6,0,0],"gold":22,"neow_bonus":"RANDOM_COMMON_RELIC","is_daily":false,"chose_seed":false,"campfire_upgraded":0,"win_rate":0.0,"timestamp":1607711672,"path_taken":["M","?","M","M","M","E","R","M","T","$","?","?","M","?","R","BOSS","M","M","$","?","?","R","M","?","T","?","E","$","M"],"items_purchased_type":["Card","Card","Card","Relic","Card","Card","Card"],"build_version":"2020-11-30","purchased_purges":0,"victory":false,"max_hp_per_floor":[70,70,70,70,70,70,70,70,70,70,70,70,70,70,70,70,70,70,70,70,70,75,75,75,75,75,75,75,75,75,75],"card_choices":[{"not_picked":["Runesmith:StaticCage","Runesmith:MakeshiftArmor"],"picked":"Runesmith:Superposition","floor":1},{"not_picked":["Runesmith:UnstableHammer","Runesmith:CraftProtectio"],"picked":"Runesmith:RuneHurl","floor":3},{"not_picked":["Runesmith:Malloc","Runesmith:GoWithTheFlow"],"picked":"Runesmith:BackupBattery","floor":4},{"not_picked":["Runesmith:CraftMagma","Runesmith:OneForEveryone"],"picked":"Runesmith:Grindstone","floor":5},{"not_picked":["Runesmith:BackupBattery","Runesmith:Malloc"],"picked":"Runesmith:HeatedChisel","floor":6},{"not_picked":["Runesmith:StaticCage","Runesmith:Superposition"],"picked":"Runesmith:RuneHurl","floor":8},{"not_picked":["Runesmith:UnstableHammer","Runesmith:BackupBattery"],"picked":"Runesmith:CraftSpiculum","floor":12},{"not_picked":["Runesmith:Grindstone","Runesmith:EnergizedChisel"],"picked":"Runesmith:HeatExchange","floor":13},{"not_picked":["Runesmith:Firestorm","Runesmith:CraftIndustria"],"picked":"Runesmith:ChargedHammer","floor":14},{"not_picked":["Runesmith:MetallurgicalResearch","Runesmith:CraftIndustria"],"picked":"Runesmith:FissionHammer","floor":16},{"not_picked":["Runesmith:MakeshiftArmor","Runesmith:Augment"],"picked":"Runesmith:Accelerate","floor":18},{"not_picked":["Runesmith:Overpower","Runesmith:CraftProtectio"],"picked":"Runesmith:ChaoticBlast","floor":19},{"not_picked":["Runesmith:Augment","Runesmith:Prism"],"picked":"Runesmith:Reinforce","floor":24},{"not_picked":["Runesmith:ChaoticBlast+1","Runesmith:HeatedChisel+1"],"picked":"Runesmith:CraftMedicinae","floor":28}],"player_experience":36290,"relics_obtained":[{"floor":6,"key":"Regal Pillow"},{"floor":9,"key":"HornCleat"},{"floor":12,"key":"Odd Mushroom"},{"floor":26,"key":"Runesmith:MiniCore"},{"floor":28,"key":"Happy Flower"}],"event_choices":[{"damage_healed":0,"gold_gain":0,"player_choice":"Fled","damage_taken":0,"max_hp_gain":0,"max_hp_loss":0,"event_name":"Scrap Ooze","floor":2,"gold_loss":0},{"damage_healed":0,"gold_gain":0,"player_choice":"Ignored","damage_taken":0,"max_hp_gain":0,"max_hp_loss":0,"event_name":"Liars Game","floor":11,"gold_loss":0},{"damage_healed":0,"gold_gain":0,"player_choice":"Fought Mushrooms","damage_taken":0,"max_hp_gain":0,"max_hp_loss":0,"event_name":"Mushrooms","floor":12,"gold_loss":0},{"damage_healed":0,"gold_gain":0,"cards_transformed":["Runesmith:Superposition","Runesmith:CraftSpiculum"],"player_choice":"Became Test Subject","damage_taken":0,"max_hp_gain":0,"max_hp_loss":0,"event_name":"Drug Dealer","floor":21,"gold_loss":0,"cards_obtained":["Runesmith:Overpower","Runesmith:Permafrost"]},{"damage_healed":0,"gold_gain":0,"player_choice":"Shed Blood","damage_taken":18,"max_hp_gain":5,"max_hp_loss":0,"event_name":"Forgotten Altar","floor":22,"gold_loss":0},{"damage_healed":0,"gold_gain":0,"player_choice":"Ignored","damage_taken":0,"max_hp_gain":0,"max_hp_loss":0,"event_name":"Ghosts","floor":27,"gold_loss":0}],"is_beta":false,"boss_relics":[{"not_picked":["Coffee Dripper","Empty Cage"],"picked":"Runic Pyramid"}],"items_purged_floors":[],"is_endless":false,"potions_floor_spawned":[4,8,13,18,28],"killed_by":"3 Cultists","ascension_level":0}}