{"host":"d2jar2fx86jc1ekr","time":1607696378,"event":{"mods":["AchievementEnabler","BaseMod","Colored Map","DeckTracker","Minty Spire (QoL Compilation)","StSLib","SuperFastMode","everything is the same but u backflip on backflip"],"gold_per_floor":[110,121,139,155,175,175,175,175,175,61,41,56,72,72,72,72,72],"floor_reached":16,"playtime":338,"items_purged":["Strike_R"],"score":183,"play_id":"ba5b736e-ebdd-41c8-9140-35450dd39a57","local_time":"20201211231938","is_ascension_mode":true,"campfire_choices":[{"data":"Body Slam","floor":6,"key":"SMITH"},{"data":"Shockwave","floor":8,"key":"SMITH"},{"data":"Dark Embrace","floor":15,"key":"SMITH"}],"circlet_count":0,"master_deck":["AscendersBane","Strike_R","Strike_R","Strike_R","Defend_R","Defend_R","Defend_R","Defend_R","Bash","Power Through","Blood for Blood","Shockwave+1","Body Slam+1","Dark Embrace+1","Burning Pact","Flame Barrier"],"relics":["Burning Blood","Dream Catcher"],"acts_visited":["Exordium"],"potions_floor_usage":[5,13],"damage_taken":[{"damage":12,"enemies":"Cultist","floor":1,"turns":4},{"damage":3,"enemies":"2 Louse","floor":2,"turns":3},{"damage":7,"enemies":"Small Slimes","floor":3,"turns":3},{"damage":22,"enemies":"Exordium Thugs","floor":4,"turns":4},{"damage":26,"enemies":"Large Slime","floor":5,"turns":7},{"damage":0,"enemies":"2 Fungi Beasts","floor":12,"turns":5},{"damage":13,"enemies":"3 Louse","floor":13,"turns":3},{"damage":30,"enemies":"The Guardian","floor":16,"turns":13}],"seed_played":"8894725969626080527","potions_obtained":[{"floor":2,"key":"SpeedPotion"},{"floor":3,"key":"Explosive Potion"},{"floor":11,"key":"Fire Potion"}],"is_trial":false,"path_per_floor":["M","M","M","M","M","R","?","R","T","$","?","M","M","$","R","B"],"character_chosen":"IRONCLAD","items_purchased":["Dark Embrace"],"campfire_rested":0,"item_purchase_floors":[10],"current_hp_per_floor":[62,65,64,48,28,28,28,28,28,28,28,34,27,27,27,0,0],"gold":72,"neow_bonus":"TRANSFORM_CARD","is_daily":false,"chose_seed":false,"campfire_upgraded":3,"win_rate":0.0,"timestamp":1607696378,"path_taken":["M","?","M","M","M","R","?","R","T","$","?","M","?","?","R","BOSS"],"items_purchased_type":["Card"],"build_version":"2020-11-30","purchased_purges":1,"victory":false,"max_hp_per_floor":[75,75,75,75,75,75,75,75,75,75,75,75,75,75,75,75,75],"card_choices":[{"not_picked":["Iron Wave","Combust"],"picked":"Blood for Blood","floor":1},{"not_picked":["Pommel Strike","Combust"],"picked":"Shockwave","floor":2},{"not_picked":["Thunderclap","Twin Strike","Perfected Strike"],"picked":"SKIP","floor":3},{"not_picked":["Heavy Blade","Perfected Strike","Thunderclap"],"picked":"SKIP","floor":4},{"not_picked":["Armaments","Anger"],"picked":"Body Slam","floor":5},{"not_picked":["Thunderclap","Rupture"],"picked":"Burning Pact","floor":12},{"not_picked":["Dark Embrace","Sword Boomerang"],"picked":"Flame Barrier","floor":13}],"player_experience":362079,"relics_obtained":[{"floor":9,"key":"Dream Catcher"}],"event_choices":[{"damage_healed":0,"gold_gain":0,"player_choice":"Ignored","damage_taken":0,"max_hp_gain":0,"max_hp_loss":0,"event_name":"Liars Game","floor":7,"gold_loss":0},{"damage_healed":0,"gold_gain":0,"player_choice":"Bought 1 Potion","damage_taken":0,"max_hp_gain":0,"max_hp_loss":0,"event_name":"The Woman in Blue","floor":11,"gold_loss":0}],"is_beta":false,"boss_relics":[],"items_purged_floors":[10],"is_endless":false,"potions_floor_spawned":[2,3],"killed_by":"The Guardian","ascension_level":19}}