{"host":"x6tlfgqpy55vgxdn","time":1607697989,"event":{"mods":["AchievementEnabler","BaseMod","DeckTracker","Minty Spire (QoL Compilation)","Permanent Neow","StSLib","SuperFastMode"],"gold_per_floor":[114,132,132,182,200,200,227,227,227,261,261,261,271,284,284,284,284],"floor_reached":16,"playtime":391,"items_purged":[],"score":204,"play_id":"525589fe-ea44-435b-b2db-f489cc3e6eb4","local_time":"20201211234629","is_ascension_mode":true,"campfire_choices":[{"data":"Armaments","floor":6.0,"key":"SMITH"},{"data":"1","floor":8.0,"key":"LIFT"},{"data":"2","floor":12.0,"key":"LIFT"},{"data":"3","floor":15.0,"key":"LIFT"}],"circlet_count":0,"master_deck":["AscendersBane","Strike_R","Strike_R","Strike_R","Strike_R","Strike_R","Defend_R","Defend_R","Defend_R","Defend_R","Bash","Shrug It Off","Evolve","Armaments+1","Demon Form","Bloodletting+1"],"relics":["Burning Blood","MealTicket","Girya","Toxic Egg 2","Unceasing Top","Mummified Hand"],"acts_visited":["Exordium"],"potions_floor_usage":[],"damage_taken":[{"damage":6.0,"enemies":"Cultist","floor":1.0,"turns":3.0},{"damage":2.0,"enemies":"Jaw Worm","floor":2.0,"turns":6.0},{"damage":1.0,"enemies":"2 Louse","floor":5.0,"turns":4.0},{"damage":43.0,"enemies":"Lagavulin","floor":7.0,"turns":11.0},{"damage":24.0,"enemies":"3 Sentries","floor":10.0,"turns":11.0},{"damage":3.0,"enemies":"Large Slime","floor":13.0,"turns":4.0},{"damage":7.0,"enemies":"3 Louse","floor":14.0,"turns":5.0},{"damage":0,"enemies":"Slime Boss","floor":16,"turns":4}],"seed_played":"-8273101557256805509","potions_obtained":[{"floor":1.0,"key":"Block Potion"},{"floor":10.0,"key":"SmokeBomb"}],"is_trial":false,"path_per_floor":["M","M","T","?","M","R","E","R","T","E","?","R","M","M","R","B"],"character_chosen":"IRONCLAD","items_purchased":[],"campfire_rested":0,"item_purchase_floors":[],"current_hp_per_floor":[68,72,72,65,70,70,33,33,33,15,15,15,18,17,17,17,17],"gold":284,"neow_bonus":"RANDOM_COMMON_RELIC","is_daily":false,"chose_seed":false,"campfire_upgraded":1,"win_rate":0.0,"timestamp":1607697989,"path_taken":["M","M","?","?","?","R","E","R","T","E","?","R","M","M","R","BOSS"],"items_purchased_type":[],"build_version":"2020-11-30","purchased_purges":0,"victory":false,"max_hp_per_floor":[75,75,75,75,75,75,75,75,75,75,75,75,75,75,75,75,75],"card_choices":[{"not_picked":["True Grit","Wild Strike"],"picked":"Shrug It Off","floor":1.0},{"not_picked":["Heavy Blade","True Grit"],"picked":"Evolve","floor":2.0},{"not_picked":["Flex","Sentinel"],"picked":"Armaments","floor":5.0},{"not_picked":["Infernal Blade+1","Headbutt"],"picked":"Demon Form","floor":7.0},{"not_picked":["Clothesline","Inflame"],"picked":"Bloodletting+1","floor":10.0},{"not_picked":["Shrug It Off+1","Clothesline","Sever Soul"],"picked":"SKIP","floor":13.0},{"not_picked":["Havoc+1","Pommel Strike","Iron Wave"],"picked":"SKIP","floor":14.0}],"player_experience":116941,"relics_obtained":[{"floor":3.0,"key":"Girya"},{"floor":7.0,"key":"Toxic Egg 2"},{"floor":9.0,"key":"Unceasing Top"},{"floor":10.0,"key":"Mummified Hand"}],"event_choices":[{"damage_healed":0.0,"max_hp_gain":0.0,"max_hp_loss":0.0,"gold_gain":50.0,"event_name":"FaceTrader","player_choice":"Touch","floor":4.0,"gold_loss":0.0,"damage_taken":7.0},{"damage_healed":0.0,"max_hp_gain":0.0,"max_hp_loss":0.0,"gold_gain":0.0,"event_name":"Dead Adventurer","player_choice":"Searched \u00271\u0027 times","floor":11.0,"gold_loss":0.0,"damage_taken":0.0}],"is_beta":false,"boss_relics":[],"items_purged_floors":[],"is_endless":false,"potions_floor_spawned":[1,10],"killed_by":"Slime Boss","ascension_level":17}}