{"host":"turdyikuxcak11ni","time":1607692490,"event":{"mods":["AchievementEnabler","BaseMod","Colored Map","Minty Spire (QoL Compilation)","SuperFastMode"],"gold_per_floor":[112,132,132,143,156,181,181,196,196,229,229,229,229,264,264,264,264],"floor_reached":16,"playtime":665,"items_purged":[],"score":152,"play_id":"5f19f19c-0ac9-4a8c-9f22-862290ac185d","local_time":"20201211051450","is_ascension_mode":true,"campfire_choices":[{"floor":7,"key":"REST"},{"floor":11,"key":"REST"},{"data":"Eruption","floor":13,"key":"SMITH"},{"data":"SashWhip","floor":15,"key":"SMITH"}],"circlet_count":0,"master_deck":["Strike_P","Strike_P","Strike_P","Strike_P","Defend_P","Defend_P","Defend_P","Defend_P","Eruption+1","Vigilance","WreathOfFlame","SashWhip+1","Sanctity","ThirdEye","FollowUp","Consecrate","WreathOfFlame"],"relics":["PureWater","NeowsBlessing","Ice Cream","Singing Bowl","Juzu Bracelet","Golden Idol","Sundial"],"acts_visited":["Exordium"],"potions_floor_usage":[5,6,6,6,10,16],"damage_taken":[{"damage":0,"enemies":"Cultist","floor":1,"turns":1},{"damage":0,"enemies":"Small Slimes","floor":2,"turns":1},{"damage":0,"enemies":"Jaw Worm","floor":4,"turns":1},{"damage":2,"enemies":"Looter","floor":5,"turns":2},{"damage":35,"enemies":"3 Sentries","floor":6,"turns":14},{"damage":3,"enemies":"3 Louse","floor":8,"turns":5},{"damage":12,"enemies":"Lagavulin","floor":10,"turns":4},{"damage":0,"enemies":"Gremlin Nob","floor":14,"turns":2},{"damage":72,"enemies":"Hexaghost","floor":16,"turns":15}],"seed_played":"9038689149217817447","potions_obtained":[{"floor":3,"key":"AttackPotion"},{"floor":3,"key":"Block Potion"},{"floor":3,"key":"GamblersBrew"},{"floor":5,"key":"DistilledChaos"},{"floor":6,"key":"SteroidPotion"},{"floor":14,"key":"EssenceOfSteel"}],"is_trial":false,"path_per_floor":["M","M","?","M","M","E","R","M","T","E","R","?","R","E","R","B"],"character_chosen":"WATCHER","items_purchased":[],"campfire_rested":2,"item_purchase_floors":[],"current_hp_per_floor":[72,72,72,72,70,35,56,53,53,43,65,65,65,65,65,0,0],"gold":264,"neow_bonus":"THREE_ENEMY_KILL","is_daily":false,"chose_seed":false,"campfire_upgraded":2,"win_rate":0.0,"timestamp":1607692490,"path_taken":["M","M","?","M","M","E","R","M","T","E","R","?","R","E","R","BOSS"],"items_purchased_type":[],"build_version":"2020-11-30","purchased_purges":0,"victory":false,"max_hp_per_floor":[72,72,72,72,72,72,72,72,72,74,74,69,69,69,69,69,69],"card_choices":[{"not_picked":["EmptyFist","Indignation"],"picked":"WreathOfFlame","floor":1},{"not_picked":["Consecrate","Crescendo"],"picked":"SashWhip","floor":2},{"not_picked":["Protect","ClearTheMind"],"picked":"Sanctity","floor":4},{"not_picked":["Prostrate","TalkToTheHand"],"picked":"ThirdEye","floor":5},{"not_picked":["FlurryOfBlows","Vault"],"picked":"FollowUp","floor":6},{"not_picked":["EmptyMind","Crescendo"],"picked":"Consecrate","floor":8},{"not_picked":["CrushJoints","Judgement","Adaptation"],"picked":"Singing Bowl","floor":10},{"not_picked":["WheelKick","SandsOfTime"],"picked":"WreathOfFlame","floor":14}],"player_experience":198993,"relics_obtained":[{"floor":6,"key":"Ice Cream"},{"floor":9,"key":"Singing Bowl"},{"floor":10,"key":"Juzu Bracelet"},{"floor":14,"key":"Sundial"}],"event_choices":[{"damage_healed":0,"gold_gain":0,"player_choice":"Got Potions","damage_taken":0,"max_hp_gain":0,"max_hp_loss":0,"event_name":"Lab","floor":3,"gold_loss":0},{"damage_healed":0,"gold_gain":0,"player_choice":"Lose Max HP","damage_taken":0,"relics_obtained":["Golden Idol"],"max_hp_gain":0,"max_hp_loss":5,"event_name":"Golden Idol","floor":12,"gold_loss":0}],"is_beta":false,"boss_relics":[],"items_purged_floors":[],"is_endless":false,"potions_floor_spawned":[5,6,14],"killed_by":"Hexaghost","ascension_level":1}}