{"host":"1c52r9kaxdyo25eq","time":1607666095,"event":{"mods":["AchievementEnabler","BaseMod","Minty Spire (QoL Compilation)","Rare Cards Sparkle","SuperFastMode","everything is the same but u backflip on backflip"],"gold_per_floor":[118,43,43,43,43,43,63,82,105,140,140,140,167,179,179,253,253,265,265,282,282,139,171,184,184,184,59,59,94,94,110,110,189,189,202,227,251,266,266,266,295,314,314,314,68,85,85,116,116,116,116,116,41,70,70],"floor_reached":56,"playtime":1704,"items_purged":["Defend_P","Defend_P","Strike_P","Defend_P"],"score":2608,"play_id":"4c7bfe2e-1da9-4fa8-97b6-15033cee2fd5","local_time":"20201211145455","is_ascension_mode":true,"campfire_choices":[{"data":"Eruption","floor":6.0,"key":"SMITH"},{"floor":15.0,"key":"REST"},{"data":"InnerPeace","floor":28.0,"key":"SMITH"},{"data":"MentalFortress","floor":30.0,"key":"SMITH"},{"floor":32.0,"key":"RECALL"},{"data":"Scrawl","floor":40.0,"key":"SMITH"},{"data":"Vault","floor":49.0,"key":"SMITH"},{"data":"Vigilance","floor":52.0,"key":"SMITH"}],"circlet_count":0,"master_deck":["AscendersBane","Strike_P","Eruption+1","Vigilance+1","Adaptation+1","InnerPeace+1","Vengeance+1","MentalFortress+1","Scrawl+1","Vault+1"],"relics":["PureWater","Omamori","Bird Faced Urn","Vajra","Philosopher\u0027s Stone","Anchor","Pear","Mango","Bronze Scales","VioletLotus","Thread and Needle","Ancient Tea Set","StrikeDummy","Membership Card","CeramicFish","CloakClasp"],"acts_visited":["Exordium","TheCity","TheBeyond","TheEnding"],"potions_floor_usage":[55],"damage_taken":[{"damage":0.0,"enemies":"Cultist","floor":1.0,"turns":4.0},{"damage":0.0,"enemies":"2 Louse","floor":7.0,"turns":3.0},{"damage":0.0,"enemies":"Small Slimes","floor":8.0,"turns":3.0},{"damage":17.0,"enemies":"Gremlin Nob","floor":10.0,"turns":4.0},{"damage":35.0,"enemies":"Lagavulin","floor":13.0,"turns":4.0},{"damage":7.0,"enemies":"2 Fungi Beasts","floor":14.0,"turns":3.0},{"damage":13.0,"enemies":"Hexaghost","floor":16.0,"turns":3.0},{"damage":0.0,"enemies":"Spheric Guardian","floor":18.0,"turns":2.0},{"damage":0.0,"enemies":"Shell Parasite","floor":20.0,"turns":3.0},{"damage":52.0,"enemies":"Slavers","floor":23.0,"turns":3.0},{"damage":0.0,"enemies":"Centurion and Healer","floor":24.0,"turns":2.0},{"damage":1.0,"enemies":"Book of Stabbing","floor":29.0,"turns":2.0},{"damage":0.0,"enemies":"Shelled Parasite and Fungi","floor":31.0,"turns":2.0},{"damage":0.0,"enemies":"Automaton","floor":33.0,"turns":2.0},{"damage":1.0,"enemies":"Orb Walker","floor":35.0,"turns":2.0},{"damage":0.0,"enemies":"Mind Bloom Boss Battle","floor":36.0,"turns":1.0},{"damage":0.0,"enemies":"3 Darklings","floor":38.0,"turns":1.0},{"damage":8.0,"enemies":"Reptomancer","floor":41.0,"turns":2.0},{"damage":0.0,"enemies":"Sphere and 2 Shapes","floor":42.0,"turns":2.0},{"damage":0.0,"enemies":"Jaw Worm Horde","floor":46.0,"turns":2.0},{"damage":0.0,"enemies":"Giant Head","floor":48.0,"turns":2.0},{"damage":0.0,"enemies":"Awakened One","floor":50.0,"turns":2.0},{"damage":0.0,"enemies":"Shield and Spear","floor":54.0,"turns":3.0},{"damage":0,"enemies":"The Heart","floor":55,"turns":4}],"seed_played":"6657259123300591140","potions_obtained":[{"floor":7.0,"key":"Weak Potion"},{"floor":8.0,"key":"Fire Potion"},{"floor":16.0,"key":"Strength Potion"},{"floor":20.0,"key":"Fire Potion"},{"floor":23.0,"key":"LiquidMemories"},{"floor":29.0,"key":"Explosive Potion"},{"floor":35.0,"key":"Block Potion"},{"floor":54.0,"key":"Dexterity Potion"}],"is_trial":false,"path_per_floor":["M","$","?","?","?","R","M","M","T","E","?","?","E","M","R","B",null,"M","?","M","?","$","E","M","T","T","$","R","E","R","M","R","B",null,"M","?","T","M","?","R","E","M","T","?","$","M","?","E","R","B",null,"R","$","E","B",null],"character_chosen":"WATCHER","items_purchased":["MentalFortress","Membership Card","Vault"],"campfire_rested":1,"item_purchase_floors":[22,45,45],"current_hp_per_floor":[61,61,66,66,66,66,66,66,66,49,42,42,9,4,25,14,58,60,60,62,62,62,14,18,28,42,42,42,45,45,49,49,53,86,89,93,93,97,92,92,86,90,90,90,90,92,92,92,92,92,92,92,92,92,92],"gold":70,"neow_bonus":"REMOVE_CARD","is_daily":false,"chose_seed":false,"campfire_upgraded":6,"win_rate":0.0,"timestamp":1607666095,"path_taken":["M","$","?","?","?","R","M","M","T","E","?","?","E","M","R","BOSS","M","?","?","?","$","E","M","?","T","?","R","E","R","M","R","BOSS","M","?","?","M","?","R","E","?","T","?","$","?","?","E","R","BOSS","R","$","E","BOSS"],"items_purchased_type":["Card","Relic","Card"],"build_version":"2020-11-30","purchased_purges":4,"victory":true,"max_hp_per_floor":[68,68,73,73,73,73,73,73,73,73,73,73,73,73,73,73,73,73,73,73,73,73,73,73,83,97,97,97,97,97,97,97,97,97,97,97,97,97,92,92,92,92,92,92,92,92,92,92,92,92,92,92,92,92,92],"card_choices":[{"not_picked":["PathToVictory","Halt","Perseverance"],"picked":"SKIP","floor":1.0},{"not_picked":["FollowUp","ThirdEye"],"picked":"Adaptation","floor":7.0},{"not_picked":["Crescendo","CrushJoints","WheelKick"],"picked":"SKIP","floor":8.0},{"not_picked":["EmptyMind","FlurryOfBlows","ReachHeaven"],"picked":"SKIP","floor":10.0},{"not_picked":["Consecrate","JustLucky","DeceiveReality"],"picked":"SKIP","floor":13.0},{"not_picked":["PathToVictory","Indignation"],"picked":"InnerPeace","floor":14.0},{"not_picked":["Sanctity","Halt","ClearTheMind"],"picked":"SKIP","floor":18.0},{"not_picked":["PathToVictory","JustLucky","Perseverance+1"],"picked":"SKIP","floor":20.0},{"not_picked":["WaveOfTheHand","CarveReality","Consecrate"],"picked":"SKIP","floor":23.0},{"not_picked":["Consecrate","CrushJoints+1","PathToVictory"],"picked":"SKIP","floor":24.0},{"not_picked":["Crescendo+1","CrushJoints","Alpha"],"picked":"SKIP","floor":29.0},{"not_picked":["CutThroughFate","FlyingSleeves","Meditate+1"],"picked":"SKIP","floor":31.0},{"not_picked":["Alpha","LessonLearned"],"picked":"Scrawl","floor":33.0},{"not_picked":["Protect","SignatureMove","Halt"],"picked":"SKIP","floor":35.0},{"not_picked":["SpiritShield","CrushJoints","BowlingBash"],"picked":"SKIP","floor":38.0},{"not_picked":["EmptyFist","BowlingBash+1","MasterReality"],"picked":"SKIP","floor":41.0},{"not_picked":["CrushJoints","SashWhip+1","Sanctity"],"picked":"SKIP","floor":42.0},{"not_picked":["CutThroughFate","PathToVictory","Adaptation"],"picked":"SKIP","floor":46.0},{"not_picked":["SashWhip","Swivel+1","BowlingBash"],"picked":"SKIP","floor":48.0},{"not_picked":["CutThroughFate","BowlingBash","Protect"],"picked":"SKIP","floor":54.0}],"player_experience":454065,"relics_obtained":[{"floor":9.0,"key":"Omamori"},{"floor":10.0,"key":"Bird Faced Urn"},{"floor":13.0,"key":"Vajra"},{"floor":23.0,"key":"Anchor"},{"floor":25.0,"key":"Pear"},{"floor":26.0,"key":"Mango"},{"floor":29.0,"key":"Bronze Scales"},{"floor":36.0,"key":"Thread and Needle"},{"floor":41.0,"key":"Ancient Tea Set"},{"floor":43.0,"key":"StrikeDummy"},{"floor":48.0,"key":"CeramicFish"},{"floor":54.0,"key":"CloakClasp"}],"event_choices":[{"damage_healed":0.0,"max_hp_gain":5.0,"max_hp_loss":0.0,"gold_gain":0.0,"event_name":"Big Fish","player_choice":"Donut","floor":3.0,"gold_loss":0.0,"damage_taken":0.0},{"damage_healed":0.0,"max_hp_gain":0.0,"max_hp_loss":0.0,"gold_gain":0.0,"event_name":"Liars Game","player_choice":"Ignored","floor":4.0,"gold_loss":0.0,"damage_taken":0.0},{"damage_healed":0.0,"max_hp_gain":0.0,"max_hp_loss":0.0,"gold_gain":0.0,"event_name":"The Cleric","player_choice":"Leave","floor":5.0,"gold_loss":0.0,"damage_taken":0.0},{"cards_removed":["Defend_P"],"damage_healed":0.0,"max_hp_gain":0.0,"max_hp_loss":0.0,"gold_gain":0.0,"event_name":"Golden Wing","player_choice":"Card Removal","floor":11.0,"gold_loss":0.0,"damage_taken":7.0},{"damage_healed":0.0,"max_hp_gain":0.0,"max_hp_loss":0.0,"gold_gain":0.0,"event_name":"Upgrade Shrine","player_choice":"Upgraded","floor":12.0,"gold_loss":0.0,"damage_taken":0.0,"cards_upgraded":["Adaptation"]},{"damage_healed":0.0,"max_hp_gain":0.0,"max_hp_loss":0.0,"gold_gain":0.0,"cards_transformed":["Strike_P"],"event_name":"Transmorgrifier","player_choice":"Transformed","floor":19.0,"gold_loss":0.0,"damage_taken":0.0,"cards_obtained":["Vengeance"]},{"damage_healed":0.0,"max_hp_gain":0.0,"max_hp_loss":0.0,"gold_gain":0.0,"event_name":"Vampires","player_choice":"Ignored","floor":21.0,"gold_loss":0.0,"damage_taken":0.0},{"damage_healed":0.0,"max_hp_gain":0.0,"max_hp_loss":0.0,"gold_gain":0.0,"event_name":"MindBloom","player_choice":"Fight","floor":36.0,"gold_loss":0.0,"damage_taken":0.0},{"damage_healed":0.0,"max_hp_gain":0.0,"max_hp_loss":5.0,"gold_gain":0.0,"event_name":"Winding Halls","player_choice":"Max HP","floor":39.0,"gold_loss":0.0,"damage_taken":0.0},{"damage_healed":0.0,"max_hp_gain":0.0,"max_hp_loss":0.0,"gold_gain":0.0,"event_name":"Accursed Blacksmith","player_choice":"Forge","floor":44.0,"gold_loss":0.0,"damage_taken":0.0,"cards_upgraded":["Vengeance"]},{"damage_healed":0.0,"max_hp_gain":0.0,"max_hp_loss":0.0,"gold_gain":0.0,"event_name":"Tomb of Lord Red Mask","player_choice":"Ignored","floor":47.0,"gold_loss":0.0,"damage_taken":0.0}],"is_beta":false,"boss_relics":[{"not_picked":["Busted Crown","Velvet Choker"],"picked":"Philosopher\u0027s Stone"},{"not_picked":["Fusion Hammer","SlaversCollar"],"picked":"VioletLotus"}],"items_purged_floors":[2,22,27,53],"is_endless":false,"potions_floor_spawned":[7,8,16,20,23,29,35,46,54],"ascension_level":16}}