{"host":"agela5aetnmltfvm","time":1607694770,"event":{"mods":["BaseMod","Colored Map","Jorbs\u0027s Wanderer Trilogy","Lobotomy","Minty Spire (QoL Compilation)","Replay The Spire","StSLib","The Hierophant","The Jungle","The Runesmith"],"gold_per_floor":[359,4,21,35,35,35,50,50,50,50,60,60,60],"floor_reached":12,"playtime":509,"items_purged":["Pain"],"score":70,"play_id":"8338c25e-2528-4d45-a863-12453bbd6cd3","local_time":"20201211215250","is_ascension_mode":false,"campfire_choices":[{"data":"Runesmith:Firestorm","floor":6,"key":"SMITH"},{"data":"Runesmith:ElementalConversion","floor":10,"key":"SMITH"}],"circlet_count":0,"master_deck":["Runesmith:Strike_RS","Runesmith:Strike_RS","Runesmith:Strike_RS","Runesmith:Strike_RS","Runesmith:Defend_RS","Runesmith:Defend_RS","Runesmith:Defend_RS","Runesmith:CraftFirestone","Runesmith:Fortify","Runesmith:CraftReservo","Runesmith:GrandSlam","Runesmith:CraftMedicinae","Runesmith:Firestorm+1","Runesmith:ElementalConversion+1","Runesmith:ChargedHammer","Runesmith:EarthShield","Hallucinations"],"relics":["Runesmith:BrokenRuby","ReplayTheSpireMod:Ring of Exchange","Blue Candle"],"acts_visited":["Exordium"],"potions_floor_usage":[11],"damage_taken":[{"damage":10,"enemies":"Small Slimes","floor":1,"turns":3},{"damage":0,"enemies":"Cultist","floor":3,"turns":3},{"damage":11,"enemies":"Jaw Worm","floor":4,"turns":4},{"damage":9,"enemies":"Large Slime","floor":7,"turns":6},{"damage":11,"enemies":"Looter","floor":11,"turns":3},{"damage":29,"enemies":"Lagavulin","floor":12,"turns":7}],"seed_played":"7813274516468987175","potions_obtained":[{"floor":7,"key":"DuplicationPotion"},{"floor":11,"key":"Swift Potion"}],"is_trial":false,"path_per_floor":["M","$","M","M","?","R","M","?","T","R","M","E"],"character_chosen":"RUNESMITH_CLASS","items_purchased":["Runesmith:GrandSlam","Runesmith:CraftMedicinae"],"campfire_rested":0,"item_purchase_floors":[2,2],"current_hp_per_floor":[60,60,60,49,49,49,40,40,40,40,29,0,0],"gold":60,"neow_bonus":"TWO_FIFTY_GOLD","is_daily":false,"chose_seed":false,"campfire_upgraded":2,"win_rate":0.0,"timestamp":1607694770,"path_taken":["M","$","M","M","?","R","?","?","T","R","M","E"],"items_purchased_type":["Card","Card"],"build_version":"2020-11-30","purchased_purges":1,"victory":false,"max_hp_per_floor":[70,70,70,70,70,70,70,70,70,70,70,70,70],"card_choices":[{"not_picked":["Runesmith:MakeshiftArmor","Runesmith:HammerThrow"],"picked":"Runesmith:CraftReservo","floor":1},{"not_picked":["Runesmith:WhiteBalance","Runesmith:RuneHurl"],"picked":"Runesmith:Firestorm","floor":3},{"not_picked":["Runesmith:DoubleUp","Runesmith:RuneHurl"],"picked":"Runesmith:ElementalConversion","floor":4},{"not_picked":["Runesmith:MakeshiftArmor","Runesmith:ShiftingStrike"],"picked":"Runesmith:EarthShield","floor":7},{"not_picked":["Runesmith:PoweredAnvil","Runesmith:Overpower","Runesmith:ChiselStab"],"picked":"SKIP","floor":11}],"player_experience":500965,"relics_obtained":[{"floor":8,"key":"ReplayTheSpireMod:Ring of Exchange"},{"floor":9,"key":"Blue Candle"}],"event_choices":[{"damage_healed":0,"gold_gain":0,"cards_transformed":["Runesmith:Defend_RS"],"player_choice":"Transformed","damage_taken":0,"max_hp_gain":0,"max_hp_loss":0,"event_name":"Transmorgrifier","floor":5,"gold_loss":0,"cards_obtained":["Runesmith:ChargedHammer"]}],"is_beta":false,"boss_relics":[],"items_purged_floors":[2],"is_endless":false,"potions_floor_spawned":[7,11],"killed_by":"Lagavulin","ascension_level":0}}