{"host":"4amcrcg6ktw8dbzk","time":1607695704,"event":{"mods":["BaseMod","Dota2Spire","Minty Spire (QoL Compilation)","MostiFishMod","Spicy Shops","StSLib"],"gold_per_floor":[110,110,122,122,99,99,115,152,177,212,234,234,259,278,278,387,387,413,413,203,232,232,232,269,194,194,213,235,268,279,317,317,417,417,445,473,257,275,30,73,73,97,149,189,202,265,280,280,280,280,280,280,140,183,183],"floor_reached":56,"playtime":2834,"items_purged":["Strike_G","Defend_G","MostiFishMod:TheEndOfMoonlight","Strike_G","Strike_G"],"score":2278,"play_id":"2adb1b9c-dfe9-40ac-ac5a-8bce278fb9cf","local_time":"20201211220824","is_ascension_mode":true,"campfire_choices":[{"data":"Deadly Poison","floor":6.0,"key":"SMITH"},{"data":"Deadly Poison","floor":12.0,"key":"SMITH"},{"floor":15.0,"key":"REST"},{"data":"After Image","floor":23.0,"key":"SMITH"},{"data":"Catalyst","floor":32.0,"key":"SMITH"},{"data":"Bouncing Flask","floor":41.0,"key":"SMITH"},{"floor":49,"key":"RECALL"},{"data":"Bouncing Flask","floor":52,"key":"SMITH"}],"circlet_count":0,"master_deck":["AscendersBane","Defend_G","Defend_G","Defend_G","Defend_G","Survivor","Neutralize","MostiFishMod:SparklingWater","MostiFishMod:FantasySummer","MostiFishMod:NightSea","MostiFishMod:PoisonShield","Dramatic Entrance","Outmaneuver","Deadly Poison+1","Deadly Poison+1","Expertise","Dagger Throw","Dagger Spray","Acrobatics","After Image+1","Backflip","Well Laid Plans","Prepared","Catalyst+1","Backflip+1","Noxious Fumes+1","Bouncing Flask+1","Footwork","Madness","Madness","Footwork","Tactician","Bouncing Flask+1","Poisoned Stab+1","MostiFishMod:PreservedThorns+1"],"relics":["Ring of the Serpent","DaveBox","MoonlightInvasionPlan","NeowsBlessing","Question Card","CeramicFish","Dota2Spire:Vanguard","Toy Ornithopter","ImportantClient","xbg","Dota2Spire:LotusOrb","Snake Skull","Dota2Spire:MagicBottle","Boot","Art of War","Dota2Spire:ShadowBlade","Bag of Marbles","Darkstone Periapt","Dota2Spire:HeartOfTarrasque","Blood Vial"],"acts_visited":["Exordium","TheCity","TheBeyond","TheEnding"],"potions_floor_usage":[45,46,55],"damage_taken":[{"damage":0.0,"enemies":"2 Louse","floor":1.0,"turns":1.0},{"damage":0.0,"enemies":"Jaw Worm","floor":3.0,"turns":1.0},{"damage":0.0,"enemies":"Cultist","floor":7.0,"turns":1.0},{"damage":26.0,"enemies":"3 Sentries","floor":8.0,"turns":5.0},{"damage":1.0,"enemies":"Lagavulin","floor":10.0,"turns":5.0},{"damage":0.0,"enemies":"3 Louse","floor":11.0,"turns":2.0},{"damage":0.0,"enemies":"Large Slime","floor":13.0,"turns":5.0},{"damage":0.0,"enemies":"Looter","floor":14.0,"turns":1.0},{"damage":0.0,"enemies":"Slime Boss","floor":16.0,"turns":5.0},{"damage":0.0,"enemies":"2 Thieves","floor":18.0,"turns":3.0},{"damage":0.0,"enemies":"Spheric Guardian","floor":21.0,"turns":5.0},{"damage":1.0,"enemies":"Book of Stabbing","floor":24.0,"turns":4.0},{"damage":2.0,"enemies":"Shelled Parasite and Fungi","floor":27.0,"turns":3.0},{"damage":0.0,"enemies":"Snecko","floor":28.0,"turns":2.0},{"damage":0.0,"enemies":"Gremlin Leader","floor":29.0,"turns":2.0},{"damage":0.0,"enemies":"Cultist and Chosen","floor":30.0,"turns":6.0},{"damage":0.0,"enemies":"Slavers","floor":31.0,"turns":6.0},{"damage":0.0,"enemies":"Collector","floor":33.0,"turns":6.0},{"damage":2.0,"enemies":"Orb Walker","floor":35.0,"turns":4.0},{"damage":0.0,"enemies":"3 Shapes","floor":36.0,"turns":6.0},{"damage":0.0,"enemies":"Giant Head","floor":40.0,"turns":7.0},{"damage":12.0,"enemies":"Maw","floor":42.0,"turns":6.0},{"damage":0.0,"enemies":"Nemesis","floor":44.0,"turns":7.0},{"damage":0,"enemies":"Transient","floor":45,"turns":5},{"damage":9,"enemies":"2 Orb Walkers","floor":46,"turns":5},{"damage":0,"enemies":"Spire Growth","floor":47,"turns":4},{"damage":0,"enemies":"Time Eater","floor":50,"turns":7},{"damage":0,"enemies":"Shield and Spear","floor":54,"turns":6},{"damage":8,"enemies":"The Heart","floor":55,"turns":9}],"seed_played":"8214055613172524659","potions_obtained":[{"floor":1.0,"key":"Poison Potion"},{"floor":7.0,"key":"AttackPotion"},{"floor":10.0,"key":"SneckoOil"},{"floor":24.0,"key":"Poison Potion"},{"floor":29.0,"key":"Dexterity Potion"},{"floor":31.0,"key":"AttackPotion"},{"floor":45,"key":"CunningPotion"}],"is_trial":false,"path_per_floor":["M","?","M","?","$","R","M","E","T","E","M","R","M","M","R","B",null,"M","?","$","M","?","R","E","?","T","M","M","E","M","E","R","B",null,"M","M","$","?","$","E","R","M","T","E","M","?","M","?","R","B",null,"R","$","E","B",null],"character_chosen":"THE_SILENT","items_purchased":["Deadly Poison","Well Laid Plans","Boot","Art of War"],"campfire_rested":1,"item_purchase_floors":[5,20,37,39],"current_hp_per_floor":[63,63,63,63,63,63,63,37,37,36,36,36,36,36,57,57,67,67,67,67,67,54,54,53,53,53,51,51,61,61,61,61,61,72,70,70,70,61,61,61,61,49,49,49,54,58,62,62,62,78,82,82,82,83,83],"gold":183,"neow_bonus":"THREE_ENEMY_KILL","is_daily":false,"chose_seed":false,"campfire_upgraded":6,"win_rate":0.0,"timestamp":1607695704,"path_taken":["M","?","M","?","$","R","M","E","T","E","?","R","M","M","R","BOSS","M","?","$","M","?","R","E","?","T","M","M","E","M","E","R","BOSS","M","M","$","?","$","E","R","M","T","E","M","?","M","?","R","BOSS","R","$","E","BOSS"],"items_purchased_type":["Card","Card","Relic","Relic"],"build_version":"2020-11-30","purchased_purges":5,"victory":true,"max_hp_per_floor":[70,70,70,70,70,70,70,70,70,70,70,70,70,70,70,70,70,70,70,70,70,75,75,75,75,75,75,75,75,75,75,75,75,75,75,75,75,75,75,75,75,75,75,75,75,83,83,83,83,83,83,83,83,83,83],"card_choices":[{"not_picked":["Underhanded Strike","PiercingWail"],"picked":"MostiFishMod:PoisonShield","floor":1.0},{"not_picked":["MostiFishMod:InvigoratingSolution","Dodge and Roll","Infinite Blades"],"picked":"Outmaneuver","floor":3.0},{"not_picked":["Deflect","Prepared","Endless Agony"],"picked":"Deadly Poison","floor":7.0},{"not_picked":["Choke","Quick Slash","Expertise","Setup"],"picked":"SKIP","floor":8.0},{"not_picked":["Choke","Quick Slash","Setup"],"picked":"Expertise","floor":8.0},{"not_picked":["MostiFishMod:VineMother","Slice","Blade Dance","Quick Slash"],"picked":"SKIP","floor":10.0},{"not_picked":["Cloak And Dagger","MostiFishMod:ThornCasing","Blur"],"picked":"Dagger Throw","floor":11.0},{"not_picked":["Masterful Stab","PiercingWail","Predator"],"picked":"Dagger Spray","floor":13.0},{"not_picked":["Choke","Leg Sweep","Backstab"],"picked":"Acrobatics","floor":14.0},{"not_picked":["MostiFishMod:HiddenBlade","MostiFishMod:VineMother","Die Die Die"],"picked":"After Image","floor":16.0},{"not_picked":["MostiFishMod:FrostNova","Dagger Throw+1","Deflect"],"picked":"Backflip","floor":18.0},{"not_picked":["Deadly Poison","Sucker Punch","Underhanded Strike"],"picked":"Prepared","floor":21.0},{"not_picked":["Underhanded Strike","Infinite Blades","Sucker Punch"],"picked":"Catalyst","floor":24.0},{"not_picked":["Venomology","Sucker Punch","Bane","Terror+1"],"picked":"SKIP","floor":27.0},{"not_picked":["Noxious Fumes","Escape Plan","Flying Knee"],"picked":"Backflip+1","floor":28.0},{"not_picked":["MostiFishMod:PerfectParry","Flying Knee","Caltrops","Cloak And Dagger"],"picked":"SKIP","floor":29.0},{"not_picked":["Underhanded Strike","Dodge and Roll","MostiFishMod:PerfectParry","Backflip"],"picked":"SKIP","floor":30.0},{"not_picked":["Dodge and Roll","Flechettes","Acrobatics"],"picked":"Noxious Fumes+1","floor":31.0},{"not_picked":["Bane","Underhanded Strike","Slice+1"],"picked":"Bouncing Flask","floor":35.0},{"not_picked":["Backstab+1","Underhanded Strike","Finisher"],"picked":"Footwork","floor":36.0},{"not_picked":["Glass Knife","Distraction+1","MostiFishMod:PerfectParry"],"picked":"Footwork","floor":40.0},{"not_picked":["Dodge and Roll","PiercingWail+1","Backflip"],"picked":"Tactician","floor":42.0},{"not_picked":["Cloak And Dagger+1","Predator+1","Dash"],"picked":"Bouncing Flask","floor":44.0},{"not_picked":["Well Laid Plans+1","Outmaneuver","Footwork","Dagger Throw"],"picked":"SKIP","floor":45},{"not_picked":["Night Terror","Slice+1","Dash"],"picked":"Poisoned Stab+1","floor":46},{"not_picked":["Quick Slash+1","Deflect+1","Choke","MostiFishMod:LethalBlade"],"picked":"SKIP","floor":47},{"not_picked":["Masterful Stab","Poisoned Stab","Heel Hook+1"],"picked":"MostiFishMod:PreservedThorns+1","floor":54}],"player_experience":230640,"relics_obtained":[{"floor":1.0,"key":"Question Card"},{"floor":8.0,"key":"CeramicFish"},{"floor":9.0,"key":"Dota2Spire:Vanguard"},{"floor":10.0,"key":"Toy Ornithopter"},{"floor":16.0,"key":"ImportantClient"},{"floor":24.0,"key":"Dota2Spire:LotusOrb"},{"floor":29.0,"key":"Snake Skull"},{"floor":31.0,"key":"Dota2Spire:MagicBottle"},{"floor":40.0,"key":"Dota2Spire:ShadowBlade"},{"floor":43.0,"key":"Bag of Marbles"},{"floor":44.0,"key":"Darkstone Periapt"},{"floor":46,"key":"Dota2Spire:HeartOfTarrasque"},{"floor":54,"key":"Blood Vial"}],"event_choices":[{"damage_healed":0.0,"max_hp_gain":0.0,"max_hp_loss":0.0,"gold_gain":0.0,"cards_transformed":["MostiFishMod:Neptune"],"event_name":"Living Wall","player_choice":"Change","floor":2.0,"gold_loss":0.0,"damage_taken":0.0,"cards_obtained":["Dramatic Entrance"]},{"cards_removed":["Strike_G"],"damage_healed":0.0,"max_hp_gain":0.0,"max_hp_loss":0.0,"gold_gain":0.0,"event_name":"Bonfire Elementals","player_choice":"Offered Basic","floor":4.0,"gold_loss":0.0,"damage_taken":0.0},{"damage_healed":0.0,"max_hp_gain":0.0,"max_hp_loss":0.0,"gold_gain":0.0,"event_name":"Ghosts","player_choice":"Ignored","floor":19.0,"gold_loss":0.0,"damage_taken":0.0},{"damage_healed":0.0,"max_hp_gain":5.0,"max_hp_loss":0.0,"gold_gain":0.0,"event_name":"Forgotten Altar","player_choice":"Shed Blood","floor":22.0,"gold_loss":0.0,"damage_taken":18.0},{"cards_removed":["Strike_G"],"damage_healed":0.0,"max_hp_gain":0.0,"max_hp_loss":0.0,"gold_gain":0.0,"event_name":"Beggar","player_choice":"Gave Gold","floor":25.0,"gold_loss":75.0,"damage_taken":0.0},{"damage_healed":0.0,"max_hp_gain":0.0,"max_hp_loss":0.0,"gold_gain":0.0,"event_name":"Winding Halls","player_choice":"Embrace Madness","floor":38.0,"gold_loss":0.0,"damage_taken":9.0,"cards_obtained":["Madness","Madness"]},{"damage_healed":0,"gold_gain":0,"player_choice":"Fight","damage_taken":0,"max_hp_gain":0,"max_hp_loss":0,"event_name":"Mysterious Sphere","floor":46,"gold_loss":0},{"damage_healed":0,"gold_gain":0,"player_choice":"Ignored","damage_taken":0,"max_hp_gain":0,"max_hp_loss":0,"event_name":"SecretPortal","floor":48,"gold_loss":0}],"is_beta":false,"boss_relics":[{"not_picked":["MostiFishMod:Hod","Cursed Key"],"picked":"xbg"},{"not_picked":["Runic Dome","TakeMeEscape"],"picked":"Ring of the Serpent"}],"items_purged_floors":[20,20,37,39,53],"is_endless":false,"potions_floor_spawned":[1,7,10,24,28,29,31,35,42,45],"ascension_level":10}}