{"host":"qv6i1hqtwdecmcbw","time":1607698844,"event":{"mods":["AchievementEnabler","BaseMod","Colored Map","Conspire","Downfall","GifTheSpireLib","Googly Eyes","Halation","Minty Spire (QoL Compilation)","Replay The Spire","Shop Mod","Spicy Shops","StSLib","The IronCluck"],"gold_per_floor":[117,130,59,59,59,59,69,69,122,29,43,62,82,82,82,187,187,202,220,220,76,76,76,76,76,101,116,132,144,144,159,159,159,159],"floor_reached":33,"playtime":2504,"items_purged":[],"score":239,"play_id":"5b4a3496-f49d-48df-a4a9-7594208df7db","local_time":"20201211150044","is_ascension_mode":false,"campfire_choices":[{"floor":6,"key":"REST"},{"data":"Twin Strike","floor":15,"key":"SMITH"},{"floor":23,"key":"REST"},{"floor":25,"key":"REST"},{"floor":32,"key":"REST"}],"circlet_count":0,"master_deck":["Strike_R","Strike_R","Strike_R","Strike_R","Strike_R","Defend_R","Defend_R","Defend_R","Defend_R","Bash","ReplayReversal","Twin Strike+1","Life Link","Cleave","Armaments","Flex","Thunderclap","Replay:Undeath\u0027s Touch","ReplayTheSpireMod:Stacked+1","Run Through+1","Disarm","Shrug It Off","ReplayTheSpireMod:Stacked"],"relics":["Burning Blood","Boot","Blood Vial","halation:PinkSoulGem","Pen Nib"],"acts_visited":["Exordium","TheCity"],"potions_floor_usage":[16,16,27,28,29,31,33],"damage_taken":[{"damage":0,"enemies":"Small Slimes","floor":1,"turns":3},{"damage":14,"enemies":"2 Louse","floor":2,"turns":3},{"damage":10,"enemies":"Jaw Worm","floor":7,"turns":5},{"damage":13,"enemies":"Exordium Thugs","floor":11,"turns":5},{"damage":7,"enemies":"3 Louse","floor":12,"turns":3},{"damage":6,"enemies":"Large Slime","floor":13,"turns":3},{"damage":79,"enemies":"The Guardian","floor":16,"turns":13},{"damage":35,"enemies":"2 Thieves","floor":18,"turns":4},{"damage":30,"enemies":"3 Byrds","floor":19,"turns":6},{"damage":45,"enemies":"Centurion and Healer","floor":27,"turns":8},{"damage":17,"enemies":"Snecko","floor":28,"turns":6},{"damage":30,"enemies":"Shelled Parasite and Fungi","floor":29,"turns":8},{"damage":10,"enemies":"Snake Plant","floor":31,"turns":5},{"damage":67,"enemies":"conspire:MysteriousRune","floor":33,"turns":10}],"seed_played":"-5414679419930908938","potions_obtained":[{"floor":7,"key":"SteroidPotion"},{"floor":11,"key":"BloodPotion"},{"floor":13,"key":"EssenceOfSteel"},{"floor":18,"key":"Venom Potion"},{"floor":20,"key":"FairyPotion"},{"floor":20,"key":"EssenceOfSteel"},{"floor":27,"key":"Adrenaline Potion"},{"floor":28,"key":"LiquidMemories"},{"floor":29,"key":"Elixir"}],"is_trial":false,"path_per_floor":["M","M","$","?","?","R","M","?","T","$","M","M","M","$","R","B",null,"M","M","?","$","?","R","?","R","T","M","M","M","?","M","R","B"],"character_chosen":"IRONCLAD","items_purchased":["Life Link","Armaments","Flex","Blood Vial"],"campfire_rested":4,"item_purchase_floors":[3,10,10,21],"current_hp_per_floor":[88,80,80,80,80,88,84,84,84,84,77,76,76,76,76,20,88,59,35,35,35,35,61,44,71,71,34,25,33,33,31,58,0,0],"gold":159,"neow_bonus":"TEN_PERCENT_HP_BONUS","is_daily":false,"chose_seed":false,"campfire_upgraded":1,"win_rate":0.0,"timestamp":1607698844,"path_taken":["M","M","$","?","?","R","M","?","T","?","M","?","M","$","R","BOSS","M","M","?","$","?","R","?","R","T","M","M","M","?","?","R","BOSS"],"items_purchased_type":["Card","Card","Card","Relic"],"build_version":"2020-11-30","purchased_purges":0,"victory":false,"max_hp_per_floor":[88,88,88,88,88,88,88,88,88,88,88,88,88,88,88,88,88,88,88,88,88,88,88,93,93,93,93,93,93,93,93,93,93,93],"card_choices":[{"not_picked":["Body Slam","ReplayTheSpireMod:Muscle Training"],"picked":"ReplayReversal","floor":1},{"not_picked":["Body Slam","ReplayTheSpireMod:Strike From Hell"],"picked":"Twin Strike","floor":2},{"not_picked":["Sword Boomerang","Clothesline"],"picked":"Cleave","floor":7},{"not_picked":["Body Slam","Heavy Blade"],"picked":"Thunderclap","floor":11},{"not_picked":["ReplayTheSpireMod:Corrosion Curse","Dark Embrace"],"picked":"Replay:Undeath\u0027s Touch","floor":12},{"not_picked":["Seeing Red","Shockwave"],"picked":"ReplayTheSpireMod:Stacked","floor":13},{"not_picked":["Replay:Undeath\u0027s Touch","Cleave"],"picked":"Run Through+1","floor":18},{"not_picked":["Second Wind","True Grit+1"],"picked":"Disarm","floor":19},{"not_picked":["Body Slam+1","Flex","Defy Death"],"picked":"SKIP","floor":27},{"not_picked":["Inflame","Run Through"],"picked":"Shrug It Off","floor":28},{"not_picked":["Battle Trance","Reckless Charge"],"picked":"ReplayTheSpireMod:Stacked","floor":29},{"not_picked":["Clothesline","Cleave","True Grit"],"picked":"SKIP","floor":31}],"player_experience":57896,"relics_obtained":[{"floor":9,"key":"Boot"},{"floor":26,"key":"Pen Nib"}],"event_choices":[{"damage_healed":0,"gold_gain":0,"player_choice":"Leave","damage_taken":0,"max_hp_gain":0,"max_hp_loss":0,"event_name":"conspire:Investor","floor":5,"gold_loss":0},{"damage_healed":0,"gold_gain":0,"player_choice":"Ignored","damage_taken":0,"max_hp_gain":0,"max_hp_loss":0,"event_name":"Golden Wing","floor":8,"gold_loss":0},{"damage_healed":0,"gold_gain":0,"player_choice":"Got Potions","damage_taken":0,"max_hp_gain":0,"max_hp_loss":0,"event_name":"Lab","floor":20,"gold_loss":0},{"damage_healed":0,"gold_gain":0,"player_choice":"Shed Blood","damage_taken":22,"max_hp_gain":5,"max_hp_loss":0,"event_name":"Forgotten Altar","floor":24,"gold_loss":0},{"damage_healed":0,"gold_gain":0,"player_choice":"Forge","damage_taken":0,"max_hp_gain":0,"max_hp_loss":0,"event_name":"Accursed Blacksmith","floor":30,"gold_loss":0,"cards_upgraded":["ReplayTheSpireMod:Stacked"]}],"is_beta":false,"boss_relics":[{"not_picked":["conspire:SeveredTorchhead","Empty Cage","halation:Prosthetics"]}],"items_purged_floors":[],"is_endless":false,"potions_floor_spawned":[7,11,13,18,27,28,29],"killed_by":"conspire:MysteriousRune","ascension_level":0}}