{"host":"qwttrqaysb380yri","time":1607721203,"event":{"mods":["BaseMod","Custom Start","Minty Spire (QoL Compilation)","Puzzle Mod","Relic Stats","StSLib","The Cursed","The Hierophant"],"gold_per_floor":[111,124,124,134,84,84,93,106,132,144,164,189,189,217,217,300,300,351,410,43,43,43,43,43],"floor_reached":23,"playtime":728,"items_purged":[],"score":413,"play_id":"ffd206b8-77d2-4c8c-8151-e10d8974e4ee","local_time":"20201211221323","is_ascension_mode":true,"campfire_choices":[{"data":"hierophant:Punish","floor":6.0,"key":"SMITH"},{"floor":13.0,"key":"REST"},{"floor":15.0,"key":"REST"}],"circlet_count":0,"master_deck":["AscendersBane","hierophant:Strike_Hierophant","hierophant:Strike_Hierophant","hierophant:Strike_Hierophant","hierophant:Strike_Hierophant","hierophant:Punish+1","hierophant:Defend_Hierophant","hierophant:Defend_Hierophant","hierophant:Defend_Hierophant","hierophant:Defend_Hierophant","hierophant:ChurchCoffers+1","hierophant:DisplayOfPower","hierophant:FlamingChariot+1","hierophant:FieryStrike","hierophant:ThreeLashes","hierophant:RepressedViolence","hierophant:Doubloon","hierophant:CoinFling","hierophant:ThreeLashes","hierophant:OrnateBuckler","hierophant:Cornucopia","hierophant:OrnateBuckler","hierophant:DeathKnell"],"relics":["hierophant:PropheticMaskRelic","Vajra","Omamori","Happy Flower","Dream Catcher","Velvet Choker","Torii","MutagenicStrength"],"acts_visited":["Exordium","TheCity"],"potions_floor_usage":[],"damage_taken":[{"damage":4.0,"enemies":"Jaw Worm","floor":1.0,"turns":4.0},{"damage":1.0,"enemies":"Cultist","floor":2.0,"turns":3.0},{"damage":0.0,"enemies":"2 Louse","floor":4.0,"turns":2.0},{"damage":30.0,"enemies":"Lagavulin","floor":7.0,"turns":6.0},{"damage":3.0,"enemies":"Large Slime","floor":8.0,"turns":4.0},{"damage":10.0,"enemies":"3 Sentries","floor":10.0,"turns":4.0},{"damage":0.0,"enemies":"Blue Slaver","floor":11.0,"turns":1.0},{"damage":0.0,"enemies":"Gremlin Nob","floor":12.0,"turns":2.0},{"damage":17.0,"enemies":"3 Louse","floor":14.0,"turns":4.0},{"damage":7.0,"enemies":"Slime Boss","floor":16.0,"turns":5.0},{"damage":30.0,"enemies":"Shell Parasite","floor":18.0,"turns":5.0},{"damage":28.0,"enemies":"2 Thieves","floor":19.0,"turns":4.0},{"damage":0,"enemies":"Slavers","floor":23,"turns":1}],"seed_played":"-8835041616170288990","potions_obtained":[{"floor":4.0,"key":"Ancient Potion"},{"floor":10.0,"key":"DuplicationPotion"}],"is_trial":false,"path_per_floor":["M","M","?","M","$","R","E","M","T","E","M","E","R","M","R","B",null,"M","M","$","?","?","E"],"character_chosen":"HIEROPHANT","items_purchased":["AttackPotion","Torii","hierophant:DeathKnell"],"campfire_rested":2,"item_purchase_floors":[5,20,20],"current_hp_per_floor":[64,63,63,63,63,63,33,30,30,20,20,20,42,25,47,40,66,36,8,8,8,8,8,8],"gold":43,"neow_bonus":"UPGRADE_CARD","is_daily":false,"chose_seed":false,"campfire_upgraded":1,"win_rate":0.0,"timestamp":1607721203,"path_taken":["M","M","?","M","$","R","E","M","T","E","?","E","R","M","R","BOSS","M","M","$","?","?","E"],"items_purchased_type":["Potion","Relic","Card"],"build_version":"2020-11-30","purchased_purges":0,"victory":false,"max_hp_per_floor":[75,75,75,75,75,75,75,75,75,75,75,75,75,75,75,75,75,75,75,75,75,75,75,75],"relic_stats":{"Dream Catcher":2,"Happy Flower":[7],"Torii":0,"counters":[13,45],"obtain_stats":[{"Dream Catcher":12,"Happy Flower":10,"Torii":20,"hierophant:PropheticMaskRelic":0,"MutagenicStrength":21,"Vajra":7,"Velvet Choker":17,"Omamori":9},{"Dream Catcher":8,"Happy Flower":6,"Torii":12,"hierophant:PropheticMaskRelic":0,"MutagenicStrength":12,"Vajra":4,"Velvet Choker":10,"Omamori":5},{"Dream Catcher":26,"Happy Flower":23,"Torii":44,"hierophant:PropheticMaskRelic":0,"MutagenicStrength":44,"Vajra":15,"Velvet Choker":35,"Omamori":19}]},"card_choices":[{"not_picked":["hierophant:FaithHealing","hierophant:Sermon"],"picked":"hierophant:DisplayOfPower","floor":1.0},{"not_picked":["hierophant:OrnateBuckler","hierophant:Endure"],"picked":"hierophant:FlamingChariot","floor":2.0},{"not_picked":["hierophant:RustyCrate","hierophant:Cornucopia","hierophant:PristineSoul"],"picked":"SKIP","floor":4.0},{"not_picked":["hierophant:Zeal","hierophant:Smite"],"picked":"hierophant:FieryStrike","floor":7.0},{"not_picked":["hierophant:Smite","hierophant:RustyCrate"],"picked":"hierophant:ThreeLashes","floor":8.0},{"not_picked":["hierophant:Community","hierophant:Kindle"],"picked":"hierophant:RepressedViolence","floor":10.0},{"not_picked":["hierophant:AuricBeam","hierophant:SealAway"],"picked":"hierophant:CoinFling","floor":11.0},{"not_picked":["hierophant:AuricBeam","hierophant:MorningPrayer"],"picked":"hierophant:ThreeLashes","floor":12.0},{"not_picked":["hierophant:SealAway","hierophant:Prophecy"],"picked":"hierophant:OrnateBuckler","floor":13.0},{"not_picked":["hierophant:DisplayOfPower","hierophant:AuricShield","hierophant:Doubloon"],"picked":"SKIP","floor":14.0},{"not_picked":["hierophant:MintersHammer","hierophant:Invocation"],"picked":"hierophant:Cornucopia","floor":16.0},{"not_picked":["hierophant:OrnateJavelin","hierophant:Refuge"],"picked":"hierophant:OrnateBuckler","floor":18.0},{"not_picked":["hierophant:Sermon","hierophant:ConvertCurrency","hierophant:WrathOfGod"],"picked":"SKIP","floor":19.0}],"player_experience":1810693,"relics_obtained":[{"floor":7.0,"key":"Vajra"},{"floor":9.0,"key":"Omamori"},{"floor":10.0,"key":"Happy Flower"},{"floor":12.0,"key":"Dream Catcher"}],"event_choices":[{"damage_healed":0.0,"max_hp_gain":0.0,"max_hp_loss":0.0,"gold_gain":0.0,"event_name":"Upgrade Shrine","player_choice":"Upgraded","floor":3.0,"gold_loss":0.0,"damage_taken":0.0,"cards_upgraded":["hierophant:FlamingChariot"]},{"damage_healed":0,"gold_gain":0,"player_choice":"Inject Mutagens","damage_taken":0,"relics_obtained":["MutagenicStrength"],"max_hp_gain":0,"max_hp_loss":0,"event_name":"Drug Dealer","floor":21,"gold_loss":0},{"damage_healed":0,"gold_gain":0,"player_choice":"Smashed Altar","damage_taken":0,"max_hp_gain":0,"max_hp_loss":0,"event_name":"Forgotten Altar","floor":22,"gold_loss":0,"cards_obtained":["Decay"]}],"is_beta":false,"boss_relics":[{"not_picked":["Snecko Eye","Empty Cage"],"picked":"Velvet Choker"}],"items_purged_floors":[],"is_endless":false,"potions_floor_spawned":[4,10,12],"killed_by":"Slavers","ascension_level":15}}