{"host":"zaewvcigpm0efuvp","time":1607687655,"event":{"mods":["2.2 Compatiblity","AchievementEnabler","Act Like it!","Aspiration","Astrologer","Bard","BaseMod","Beaked The Cultist","Better Altar","Better Match","Better Note","Better Sensory Stone","Better Skull","Better Third Choice","BetterRewards","CCEM","Chen","Clawfect","Colored Map","Conspire","Decade(???)","Dota2Spire","Downfall","Friendly Minions","GifTheSpireLib","Googly Eyes","GungeonMod","Halation","Hallownest","Hermit","Hero for Fun","Highlight Path","HololiveMod","Hubris","Hunter ??","Infinite Spire","Jedi Mod","Jorbs\u0027s Wanderer Trilogy","Koishi","Luminous","Mad Scientist","Marisa????????","Mimic Mod","Minty Spire (QoL Compilation)","Permanent Neow","Prisma Mod","Reimu??????","Remilia_Scarlet Moed?????·?????3.3.5","Replay The Spire","Robot Space Explorer","Shade Mod","Shop Mod","Spicy Shops","StSLib","Stuff the Spire","Td1madao Mod","The Administrix","The Alterego","The Blackbeard","The Bladedancer","The Bug Knight","The Construct","The Cursed","The Disciple","The Dragon Tamer","The Exalted","The Gatherer","The Hayseed","The Hierophant","The IronCluck","The Jungle","The Mystic","The Necromancer","The Poker Player","The Problem Sleuth","The Runesmith","The Senshi","The Servant 0.9.4","The Spell Scribe","The Vixen","The Wild Card","The Witch","TheArtist","TheBandit","TheSwordswoman","Unceasing Turn Reminder","WarShipGirlsR/????R mod","Yuri Mod","Yuyuko","[IsaacMod]????","everything is the same but u backflip on backflip","slay the spire mod where everything is the same but ironclad has a cowboy hat","???????????mod","??????REMEMod"],"gold_per_floor":[12,12,23,40,126,156,156,156,156,0,18,34,34,50,50,152,152,162,162,172,172,172,172,191,191,206,206,206,206,206,206,206,222,222,336,336,376,376,417,76,76,76],"floor_reached":41,"playtime":2119,"items_purged":[],"score":516,"play_id":"92aa7d23-26e5-4adf-9800-72d2ced7c138","local_time":"20201211125415","is_ascension_mode":false,"campfire_choices":[{"data":"Hololive_CallAZKi","floor":7,"key":"SMITH"},{"data":"Hololive_IdolExercise","floor":13,"key":"SMITH"},{"data":"Hololive_CallTokoyamiTowa","floor":25,"key":"SMITH"},{"data":"EpicFetus","floor":27,"key":"SMITH"},{"data":"Hololive_ScarfAndHalo","floor":34,"key":"SMITH"}],"circlet_count":0,"master_deck":["Hololive_Strike","Hololive_Strike","Hololive_Defend","Hololive_Defend","Hololive_Sequa","Hololive_CallOkamiMio","Hololive_CallMurasakiShion","Hololive_CallMinatoAqua+1","Hololive_CallAZKi+1","Hololive_CallRosalyn","Flame Barrier","Hololive_IdolExercise+1","Hololive_CallYozoraMel","Replay:Sssssssssstrike","Hololive_CallShishiroBotan","Hololive_Breathe","Hololive_MaximGun","Flash of Steel","Hololive_CallTokoyamiTowa+1","Hololive_CallTsunomakiWatame","Hololive_StrengthChampion","Hololive_Thief","Crow Ritual","Hololive_Sequa","Hololive_HuntDinosaur","EpicFetus+1","Hololive_ScarfAndHalo+1","Hololive_DDD","Hololive_Psychosis+1","Hololive_CallShiroganeNoel","expansioncontent:StudyTheSpire"],"relics":["Hololive_TheStar","HushsDoor","REME_ComplimentaryCards","BelialBook","infinitespire:FocusingShard","hubris:DeckOfHolding","Dota2Spire:DivineRapier","REME_LowDesire","Dota2Spire:ArcaneBoots","Potion Belt","Dota2Spire:UrnOfShadows","ChewingGum","hubris:Towel","CaptainsWheel","infinitespire:EvilPickle","StuffTheSpire:RunicHypercube","CCEMRelics:SpiritsEdge"],"acts_visited":["Exordium","TheCity","TheBeyond"],"potions_floor_usage":[11,14,35,35,39,41],"damage_taken":[{"damage":0,"enemies":"2 Louse","floor":1,"turns":3},{"damage":0,"enemies":"Cultist","floor":3,"turns":3},{"damage":0,"enemies":"conspire:RoseBush","floor":4,"turns":3},{"damage":0,"enemies":"HollowMod:MossKnight","floor":6,"turns":6},{"damage":0,"enemies":"Lots of Slimes","floor":11,"turns":2},{"damage":0,"enemies":"3 Louse","floor":12,"turns":2},{"damage":13,"enemies":"Gremlin Gang","floor":14,"turns":5},{"damage":0,"enemies":"Slime Boss","floor":16,"turns":4},{"damage":0,"enemies":"Spheric Guardian","floor":18,"turns":3},{"damage":0,"enemies":"conspire:FuzzyDice","floor":20,"turns":5},{"damage":0,"enemies":"conspire:HollyBat","floor":24,"turns":7},{"damage":0,"enemies":"Snecko","floor":26,"turns":4},{"damage":0,"enemies":"Snake Plant","floor":33,"turns":3},{"damage":0,"enemies":"Pondfish","floor":35,"turns":7},{"damage":0,"enemies":"3 Darklings","floor":37,"turns":4},{"damage":0,"enemies":"Orb Walker","floor":39,"turns":4},{"damage":63,"enemies":"Spire Growth","floor":41,"turns":3}],"seed_played":"789604071351072704","potions_obtained":[{"floor":1,"key":"sneckomod:MuddlingPotion"},{"floor":3,"key":"Toxic Potion"},{"floor":14,"key":"DuplicationPotion"},{"floor":33,"key":"Fruit Juice"},{"floor":35,"key":"ZuzhouPotion:ReiMu"},{"floor":37,"key":"Energy Potion"}],"is_trial":false,"path_per_floor":["M","?","M","M","?","E","R","?","T","$","M","M","R","M","R_BF","B",null,"M","?","M","PTL","PTL","$","M","R","M","R","T","AVR","?","?","?","M","R","B",null,"M","?","M","$","M"],"character_chosen":"Hololive_HololiveCharacter","items_purchased":["Dota2Spire:DivineRapier","expansioncontent:StudyTheSpire","CCEMRelics:SpiritsEdge"],"campfire_rested":0,"item_purchase_floors":[10,40,40],"current_hp_per_floor":[35,35,35,35,20,20,20,20,20,20,20,20,20,7,17,17,35,35,35,35,35,35,35,35,35,35,35,35,35,35,35,32,32,32,37,40,40,40,40,40,0,0],"gold":76,"neow_bonus":"THREE_RARE_CARDS","is_daily":false,"chose_seed":false,"campfire_upgraded":5,"win_rate":0.0,"timestamp":1607687655,"path_taken":["M","?","M","?","?","E","R","?","T","?","M","M","R","M","R_BF","BOSS","M","?","M","PTL","PTL","?","M","R","?","R","T","AVR","?","?","?","M","R","BOSS","M","?","M","$","?"],"items_purchased_type":["Relic","Card","Relic"],"build_version":"2020-11-30","purchased_purges":0,"victory":false,"max_hp_per_floor":[35,35,35,35,35,35,35,35,35,35,35,35,35,35,35,35,35,35,35,35,35,35,35,35,35,35,35,35,35,35,35,35,35,35,40,40,40,40,40,40,40,40],"card_choices":[{"not_picked":[],"picked":"SuicideKing","floor":0},{"not_picked":["Hololive_DiamondStrike","Hololive_MaximGun"],"picked":"Hololive_IdolExercise","floor":0},{"not_picked":["Hololive_Trident","Hololive_CallSakuraMiko","Hololive_Breathe"],"picked":"Hololive_CallYozoraMel","floor":1},{"not_picked":["Hololive_Sequa","Hololive_CallRoboco","Hololive_StrengthChampion"],"picked":"Hololive_CallShishiroBotan","floor":3},{"not_picked":["Hololive_FlyingPonyTail","Hololive_Trident","Hololive_Rebound"],"picked":"Hololive_Breathe","floor":4},{"not_picked":["Hololive_StrengthChampion","Hololive_HuntDinosaur","Hololive_SoulCatcher"],"picked":"Hololive_MaximGun","floor":6},{"not_picked":["PanicButton","jedi:LeechingStrike","DemoMod:Deposit"],"picked":"Flash of Steel","floor":8},{"not_picked":["Hololive_RevenueBasedLive","Hololive_CallDoris","Hololive_StrengthChampion"],"picked":"Hololive_CallTokoyamiTowa","floor":11},{"not_picked":["Hololive_Trident","Hololive_LuckPotion","Bomb"],"picked":"Hololive_CallTsunomakiWatame","floor":12},{"not_picked":["Hololive_Breathe","Hololive_SummonFox","Hololive_FlyingPonyTail"],"picked":"Hololive_StrengthChampion","floor":14},{"not_picked":["Hololive_WolfAndLamb","Hololive_ASMR","Hololive_IdolExercise"],"picked":"Hololive_Thief","floor":16},{"not_picked":["Hololive_Psychosis+1","Hololive_StrengthChampion","Hololive_RevenueBasedLive","Hololive_Sequa+1"],"picked":"Crow Ritual","floor":18},{"not_picked":["Hololive_Breathe","Hololive_CallRosalyn","Hololive_CallFriendA","expansioncontent:GuardianWhirl"],"picked":"Hololive_Sequa","floor":20},{"not_picked":["Hololive_CallYukihanaLamy","Hololive_Teleport+1","Hololive_LuckPotion","expansioncontent:BronzeBeam+1"],"picked":"Hololive_HuntDinosaur","floor":24},{"not_picked":["Hololive_ManjiGathering+1","Hololive_LuckPotion+1","Hololive_Rebound","Hololive_ILoveYou"],"picked":"EpicFetus","floor":26},{"not_picked":["Hololive_Breathe","Hololive_CallMoonaHoshinova+1","Hololive_FlyingPonyTail+1","PanicButton"],"picked":"Hololive_ScarfAndHalo","floor":33},{"not_picked":["Hololive_WolfAndLamb","Hololive_IdolExercise","Hololive_MaximGun","Crow Ritual"],"picked":"Hololive_DDD","floor":35},{"not_picked":["Hololive_Trident+1","Hololive_CallCivia+1","Hololive_CallHimemoriLuna","expansioncontent:Flail"],"picked":"Hololive_Psychosis+1","floor":37},{"not_picked":["Hololive_FlyingPonyTail+1","Hololive_StrengthChampion+1","Hololive_CandyCastle+1","Replay:SS_fish_2"],"picked":"Hololive_CallShiroganeNoel","floor":39}],"player_experience":10077,"relics_obtained":[{"floor":6,"key":"infinitespire:FocusingShard"},{"floor":9,"key":"hubris:DeckOfHolding"},{"floor":17,"key":"Dota2Spire:ArcaneBoots"},{"floor":17,"key":"Potion Belt"},{"floor":28,"key":"Dota2Spire:UrnOfShadows"}],"event_choices":[{"damage_healed":0,"gold_gain":0,"cards_transformed":["SuicideKing"],"player_choice":"Transformed","damage_taken":0,"max_hp_gain":0,"max_hp_loss":0,"event_name":"Transmorgrifier","floor":2,"gold_loss":0,"cards_obtained":["Replay:Sssssssssstrike"]},{"damage_healed":0,"gold_gain":1,"player_choice":"1","damage_taken":0,"max_hp_gain":0,"max_hp_loss":0,"event_name":"betterStone:BetterStone","floor":8,"gold_loss":0},{"cards_removed":["Hololive_CallMinatoAqua"],"damage_healed":0,"gold_gain":0,"player_choice":"Give","damage_taken":0,"max_hp_gain":0,"max_hp_loss":0,"event_name":"betterNote:BetterNote","floor":19,"gold_loss":0,"cards_obtained":["None"]},{"damage_healed":0,"gold_gain":0,"player_choice":"Ignored","damage_taken":0,"max_hp_gain":0,"max_hp_loss":0,"event_name":"Vampires","floor":31,"gold_loss":0},{"damage_healed":0,"gold_gain":0,"player_choice":"CaptainsWheel","damage_taken":0,"relics_obtained":["CaptainsWheel"],"max_hp_gain":0,"max_hp_loss":0,"event_name":"blackbeard:ShipwreckEvent","floor":32,"gold_loss":0}],"is_beta":false,"boss_relics":[{"not_picked":["CCEMRelics:GreenEgg","Velvet Choker"],"picked":"REME_LowDesire"},{"not_picked":[]},{"not_picked":["ChampionBelt","StuffTheSpire:ModemDavis"],"picked":"StuffTheSpire:RunicHypercube"},{"not_picked":[]}],"items_purged_floors":[],"is_endless":false,"potions_floor_spawned":[1,3,14,33,35,37],"killed_by":"Spire Growth","ascension_level":0}}