{"host":"wghdsg8ym2wc7ov9","time":1607661913,"event":{"mods":["AchievementEnabler","BaseMod","Better Altar","Better Note","Colored Map","Highlight Path","Minty Spire (QoL Compilation)","Random Character Button","Relic Stats","Shop Mod","StSLib"],"gold_per_floor":[115,135,149,162,240,268,268,278,328,153,180,216,238,261,261,367,367,390,104,104,125,146,146,189,189,214,235,235,257,291,315,315,424,424,444,42,61,82,0,42,42,82,109,128,128,128,17,44,44,44],"floor_reached":51,"playtime":6866,"items_purged":[],"score":841,"play_id":"6a906dcc-d978-428f-b01c-aa7b7fa16049","local_time":"20201210204513","is_ascension_mode":false,"campfire_choices":[{"data":"Metallicize","floor":7.0,"key":"SMITH"},{"data":"Armaments","floor":15.0,"key":"SMITH"},{"data":"Rampage","floor":23,"key":"SMITH"},{"data":"Uppercut","floor":25,"key":"SMITH"},{"data":"Dual Wield","floor":28,"key":"SMITH"},{"data":"Cleave","floor":32,"key":"SMITH"},{"floor":46,"key":"REST"},{"floor":49,"key":"REST"}],"circlet_count":0,"master_deck":["Strike_R","Strike_R","Strike_R","Strike_R","Strike_R","Defend_R","Defend_R","Defend_R","Defend_R","Bash","Sword Boomerang","Battle Trance","Uppercut+1","Metallicize+1","Feed","Spot Weakness+1","Rage","Armaments+1","Anger","Cleave+1","Rampage+1","Feed","Shrug It Off","Power Through","Perfected Strike","Shrug It Off","Twin Strike+1","Dual Wield+1","Evolve","Pommel Strike+1","Reckless Charge","Demon Form","Rampage","The Bomb","Fire Breathing","Pommel Strike","Fire Breathing+1","Headbutt+1","Shrug It Off+1","Armaments+1","Discovery+1","Inflame"],"relics":["Black Blood","Bottled Tornado","PreservedInsect","Vajra","Eternal Feather","Sundial","Boot","Fusion Hammer","MerchantsRug","Red Mask","Toxic Egg 2","Paper Frog","Happy Flower","Pen Nib","Toolbox","Mummified Hand"],"acts_visited":["Exordium","TheCity","TheBeyond"],"potions_floor_usage":[18,30,33,38,40,42],"damage_taken":[{"damage":1.0,"enemies":"Cultist","floor":1.0,"turns":4.0},{"damage":7.0,"enemies":"2 Louse","floor":2.0,"turns":2.0},{"damage":6.0,"enemies":"Jaw Worm","floor":3.0,"turns":4.0},{"damage":13.0,"enemies":"Red Slaver","floor":4.0,"turns":4.0},{"damage":25.0,"enemies":"Lagavulin","floor":6.0,"turns":7.0},{"damage":0.0,"enemies":"Exordium Wildlife","floor":8.0,"turns":3.0},{"damage":0.0,"enemies":"Large Slime","floor":11.0,"turns":5.0},{"damage":10.0,"enemies":"Gremlin Nob","floor":12.0,"turns":4.0},{"damage":2.0,"enemies":"2 Fungi Beasts","floor":13.0,"turns":2.0},{"damage":4.0,"enemies":"Looter","floor":14.0,"turns":3.0},{"damage":28.0,"enemies":"The Guardian","floor":16.0,"turns":12.0},{"damage":17,"enemies":"2 Thieves","floor":18,"turns":5},{"damage":20,"enemies":"3 Byrds","floor":21,"turns":6},{"damage":32,"enemies":"Sentry and Sphere","floor":22,"turns":8},{"damage":10,"enemies":"Book of Stabbing","floor":24,"turns":6},{"damage":19,"enemies":"Centurion and Healer","floor":27,"turns":6},{"damage":28,"enemies":"Snake Plant","floor":29,"turns":6},{"damage":15,"enemies":"Slavers","floor":30,"turns":4},{"damage":21,"enemies":"Shelled Parasite and Fungi","floor":31,"turns":6},{"damage":78,"enemies":"Collector","floor":33,"turns":13},{"damage":25,"enemies":"3 Darklings","floor":35,"turns":6},{"damage":16,"enemies":"Orb Walker","floor":37,"turns":3},{"damage":24,"enemies":"3 Darklings","floor":38,"turns":5},{"damage":48,"enemies":"Nemesis","floor":40,"turns":7},{"damage":48,"enemies":"Giant Head","floor":42,"turns":7},{"damage":24,"enemies":"Spire Growth","floor":44,"turns":5},{"damage":97,"enemies":"Reptomancer","floor":48,"turns":6},{"damage":97,"enemies":"Donu and Deca","floor":50,"turns":9}],"seed_played":"7624307110200981434","potions_obtained":[{"floor":4.0,"key":"EntropicBrew"},{"floor":8.0,"key":"BloodPotion"},{"floor":11.0,"key":"SteroidPotion"},{"floor":12.0,"key":"ColorlessPotion"},{"floor":16.0,"key":"SmokeBomb"},{"floor":24,"key":"LiquidMemories"},{"floor":27,"key":"Weak Potion"},{"floor":29,"key":"DistilledChaos"},{"floor":37,"key":"Explosive Potion"},{"floor":38,"key":"LiquidMemories"}],"is_trial":false,"path_per_floor":["M","M","M","M","T","E","R","M","T","$","M","E","M","M","R","B",null,"M","$","?","M","M","R","E","R","T","M","R","M","E","M","R","B",null,"M","$","M","M","?","E","T","E","T","M","?","R","$","E","R","B",null],"character_chosen":"IRONCLAD","items_purchased":["CeramicFish","Rage","Eternal Feather","Power Through","MerchantsRug","The Bomb","Fire Breathing","Discovery+1","Toolbox"],"campfire_rested":2,"item_purchase_floors":[10,10,19,19,36,36,36,47,47],"current_hp_per_floor":[88,87,87,80,80,61,61,70,70,85,94,94,97,97,97,82,97,92,97,97,96,79,94,100,111,111,104,111,98,99,90,108,42,118,105,118,114,102,102,70,70,34,34,25,125,125,125,40,101,19],"gold":44,"neow_bonus":"TEN_PERCENT_HP_BONUS","is_daily":false,"chose_seed":false,"campfire_upgraded":6,"win_rate":0.0,"timestamp":1607661913,"path_taken":["M","M","M","M","?","E","R","M","T","$","M","E","M","M","R","BOSS","M","$","?","M","M","R","E","R","T","M","R","M","E","?","R","BOSS","M","$","M","M","?","E","?","E","T","M","?","R","$","E","R","BOSS"],"items_purchased_type":["Relic","Card","Relic","Card","Relic","Card","Card","Undefined","Relic"],"build_version":"2020-11-30","purchased_purges":0,"victory":true,"max_hp_per_floor":[88,88,88,88,88,88,88,91,91,91,94,94,97,97,97,97,97,97,97,97,104,107,107,111,111,111,111,111,114,118,118,118,118,118,118,118,118,118,118,122,122,122,122,125,125,125,125,125,125,128],"relic_stats":{"Happy Flower":[6],"counters":[28,158],"Sundial":[4],"Mummified Hand":[5],"Black Blood":259,"Eternal Feather":75,"PreservedInsect":336,"Pen Nib":[4],"Boot":[28],"obtain_stats":[{"MerchantsRug":36,"Happy Flower":42,"CeramicFish":10,"Vajra":12,"Black Blood":17,"Eternal Feather":19,"PreservedInsect":6,"Pen Nib":43,"Omamori":30,"Bottled Tornado":5,"Boot":26,"Burning Blood":0,"Sundial":24,"Mummified Hand":48,"Toolbox":47,"MealTicket":9,"Fusion Hammer":34,"Red Mask":39,"Toxic Egg 2":40,"Paper Frog":41},{"MerchantsRug":21,"Happy Flower":25,"CeramicFish":6,"Vajra":8,"Black Blood":11,"Eternal Feather":12,"PreservedInsect":5,"Pen Nib":25,"Omamori":18,"Bottled Tornado":4,"Boot":15,"Burning Blood":0,"Sundial":15,"Mummified Hand":27,"Toolbox":26,"MealTicket":6,"Fusion Hammer":20,"Red Mask":23,"Toxic Egg 2":24,"Paper Frog":24},{"MerchantsRug":116,"Happy Flower":138,"CeramicFish":24,"Vajra":33,"Black Blood":50,"Eternal Feather":55,"PreservedInsect":21,"Pen Nib":138,"Omamori":91,"Bottled Tornado":14,"Boot":75,"Burning Blood":0,"Sundial":75,"Mummified Hand":149,"Toolbox":143,"MealTicket":24,"Fusion Hammer":110,"Red Mask":124,"Toxic Egg 2":131,"Paper Frog":131}]},"card_choices":[{"not_picked":["Body Slam","Havoc"],"picked":"Sword Boomerang","floor":1.0},{"not_picked":["Clash","Havoc"],"picked":"Battle Trance","floor":2.0},{"not_picked":["Pommel Strike","Iron Wave"],"picked":"Uppercut","floor":3.0},{"not_picked":["True Grit","Power Through"],"picked":"Metallicize","floor":4.0},{"not_picked":["Heavy Blade","Shrug It Off"],"picked":"Feed","floor":6.0},{"not_picked":["Heavy Blade","Inflame"],"picked":"Spot Weakness","floor":8.0},{"not_picked":["Wild Strike","Searing Blow"],"picked":"Armaments","floor":11.0},{"not_picked":["Wild Strike","Heavy Blade"],"picked":"Anger","floor":12.0},{"not_picked":["Iron Wave","Flex"],"picked":"Cleave","floor":13.0},{"not_picked":["Second Wind","Fire Breathing"],"picked":"Rampage","floor":14.0},{"not_picked":["Fiend Fire","Double Tap"],"picked":"Feed","floor":16.0},{"not_picked":["Second Wind","Combust+1"],"picked":"Shrug It Off","floor":18},{"not_picked":["Body Slam","True Grit"],"picked":"Perfected Strike","floor":21},{"not_picked":["Sword Boomerang","Havoc"],"picked":"Shrug It Off","floor":22},{"not_picked":["Warcry","Pommel Strike"],"picked":"Twin Strike+1","floor":24},{"not_picked":["Sword Boomerang","Whirlwind"],"picked":"Dual Wield","floor":27},{"not_picked":["Offering","Shrug It Off"],"picked":"Evolve","floor":29},{"not_picked":["Battle Trance","Searing Blow+1"],"picked":"Pommel Strike+1","floor":30},{"not_picked":["Perfected Strike","Body Slam"],"picked":"Reckless Charge","floor":31},{"not_picked":["Corruption","Exhume"],"picked":"Demon Form","floor":33},{"not_picked":["Body Slam+1","Warcry"],"picked":"Rampage","floor":35},{"not_picked":["Rupture","Flex"],"picked":"Pommel Strike","floor":37},{"not_picked":["True Grit","Power Through"],"picked":"Fire Breathing+1","floor":38},{"not_picked":["Thunderclap+1","Berserk"],"picked":"Headbutt+1","floor":40},{"not_picked":["Evolve+1","Flex+1"],"picked":"Shrug It Off+1","floor":42},{"not_picked":["Havoc+1","Pummel"],"picked":"Armaments+1","floor":44},{"not_picked":["Shrug It Off+1","Body Slam+1"],"picked":"Inflame","floor":48}],"player_experience":303346,"relics_obtained":[{"floor":5.0,"key":"Bottled Tornado"},{"floor":6.0,"key":"PreservedInsect"},{"floor":9.0,"key":"MealTicket"},{"floor":12.0,"key":"Vajra"},{"floor":24,"key":"Sundial"},{"floor":26,"key":"Boot"},{"floor":30,"key":"Omamori"},{"floor":40,"key":"Toxic Egg 2"},{"floor":41,"key":"Paper Frog"},{"floor":42,"key":"Happy Flower"},{"floor":43,"key":"Pen Nib"},{"floor":48,"key":"Mummified Hand"}],"event_choices":[{"damage_healed":0,"gold_gain":0,"player_choice":"Upgraded","damage_taken":0,"max_hp_gain":0,"max_hp_loss":0,"event_name":"Upgrade Shrine","floor":20,"gold_loss":0,"cards_upgraded":["Spot Weakness"]},{"damage_healed":0,"gold_gain":0,"player_choice":"Paid","damage_taken":0,"relics_obtained":["Red Mask"],"max_hp_gain":0,"max_hp_loss":0,"event_name":"Tomb of Lord Red Mask","floor":39,"gold_loss":82},{"damage_healed":100,"gold_gain":0,"player_choice":"Heal","damage_taken":0,"max_hp_gain":0,"max_hp_loss":0,"event_name":"MindBloom","floor":45,"gold_loss":0,"cards_obtained":["Doubt"]}],"is_beta":false,"boss_relics":[{"not_picked":["Philosopher\u0027s Stone","Astrolabe"],"picked":"Black Blood"},{"not_picked":["Snecko Eye","Empty Cage"],"picked":"Fusion Hammer"}],"items_purged_floors":[],"is_endless":false,"potions_floor_spawned":[4,8,11,12,16,24,27,29,37,38],"ascension_level":0}}