{"host":"u0f5uy314yz7olfc","time":1607713170,"event":{"mods":["AchievementEnabler","Aspiration","BaseMod","Bestiary","Better Altar","Better Match","Better Note","Better Sensory Stone","Better Skull","Better Synergies","Better Third Choice","Better Vampires","BetterRewards","Block Reminder","Colored Map","Colored Powertips","Dota2Spire","Emptier Cage","Energized Spire","Friendly Minions","GifTheSpireLib","Gold Saver","Highlight Path","Hubris","Infinite Spire","Ironclad Rager","Marked Mod","Minty Spire (QoL Compilation)","Permanent Neow","Quick Restart","Rare Cards Sparkle","Relic Stats","Replay The Spire","Retaliation","Shop Mod","StSLib","The Bladedancer","Watcher Patcher"],"gold_per_floor":[139,13,0,0,64,64,114,164,164,164,177,193,227,277,277,405,405,421,346,346,396,419,419,469,488,488,501,501,501],"floor_reached":28,"playtime":1805,"items_purged":[],"score":393,"play_id":"09908d81-20e5-4716-b34b-82d7f2c8a729","local_time":"20201212015930","is_ascension_mode":false,"campfire_choices":[{"floor":6,"key":"REST"},{"floor":10,"key":"RECALL"},{"data":"MarkedMod:SlowDance","floor":15,"key":"SMITH"},{"floor":23,"key":"REST"}],"circlet_count":0,"master_deck":["Strike_P","Strike_P","Strike_P","Strike_P","Defend_P","Defend_P","Defend_P","Defend_P","Eruption","Vigilance","Study+1","FollowUp","PathToVictory","LikeWater","LikeWater+1","Deep Breath","Storm","LikeWater","MentalFortress","MarkedMod:SlowDance+1","Injury","Envenom","ReplayTheSpireMod:Splinters","Zap","Wish+1","BattleHymn","hubris:InfiniteBlow","Warcry","Replay:LoomingThreat","Dramatic Entrance+1","SashWhip","Prostrate+1","hubris:Gluttony","Languid","MarkedMod:GentlePulse"],"relics":["PureWater","betterThird:SlimedRelic","SsserpentHead","HornCleat","Golden Idol","Replay:Grab Bag","energizedSpire:EnergizedDie","Cursed Key","Runic Pyramid","ReplayTheSpireMod:SealedPack","Nilry\u0027s Codex","Onion Ring"],"acts_visited":["Exordium","TheCity"],"potions_floor_usage":[16,16,18,28,28],"damage_taken":[{"damage":20,"enemies":"Small Slimes","floor":1,"turns":2},{"damage":0,"enemies":"2 Louse","floor":5,"turns":4},{"damage":8,"enemies":"Cultist","floor":11,"turns":4},{"damage":0,"enemies":"2 Fungi Beasts","floor":12,"turns":6},{"damage":0,"enemies":"Gremlin Nob","floor":13,"turns":7},{"damage":46,"enemies":"Fading Forest","floor":16,"turns":11},{"damage":4,"enemies":"Shell Parasite","floor":18,"turns":6},{"damage":32,"enemies":"2 Thieves","floor":19,"turns":5},{"damage":2,"enemies":"Centurion and Healer","floor":22,"turns":7},{"damage":6,"enemies":"Cultist and Chosen","floor":25,"turns":4},{"damage":6,"enemies":"3 Cultists","floor":27,"turns":5},{"damage":27,"enemies":"Centurion and Healer","floor":28,"turns":3}],"seed_played":"-8421319360535894928","potions_obtained":[{"floor":11,"key":"Toxic Potion"},{"floor":13,"key":"Doom Potion"},{"floor":16,"key":"StancePotion"},{"floor":25,"key":"infinitespire:BlackPotion"},{"floor":27,"key":"Fire Potion"}],"is_trial":false,"path_per_floor":["M","$","?","?","M","R","?","?","T","R","M","M","E","?","R","B",null,"M","M","?","?","M","R","?","M","T","M","M"],"character_chosen":"WATCHER","items_purchased":["Study+1","FollowUp","LikeWater","Deep Breath"],"campfire_rested":2,"item_purchase_floors":[0,0,2,2],"current_hp_per_floor":[52,52,41,41,41,62,62,62,62,62,54,54,54,54,54,18,72,68,36,36,36,34,55,39,33,33,27,0,0],"gold":501,"neow_bonus":"","is_daily":false,"chose_seed":false,"campfire_upgraded":1,"win_rate":0.0,"timestamp":1607713170,"path_taken":["M","$","?","?","?","R","?","?","T","R","M","M","E","?","R","BOSS","M","M","?","?","M","R","?","M","T","M","M"],"items_purchased_type":["Card","Card","Card","Card"],"build_version":"2020-11-30","purchased_purges":0,"victory":false,"max_hp_per_floor":[72,72,72,72,72,72,72,72,72,72,72,72,72,72,72,72,72,72,72,72,72,72,72,72,72,72,72,72,72],"relic_stats":{"SsserpentHead":300,"counters":[19,103],"Golden Idol":44,"Cursed Key":1,"obtain_stats":[{"Golden Idol":14,"Nilry\u0027s Codex":24,"Replay:Grab Bag":17,"hubris:SphereOfDissonance":7,"energizedSpire:EnergizedDie":17,"ReplayTheSpireMod:SealedPack":17,"Cursed Key":17,"SsserpentHead":4,"HornCleat":13,"hubris:Spice":0,"betterThird:SlimedRelic":3,"Onion Ring":26,"PureWater":0,"Runic Pyramid":17},{"Golden Idol":12,"Nilry\u0027s Codex":16,"Replay:Grab Bag":13,"hubris:SphereOfDissonance":4,"energizedSpire:EnergizedDie":13,"ReplayTheSpireMod:SealedPack":13,"Cursed Key":13,"SsserpentHead":8,"HornCleat":12,"hubris:Spice":0,"betterThird:SlimedRelic":8,"Onion Ring":17,"PureWater":0,"Runic Pyramid":13},{"Golden Idol":62,"Nilry\u0027s Codex":91,"Replay:Grab Bag":73,"hubris:SphereOfDissonance":26,"energizedSpire:EnergizedDie":73,"ReplayTheSpireMod:SealedPack":73,"Cursed Key":73,"SsserpentHead":41,"HornCleat":62,"hubris:Spice":0,"betterThird:SlimedRelic":41,"Onion Ring":95,"PureWater":0,"Runic Pyramid":73}]},"card_choices":[{"not_picked":["InnerPeace","Underhanded Strike"],"picked":"PathToVictory","floor":1},{"not_picked":["MarkedMod:Acupuncture","Rage"],"picked":"Storm","floor":5},{"not_picked":["Warcry","Impatience"],"picked":"LikeWater","floor":11},{"not_picked":["Prostrate","Stack"],"picked":"MentalFortress","floor":12},{"not_picked":["Storm","Chill"],"picked":"MarkedMod:SlowDance","floor":13},{"not_picked":["Unload","Sadistic Nature"],"picked":"Envenom","floor":16},{"not_picked":["blademaster:Lacerate","hubris:MerchantsHand"],"picked":"Zap","floor":17},{"not_picked":["Machine Learning","MarkedMod:SlowDance"],"picked":"Wish","floor":17},{"not_picked":["Replay:BasicMightCard","Mind Blast"],"picked":"BattleHymn","floor":17},{"not_picked":["infinitespire:Fortify","infinitespire:NeuralNetwork"],"picked":"hubris:InfiniteBlow","floor":17},{"not_picked":["Clash","Blizzard"],"picked":"Warcry","floor":18},{"not_picked":["MarkedMod:GentlePulse","Heatsinks"],"picked":"Replay:LoomingThreat","floor":19},{"not_picked":["CutThroughFate+1","ClearTheMind"],"picked":"SashWhip","floor":22},{"not_picked":["EmptyBody+1","Clash+1"],"picked":"Prostrate+1","floor":25},{"not_picked":["MarkedMod:Acupuncture","FlurryOfBlows"],"picked":"MarkedMod:GentlePulse","floor":27}],"player_experience":291702,"relics_obtained":[{"floor":13,"key":"HornCleat"},{"floor":24,"key":"Nilry\u0027s Codex"},{"floor":26,"key":"Onion Ring"}],"event_choices":[{"damage_healed":0,"gold_gain":0,"player_choice":"Slimed","damage_taken":11,"max_hp_gain":0,"max_hp_loss":0,"event_name":"betterThird:BetterGoop","floor":3,"gold_loss":13},{"damage_healed":0,"gold_gain":0,"player_choice":"Trade","damage_taken":0,"relics_obtained":["SsserpentHead"],"max_hp_gain":0,"max_hp_loss":0,"event_name":"FaceTrader","floor":4,"gold_loss":0},{"damage_healed":0,"gold_gain":0,"player_choice":"Take Wound","damage_taken":0,"relics_obtained":["Golden Idol"],"max_hp_gain":0,"max_hp_loss":0,"event_name":"Golden Idol","floor":14,"gold_loss":0,"cards_obtained":["Injury"]},{"cards_removed":["MarkedMod:SlowDance"],"damage_healed":0,"gold_gain":0,"player_choice":"Take \u0026 Give","damage_taken":0,"max_hp_gain":0,"max_hp_loss":0,"event_name":"betterNote:BetterNote","floor":20,"gold_loss":0,"cards_obtained":["Dramatic Entrance"]},{"damage_healed":0,"gold_gain":0,"player_choice":"Obtained Book","damage_taken":16,"max_hp_gain":0,"max_hp_loss":0,"event_name":"Cursed Tome","floor":24,"gold_loss":0}],"is_beta":false,"boss_relics":[{"not_picked":["Painkiller Herb","aspiration:RunicSpoon"],"picked":"Replay:Grab Bag"},{"not_picked":["energizedSpire:MagnifyingGlass","infinitespire:Cupcake"],"picked":"energizedSpire:EnergizedDie"},{"not_picked":["energizedSpire:DeadBattery","Philosopher\u0027s Stone"],"picked":"Cursed Key"},{"not_picked":["VioletLotus","SacredBark"],"picked":"Runic Pyramid"},{"not_picked":["aspiration:DefectSkillbook","Replay:Drink Me"],"picked":"ReplayTheSpireMod:SealedPack"}],"items_purged_floors":[],"is_endless":false,"potions_floor_spawned":[11,13,16,25,27],"killed_by":"Centurion and Healer","ascension_level":0}}