{"host":"4nqeo0vu1vuav7gg","time":1607684083,"event":{"mods":["AchievementEnabler","BaseMod","Block Reminder","Colored Map","Colored Powertips","Highlight Path","Minty Spire (QoL Compilation)","Quick Restart","Rare Cards Sparkle","Relic Relevance Reorder","StSLib"],"gold_per_floor":[112,112,126,140,60,85,85,118,167,180,180,180],"floor_reached":11,"playtime":472,"items_purged":[],"score":125,"play_id":"d0ef7b11-d181-4064-9ec6-75d33c8cf043","local_time":"20201211115443","is_ascension_mode":true,"campfire_choices":[{"data":"Zap","floor":7.0,"key":"SMITH"}],"circlet_count":0,"master_deck":["AscendersBane","Strike_B","Strike_B","Strike_B","Strike_B","Defend_B","Defend_B","Defend_B","Zap+1","Dualcast","Cold Snap","Capacitor","Melter","Coolheaded","Undo","Loop"],"relics":["Cracked Core","Gremlin Horn","PreservedInsect","Juzu Bracelet"],"acts_visited":["Exordium"],"potions_floor_usage":[],"damage_taken":[{"damage":4.0,"enemies":"Small Slimes","floor":1.0,"turns":3.0},{"damage":0.0,"enemies":"Cultist","floor":3.0,"turns":4.0},{"damage":7.0,"enemies":"Jaw Worm","floor":4.0,"turns":4.0},{"damage":36.0,"enemies":"Gremlin Nob","floor":6.0,"turns":5.0},{"damage":13.0,"enemies":"Lagavulin","floor":8.0,"turns":7.0},{"damage":4.0,"enemies":"Blue Slaver","floor":10.0,"turns":6.0},{"damage":32,"enemies":"Gremlin Nob","floor":11,"turns":3}],"seed_played":"2757803826406005635","potions_obtained":[{"floor":4.0,"key":"Dexterity Potion"},{"floor":6.0,"key":"SteroidPotion"}],"is_trial":false,"path_per_floor":["M","?","M","M","$","E","R","E","T","M","E"],"character_chosen":"DEFECT","items_purchased":["Melter"],"campfire_rested":0,"item_purchase_floors":[5],"current_hp_per_floor":[71,71,71,64,64,28,28,15,15,11,0,0],"gold":180,"neow_bonus":"TEN_PERCENT_HP_BONUS","is_daily":false,"chose_seed":false,"campfire_upgraded":1,"win_rate":0.0,"timestamp":1607684083,"path_taken":["M","?","M","M","$","E","R","E","T","M","E"],"items_purchased_type":["Card"],"build_version":"2020-11-30","purchased_purges":0,"victory":false,"max_hp_per_floor":[82,82,82,82,82,82,82,82,82,82,82,82],"card_choices":[{"not_picked":["Compile Driver","Steam"],"picked":"Cold Snap","floor":1.0},{"not_picked":["Chaos","Sweeping Beam"],"picked":"Capacitor","floor":3.0},{"not_picked":["Stack","Streamline","Leap"],"picked":"SKIP","floor":4.0},{"not_picked":["Hologram","Chill"],"picked":"Coolheaded","floor":6.0},{"not_picked":["Reprogram","Darkness"],"picked":"Undo","floor":8.0},{"not_picked":["Gash","Coolheaded"],"picked":"Loop","floor":10.0}],"player_experience":872446,"relics_obtained":[{"floor":6.0,"key":"Gremlin Horn"},{"floor":8.0,"key":"PreservedInsect"},{"floor":9.0,"key":"Juzu Bracelet"}],"event_choices":[{"cards_removed":["Defend_B"],"damage_healed":0.0,"max_hp_gain":0.0,"max_hp_loss":0.0,"gold_gain":0.0,"event_name":"Bonfire Elementals","player_choice":"Offered Basic","floor":2.0,"gold_loss":0.0,"damage_taken":0.0}],"is_beta":false,"boss_relics":[],"items_purged_floors":[],"is_endless":false,"potions_floor_spawned":[4,6],"killed_by":"Gremlin Nob","ascension_level":10}}