{"host":"3ek78t4i81ecmdy1","time":1607656039,"event":{"mods":["2.2 Compatiblity","AchievementEnabler","BaseMod","Colored Map","DeckTracker","Filter the Spire","Keyboard Shortcuts","Minty Spire (QoL Compilation)","Permanent Neow","Quick Restart","SuperFastMode","everything is the same but u backflip on backflip"],"gold_per_floor":[113,126,136,136,136,136,165,165,165,196,214,232,244,254,254,357,357,367,50,66,79,89,114,114,143,143,143,143,143,161,184,184,287,287,297,297,312,325,325,29,29,44,44,44,61,61,91,111,111,111,111],"floor_reached":50,"playtime":2055,"items_purged":["Flechettes"],"score":604,"play_id":"113c9d0d-4742-4f5b-b92a-b81b36cdb1db","local_time":"20201211120719","is_ascension_mode":true,"campfire_choices":[{"data":"Neutralize","floor":6.0,"key":"SMITH"},{"data":"Envenom","floor":8.0,"key":"SMITH"},{"floor":15.0,"key":"REST"},{"floor":24,"key":"REST"},{"floor":28,"key":"REST"},{"data":"Calculated Gamble","floor":32,"key":"SMITH"},{"floor":44,"key":"RECALL"},{"floor":46,"key":"REST"},{"data":"Panache","floor":49,"key":"SMITH"}],"circlet_count":0,"master_deck":["Survivor","Neutralize+1","Calculated Gamble+1","Slice","Quick Slash","Bouncing Flask","Die Die Die","Tactician+1","Deflect","Bane","Envenom+1","Heel Hook","Endless Agony","Endless Agony","Dodge and Roll","Concentrate","Cloak And Dagger+1","Swift Strike","Outmaneuver+1","Underhanded Strike","Acrobatics","Endless Agony","Flying Knee+1","Quick Slash+1","Footwork+1","Dagger Throw","Accuracy","Phantasmal Killer","Heel Hook+1","Envenom+1","Expertise+1","Dodge and Roll+1","Crippling Poison+1","Panache+1","Finesse","Reflex+1","Blade Dance+1","Blade Dance","Parasite","Reflex+1","Blur+1","Infinite Blades+1","Underhanded Strike+1","Slice"],"relics":["Pandora\u0027s Box","Prayer Wheel","Pantograph","Ninja Scroll","Peace Pipe","WristBlade","Vajra","Potion Belt","Anchor","HornCleat","Orichalcum","Astrolabe","Tingsha","Boot"],"acts_visited":["Exordium","TheCity","TheBeyond"],"potions_floor_usage":[16,18,18,22,33,33,33,45,50,50,50],"damage_taken":[{"damage":4.0,"enemies":"Cultist","floor":1.0,"turns":3.0},{"damage":0.0,"enemies":"Small Slimes","floor":2.0,"turns":2.0},{"damage":3.0,"enemies":"Jaw Worm","floor":3.0,"turns":2.0},{"damage":9.0,"enemies":"Gremlin Nob","floor":7.0,"turns":3.0},{"damage":27.0,"enemies":"Lagavulin","floor":10.0,"turns":4.0},{"damage":0.0,"enemies":"Gremlin Gang","floor":11.0,"turns":1.0},{"damage":12.0,"enemies":"Large Slime","floor":12.0,"turns":3.0},{"damage":5.0,"enemies":"Blue Slaver","floor":13.0,"turns":2.0},{"damage":0.0,"enemies":"3 Louse","floor":14.0,"turns":2.0},{"damage":12,"enemies":"Slime Boss","floor":16,"turns":4},{"damage":0,"enemies":"Shell Parasite","floor":18,"turns":2},{"damage":0,"enemies":"Chosen","floor":20,"turns":2},{"damage":8,"enemies":"Centurion and Healer","floor":21,"turns":3},{"damage":11,"enemies":"Snake Plant","floor":22,"turns":3},{"damage":41,"enemies":"Slavers","floor":23,"turns":4},{"damage":0,"enemies":"Gremlin Leader","floor":25,"turns":5},{"damage":8,"enemies":"Shelled Parasite and Fungi","floor":30,"turns":3},{"damage":42,"enemies":"Automaton","floor":33,"turns":7},{"damage":10,"enemies":"3 Shapes","floor":35,"turns":4},{"damage":4,"enemies":"3 Darklings","floor":37,"turns":2},{"damage":5,"enemies":"4 Shapes","floor":38,"turns":5},{"damage":12,"enemies":"Writhing Mass","floor":42,"turns":5},{"damage":0,"enemies":"Sphere and 2 Shapes","floor":45,"turns":3},{"damage":8,"enemies":"Giant Head","floor":47,"turns":5},{"damage":0,"enemies":"3 Darklings","floor":48,"turns":3},{"damage":80,"enemies":"Time Eater","floor":50,"turns":7}],"seed_played":"-4125287760717319338","potions_obtained":[{"floor":7.0,"key":"Block Potion"},{"floor":12.0,"key":"FearPotion"},{"floor":13.0,"key":"Poison Potion"},{"floor":16,"key":"Poison Potion"},{"floor":20,"key":"LiquidBronze"},{"floor":21,"key":"CultistPotion"},{"floor":22,"key":"Strength Potion"},{"floor":30,"key":"Strength Potion"},{"floor":35,"key":"ColorlessPotion"},{"floor":37,"key":"LiquidBronze"},{"floor":47,"key":"LiquidBronze"}],"is_trial":false,"path_per_floor":["M","M","M","?","?","R","E","R","T","E","M","M","M","M","R","B",null,"M","$","M","M","M","E","R","E","T","?","R","?","M","T","R","B",null,"M","?","M","M","?","$","?","M","T","R","M","R","E","M","R","B"],"character_chosen":"THE_SILENT","items_purchased":["Vajra","Swift Strike","Tingsha"],"campfire_rested":4,"item_purchase_floors":[19,19,40],"current_hp_per_floor":[66,66,63,63,63,63,54,54,54,27,27,15,10,10,31,44,70,70,70,70,62,51,10,31,31,31,31,52,52,44,44,44,27,70,60,55,51,46,46,46,46,34,34,34,34,55,47,47,47,0,0],"gold":111,"neow_bonus":"BOSS_RELIC","is_daily":false,"chose_seed":false,"campfire_upgraded":4,"win_rate":0.0,"timestamp":1607656039,"path_taken":["M","M","?","?","?","R","E","R","T","E","M","M","M","M","R","BOSS","M","$","?","M","M","E","R","E","T","?","R","?","M","?","R","BOSS","M","?","M","M","?","$","?","M","T","R","M","R","E","M","R","BOSS"],"items_purchased_type":["Relic","Card","Relic"],"build_version":"2020-11-30","purchased_purges":1,"victory":false,"max_hp_per_floor":[70,70,70,70,70,70,70,70,70,70,70,70,70,70,70,70,70,70,70,70,70,70,70,70,70,70,70,70,70,70,70,70,70,70,70,70,70,70,70,70,70,70,70,70,70,70,70,70,70,70,70],"card_choices":[{"not_picked":["PiercingWail","Deflect"],"picked":"Deadly Poison","floor":1.0},{"not_picked":["Dash","Sucker Punch"],"picked":"Deflect","floor":2.0},{"not_picked":["Blur","Poisoned Stab"],"picked":"Bane","floor":3.0},{"not_picked":["Blade Dance","Slice"],"picked":"Envenom","floor":7.0},{"not_picked":["Choke","Riddle With Holes"],"picked":"Heel Hook","floor":10.0},{"not_picked":["Quick Slash","Finisher"],"picked":"Endless Agony","floor":11.0},{"not_picked":["Blade Dance","Flying Knee","Finisher"],"picked":"SKIP","floor":11.0},{"not_picked":["Poisoned Stab","Bouncing Flask"],"picked":"Distraction","floor":12.0},{"not_picked":["Dagger Spray","Heel Hook","Dagger Throw"],"picked":"SKIP","floor":12.0},{"not_picked":["Masterful Stab","Acrobatics"],"picked":"Endless Agony","floor":13.0},{"not_picked":["Dash","Quick Slash","Dagger Spray"],"picked":"SKIP","floor":13.0},{"not_picked":["Deadly Poison","Bane"],"picked":"Dodge and Roll","floor":14.0},{"not_picked":["Envenom","Terror","Riddle With Holes"],"picked":"SKIP","floor":14.0},{"not_picked":["Riddle With Holes","Deflect"],"picked":"Concentrate","floor":18},{"not_picked":["Deflect","Flechettes"],"picked":"Cloak And Dagger+1","floor":18},{"not_picked":["Choke","Deflect"],"picked":"Outmaneuver+1","floor":20},{"not_picked":["Outmaneuver","Blade Dance"],"picked":"Underhanded Strike","floor":20},{"not_picked":["Deadly Poison","Expertise"],"picked":"Acrobatics","floor":21},{"not_picked":["Die Die Die","Caltrops+1"],"picked":"Endless Agony","floor":21},{"not_picked":["Bane","Blade Dance"],"picked":"Flying Knee+1","floor":22},{"not_picked":["Setup","Poisoned Stab","Underhanded Strike"],"picked":"SKIP","floor":22},{"not_picked":["Well Laid Plans","Dagger Spray+1"],"picked":"Quick Slash+1","floor":23},{"not_picked":["Underhanded Strike","Glass Knife"],"picked":"Footwork+1","floor":25},{"not_picked":["Eviscerate","Dagger Spray"],"picked":"Accuracy","floor":30},{"not_picked":["Deadly Poison","Underhanded Strike","Quick Slash"],"picked":"SKIP","floor":30},{"not_picked":["A Thousand Cuts","Wraith Form v2"],"picked":"Phantasmal Killer","floor":33},{"not_picked":["Acrobatics","Dagger Throw"],"picked":"Dodge and Roll+1","floor":35},{"not_picked":["Tactician","Poisoned Stab"],"picked":"Crippling Poison+1","floor":35},{"not_picked":["Forethought","HandOfGreed"],"picked":"Panache","floor":36},{"not_picked":["Discovery","Blind"],"picked":"Finesse","floor":36},{"not_picked":["Backflip+1","Acrobatics"],"picked":"Reflex+1","floor":37},{"not_picked":["Catalyst","Caltrops","Sucker Punch"],"picked":"SKIP","floor":37},{"not_picked":["Dodge and Roll+1","Acrobatics+1"],"picked":"Blade Dance+1","floor":38},{"not_picked":["Flechettes","Choke","Storm of Steel"],"picked":"SKIP","floor":38},{"not_picked":["Dodge and Roll","Riddle With Holes"],"picked":"Reflex+1","floor":42},{"not_picked":["Infinite Blades+1","Accuracy+1"],"picked":"Blur+1","floor":42},{"not_picked":["Prepared","Dagger Throw+1"],"picked":"Infinite Blades+1","floor":45},{"not_picked":["Riddle With Holes","Dodge and Roll+1","Masterful Stab"],"picked":"SKIP","floor":45},{"not_picked":["Well Laid Plans+1","Dagger Spray","Flechettes+1"],"picked":"SKIP","floor":47},{"not_picked":["Bane+1","Noxious Fumes"],"picked":"Underhanded Strike+1","floor":48},{"not_picked":["Choke+1","Finisher+1"],"picked":"Slice","floor":48}],"player_experience":133767,"relics_obtained":[{"floor":7.0,"key":"Pantograph"},{"floor":9.0,"key":"Ninja Scroll"},{"floor":10.0,"key":"Peace Pipe"},{"floor":23,"key":"Potion Belt"},{"floor":25,"key":"Anchor"},{"floor":26,"key":"HornCleat"},{"floor":31,"key":"Orichalcum"},{"floor":47,"key":"Boot"}],"event_choices":[{"damage_healed":0.0,"max_hp_gain":0.0,"max_hp_loss":0.0,"gold_gain":0.0,"event_name":"Living Wall","player_choice":"Grow","floor":4.0,"gold_loss":0.0,"damage_taken":0.0,"cards_upgraded":["Tactician"]},{"cards_removed":["Escape Plan"],"damage_healed":0.0,"max_hp_gain":0.0,"max_hp_loss":0.0,"gold_gain":0.0,"event_name":"WeMeetAgain","player_choice":"Gave Card","floor":5.0,"gold_loss":0.0,"damage_taken":0.0,"relics_obtained":["Prayer Wheel"]},{"damage_healed":0,"gold_gain":0,"player_choice":"Read","damage_taken":0,"max_hp_gain":0,"max_hp_loss":0,"event_name":"The Library","floor":27,"gold_loss":0,"cards_obtained":["Dagger Throw"]},{"cards_removed":["Distraction"],"damage_healed":0,"gold_gain":0,"player_choice":"Elegance","damage_taken":0,"max_hp_gain":0,"max_hp_loss":0,"event_name":"Back to Basics","floor":29,"gold_loss":0},{"damage_healed":0,"gold_gain":0,"player_choice":"Memory 2","damage_taken":5,"max_hp_gain":0,"max_hp_loss":0,"event_name":"SensoryStone","floor":36,"gold_loss":0},{"damage_healed":0,"gold_gain":0,"player_choice":"Ignored","damage_taken":0,"max_hp_gain":0,"max_hp_loss":0,"event_name":"Tomb of Lord Red Mask","floor":39,"gold_loss":0},{"damage_healed":0,"gold_gain":0,"player_choice":"1 cards matched","damage_taken":0,"max_hp_gain":0,"max_hp_loss":0,"event_name":"Match and Keep!","floor":41,"gold_loss":0,"cards_obtained":["Blade Dance"]}],"is_beta":false,"boss_relics":[{"not_picked":["Sozu","Cursed Key"],"picked":"WristBlade"},{"not_picked":["Snecko Eye","Runic Dome"],"picked":"Astrolabe"}],"items_purged_floors":[19],"is_endless":false,"potions_floor_spawned":[7,12,13,16,20,21,22,30,35,37,47],"killed_by":"Time Eater","ascension_level":1}}