{"host":"re9xirrjoezsqg3h","time":1607679543,"event":{"mods":["AchievementEnabler","BaseMod","Dota2Spire","Downfall","GifTheSpireLib","Hermit","Luminous","Minty Spire (QoL Compilation)","Replay The Spire","Robot Space Explorer","StSLib","The Administrix","The Bug Knight","The Cursed","[IsaacMod]ÒÔÈö¼âËþ"],"gold_per_floor":[109,109,126,51,70,96,114,189,263,274,294,314,314,264,264,264,264],"floor_reached":16,"playtime":755,"items_purged":["RobotSpaceExplorer:Defend"],"score":154,"play_id":"dad2ac29-71df-4fce-bc03-1e296869e893","local_time":"20201211173903","is_ascension_mode":false,"campfire_choices":[{"data":"RobotSpaceExplorer:MiniLasers","floor":13,"key":"SMITH"},{"data":"RobotSpaceExplorer:ShovelStrike","floor":15,"key":"SMITH"}],"circlet_count":0,"master_deck":["RobotSpaceExplorer:Strike","RobotSpaceExplorer:Strike","RobotSpaceExplorer:Strike","RobotSpaceExplorer:Defend","RobotSpaceExplorer:Defend","RobotSpaceExplorer:Defend","RobotSpaceExplorer:Scan","RobotSpaceExplorer:MiniLasers+1","BloodyBrimstone","RobotSpaceExplorer:SurgingShield","RobotSpaceExplorer:Smokescreen","RobotSpaceExplorer:Blaster","RobotSpaceExplorer:Probe","RobotSpaceExplorer:ShovelStrike","RobotSpaceExplorer:ShovelStrike+1"],"relics":["RobotSpaceExplorer:RoboCore","HushsDoor","NeowsBlessing","GuppysTail","RobotSpaceExplorer:FoglandsKnife","Replay:Bottled Flurry"],"acts_visited":["Exordium"],"potions_floor_usage":[],"damage_taken":[{"damage":0,"enemies":"Cultist","floor":1,"turns":1},{"damage":0,"enemies":"Jaw Worm","floor":3,"turns":1},{"damage":0,"enemies":"2 Louse","floor":5,"turns":1},{"damage":0,"enemies":"3 Sentries","floor":6,"turns":2},{"damage":0,"enemies":"Exordium Thugs","floor":7,"turns":6},{"damage":0,"enemies":"Blue Slaver","floor":10,"turns":2},{"damage":6,"enemies":"Lots of Slimes","floor":11,"turns":3},{"damage":0,"enemies":"2 Fungi Beasts","floor":12,"turns":2},{"damage":74,"enemies":"Fading Forest","floor":16,"turns":8}],"seed_played":"-2507840594947027797","potions_obtained":[{"floor":7,"key":"LiquidBronze"},{"floor":11,"key":"GamblersBrew"},{"floor":12,"key":"SkillPotion"}],"is_trial":false,"path_per_floor":["M","?","M","$","M","E","M","?","T","M","M","M","R","?","R","B"],"character_chosen":"RobotSpaceExplorer","items_purchased":[],"campfire_rested":0,"item_purchase_floors":[],"current_hp_per_floor":[75,75,75,75,75,75,75,64,64,64,58,58,58,58,58,0,0],"gold":264,"neow_bonus":"THREE_ENEMY_KILL","is_daily":false,"chose_seed":false,"campfire_upgraded":2,"win_rate":0.0,"timestamp":1607679543,"path_taken":["M","?","?","$","M","E","M","?","T","M","M","M","R","?","R","BOSS"],"items_purchased_type":[],"build_version":"2020-11-30","purchased_purges":1,"victory":false,"max_hp_per_floor":[75,75,75,75,75,75,75,75,75,75,72,72,72,72,72,69,69],"card_choices":[{"not_picked":[],"picked":"BloodyBrimstone","floor":0},{"not_picked":["RobotSpaceExplorer:ShockKick","RobotSpaceExplorer:PowerCollector","RobotSpaceExplorer:Probe"],"picked":"SKIP","floor":1},{"not_picked":["RobotSpaceExplorer:GlueShot","RobotSpaceExplorer:GlueSpray"],"picked":"RobotSpaceExplorer:SurgingShield","floor":3},{"not_picked":["RobotSpaceExplorer:ExhaustFan","RobotSpaceExplorer:ScrapMissile"],"picked":"Bomb","floor":5},{"not_picked":["RobotSpaceExplorer:FrostMissile","RobotSpaceExplorer:LaserBurst"],"picked":"RobotSpaceExplorer:Smokescreen","floor":6},{"not_picked":["RobotSpaceExplorer:SlimeMissile","RobotSpaceExplorer:ScrapMissile"],"picked":"RobotSpaceExplorer:Blaster","floor":7},{"not_picked":["RobotSpaceExplorer:ShockKick","RobotSpaceExplorer:PowerCollector"],"picked":"RobotSpaceExplorer:Probe","floor":10},{"not_picked":["RobotSpaceExplorer:FrostMissile","RobotSpaceExplorer:GlueShot"],"picked":"RobotSpaceExplorer:ShovelStrike","floor":11},{"not_picked":["RobotSpaceExplorer:StunGrenade","RobotSpaceExplorer:ScrapShield"],"picked":"RobotSpaceExplorer:ShovelStrike","floor":12}],"player_experience":255110,"relics_obtained":[{"floor":6,"key":"RobotSpaceExplorer:FoglandsKnife"},{"floor":9,"key":"Replay:Bottled Flurry"}],"event_choices":[{"damage_healed":0,"gold_gain":75,"player_choice":"Gather Gold","damage_taken":11,"max_hp_gain":0,"max_hp_loss":0,"event_name":"World of Goop","floor":8,"gold_loss":0},{"cards_removed":["RobotSpaceExplorer:Strike"],"damage_healed":0,"gold_gain":0,"player_choice":"Card Removal","damage_taken":0,"max_hp_gain":0,"max_hp_loss":0,"event_name":"The Cleric","floor":14,"gold_loss":50}],"is_beta":false,"boss_relics":[],"items_purged_floors":[4],"is_endless":false,"potions_floor_spawned":[7,11,12],"killed_by":"Fading Forest","ascension_level":0}}