{"host":"69rply1jf2d1wbmp","time":1607660166,"event":{"mods":["BaseMod","Minty Spire (QoL Compilation)","Quick Restart"],"gold_per_floor":[119,44,57,124,142,175,191,205,205,236,236,236,264,277,277,380,380,391,410,27,42,42,42,42,58,138,156,156,185,185,219,219,323,323,334,384,30,30,40,73,0,0,0,19,51,62,78,88,88,88,88],"floor_reached":50,"playtime":2074,"items_purged":["Strike_G","Strike_G"],"score":614,"play_id":"e896fb23-5ade-4686-8ff6-7db382a4a3f4","local_time":"20201210231606","is_ascension_mode":false,"campfire_choices":[{"floor":11,"key":"REST"},{"data":"Noxious Fumes","floor":15,"key":"SMITH"},{"data":"Leg Sweep","floor":23,"key":"SMITH"},{"data":"Footwork","floor":30,"key":"SMITH"},{"floor":32,"key":"RECALL"},{"data":"Blade Dance","floor":42,"key":"SMITH"},{"data":"Accuracy","floor":49,"key":"SMITH"}],"circlet_count":0,"master_deck":["Strike_G","Strike_G","Strike_G","Defend_G","Defend_G","Defend_G","Defend_G","Survivor","Neutralize","Die Die Die","Noxious Fumes+1","Deflect","Leg Sweep+1","Slice","Backflip","Slice","Dagger Spray","Die Die Die","CurseOfTheBell","Backstab+1","Terror+1","Blade Dance+1","Footwork+1","Blade Dance+1","Corpse Explosion","Deadly Poison+1","Underhanded Strike","Deflect+1","Bouncing Flask+1","Parasite","Footwork+1","Accuracy+1"],"relics":["Ring of the Snake","Incense Burner","Meat on the Bone","Question Card","GremlinMask","Mercury Hourglass","Calling Bell","Bag of Preparation","Ornamental Fan","FossilizedHelix","Bronze Scales","Sling","Eternal Feather","Bottled Lightning","Regal Pillow","Black Star","CaptainsWheel","Bottled Tornado","Unceasing Top","Toxic Egg 2","Red Mask","Art of War","Vajra","Oddly Smooth Stone"],"acts_visited":["TheCity","TheBeyond"],"potions_floor_usage":[7,10,13,16,21,33,33,33,44,45,50,50,50],"damage_taken":[{"damage":0,"enemies":"Small Slimes","floor":1,"turns":2},{"damage":0,"enemies":"Jaw Worm","floor":3,"turns":5},{"damage":0,"enemies":"Cultist","floor":5,"turns":4},{"damage":12,"enemies":"3 Sentries","floor":6,"turns":8},{"damage":5,"enemies":"Gremlin Gang","floor":7,"turns":3},{"damage":0,"enemies":"Looter","floor":8,"turns":4},{"damage":29,"enemies":"Lagavulin","floor":10,"turns":8},{"damage":1,"enemies":"3 Sentries","floor":13,"turns":7},{"damage":1,"enemies":"Exordium Thugs","floor":14,"turns":3},{"damage":22,"enemies":"The Guardian","floor":16,"turns":11},{"damage":0,"enemies":"3 Byrds","floor":18,"turns":4},{"damage":0,"enemies":"Shell Parasite","floor":19,"turns":7},{"damage":0,"enemies":"3 Cultists","floor":21,"turns":3},{"damage":7,"enemies":"Snake Plant","floor":25,"turns":3},{"damage":6,"enemies":"Centurion and Healer","floor":27,"turns":5},{"damage":0,"enemies":"Gremlin Leader","floor":29,"turns":5},{"damage":0,"enemies":"Slavers","floor":31,"turns":4},{"damage":13,"enemies":"Collector","floor":33,"turns":8},{"damage":0,"enemies":"3 Shapes","floor":35,"turns":5},{"damage":22,"enemies":"Mind Bloom Boss Battle","floor":36,"turns":9},{"damage":0,"enemies":"3 Darklings","floor":39,"turns":2},{"damage":9,"enemies":"Reptomancer","floor":40,"turns":6},{"damage":0,"enemies":"Spire Growth","floor":44,"turns":4},{"damage":36,"enemies":"Giant Head","floor":45,"turns":7},{"damage":0,"enemies":"Writhing Mass","floor":46,"turns":5},{"damage":0,"enemies":"4 Shapes","floor":47,"turns":4},{"damage":0,"enemies":"Jaw Worm Horde","floor":48,"turns":2},{"damage":59,"enemies":"Awakened One","floor":50,"turns":9}],"seed_played":"-8346582673251296325","potions_obtained":[{"floor":5,"key":"SkillPotion"},{"floor":8,"key":"GamblersBrew"},{"floor":10,"key":"Fire Potion"},{"floor":13,"key":"CunningPotion"},{"floor":16,"key":"PowerPotion"},{"floor":21,"key":"Fruit Juice"},{"floor":25,"key":"Strength Potion"},{"floor":29,"key":"EntropicBrew"},{"floor":44,"key":"Poison Potion"},{"floor":45,"key":"BlessingOfTheForge"}],"is_trial":false,"path_per_floor":["M","$","M","?","M","E","M","M","T","E","R","?","E","M","R","B",null,"M","M","$","M","?","R","$","M","T","M","T","E","R","E","R","B",null,"M","?","$","?","M","E","?","R","T","M","E","M","M","M","R","B"],"character_chosen":"THE_SILENT","items_purchased":["Noxious Fumes","Bronze Scales","Sling","Bottled Tornado"],"campfire_rested":1,"item_purchase_floors":[2,20,20,37],"current_hp_per_floor":[63,63,63,63,63,51,46,46,46,29,47,47,46,45,45,35,63,63,63,63,68,68,68,68,61,61,55,55,55,68,68,68,55,68,68,46,46,46,46,37,37,52,52,52,28,40,40,40,58,0,0],"gold":88,"neow_bonus":"THREE_RARE_CARDS","is_daily":false,"chose_seed":false,"campfire_upgraded":5,"win_rate":0.0,"timestamp":1607660166,"path_taken":["M","$","M","?","M","E","M","M","T","E","R","?","E","?","R","BOSS","M","M","$","?","?","R","?","M","T","M","?","E","R","E","R","BOSS","M","?","$","?","?","E","?","R","T","M","E","M","M","M","R","BOSS"],"items_purchased_type":["Card","Relic","Relic","Relic"],"build_version":"2020-11-30","purchased_purges":2,"victory":false,"max_hp_per_floor":[63,63,63,63,63,63,63,63,63,63,63,63,63,63,63,63,63,63,63,63,68,68,68,68,68,68,68,68,68,68,68,68,68,68,68,68,68,68,68,68,68,68,68,68,68,68,68,68,68,68,68],"card_choices":[{"not_picked":["Storm of Steel","Burst"],"picked":"Die Die Die","floor":0},{"not_picked":["Poisoned Stab","Distraction","Well Laid Plans"],"picked":"SKIP","floor":1},{"not_picked":["Dagger Throw","Dash"],"picked":"Deflect","floor":3},{"not_picked":["Heel Hook","Dagger Throw"],"picked":"Leg Sweep","floor":5},{"not_picked":["Prepared","Acrobatics","Dodge and Roll"],"picked":"SKIP","floor":6},{"not_picked":["Heel Hook","Prepared","Cloak And Dagger"],"picked":"SKIP","floor":7},{"not_picked":["Acrobatics","Outmaneuver"],"picked":"Slice","floor":8},{"not_picked":["Poisoned Stab","Skewer"],"picked":"Backflip","floor":10},{"not_picked":["Poisoned Stab","Tactician","Well Laid Plans"],"picked":"Slice","floor":13},{"not_picked":["Deflect","Wraith Form v2","Skewer"],"picked":"Dagger Spray","floor":14},{"not_picked":["Burst","Wraith Form v2","Tools of the Trade"],"picked":"Die Die Die","floor":16},{"not_picked":["Heel Hook","Dodge and Roll","PiercingWail"],"picked":"Backstab+1","floor":18},{"not_picked":["Dagger Spray","Die Die Die","All Out Attack+1"],"picked":"Terror","floor":19},{"not_picked":["Dagger Spray","Acrobatics","Expertise+1"],"picked":"Blade Dance+1","floor":21},{"not_picked":["Outmaneuver","Skewer","Dash"],"picked":"Footwork","floor":25},{"not_picked":["Sucker Punch","Masterful Stab","Flying Knee+1"],"picked":"Blade Dance","floor":27},{"not_picked":["Prepared","Sucker Punch+1","Dagger Spray","Venomology"],"picked":"SKIP","floor":29},{"not_picked":["Dagger Spray+1","Acrobatics+1","Bane","Cloak And Dagger"],"picked":"SKIP","floor":31},{"not_picked":["Tools of the Trade","Phantasmal Killer","Grand Finale"],"picked":"Corpse Explosion","floor":33},{"not_picked":["Cloak And Dagger+1","Deflect+1","Crippling Poison+1"],"picked":"Deadly Poison+1","floor":35},{"not_picked":["Backflip+1","Flying Knee+1","Dodge and Roll+1"],"picked":"Deflect+1","floor":39},{"not_picked":["Riddle With Holes","Deflect+1","Caltrops"],"picked":"Bouncing Flask+1","floor":40},{"not_picked":["Blade Dance+1","Malaise+1","Dagger Spray+1","Backflip+1"],"picked":"SKIP","floor":44},{"not_picked":["PiercingWail+1","Backflip+1","Outmaneuver+1","Reflex+1"],"picked":"SKIP","floor":45},{"not_picked":["Leg Sweep+1","Poisoned Stab","Underhanded Strike+1","Dagger Spray+1"],"picked":"SKIP","floor":46},{"not_picked":["PiercingWail+1","Prepared+1","Dagger Spray+1"],"picked":"Footwork+1","floor":47},{"not_picked":["Footwork+1","Bouncing Flask+1","Acrobatics+1"],"picked":"Accuracy","floor":48}],"player_experience":336340,"relics_obtained":[{"floor":6,"key":"Incense Burner"},{"floor":9,"key":"Meat on the Bone"},{"floor":10,"key":"Question Card"},{"floor":13,"key":"Mercury Hourglass"},{"floor":17,"key":"Bag of Preparation"},{"floor":17,"key":"Ornamental Fan"},{"floor":17,"key":"FossilizedHelix"},{"floor":26,"key":"Eternal Feather"},{"floor":29,"key":"Bottled Lightning"},{"floor":31,"key":"Regal Pillow"},{"floor":36,"key":"CaptainsWheel"},{"floor":40,"key":"Unceasing Top"},{"floor":40,"key":"Toxic Egg 2"},{"floor":43,"key":"Art of War"},{"floor":45,"key":"Vajra"},{"floor":45,"key":"Oddly Smooth Stone"}],"event_choices":[{"damage_healed":0,"gold_gain":67,"player_choice":"Gained Gold","damage_taken":0,"max_hp_gain":0,"max_hp_loss":0,"event_name":"Golden Wing","floor":4,"gold_loss":0},{"damage_healed":0,"gold_gain":0,"player_choice":"Trade","damage_taken":0,"relics_obtained":["GremlinMask"],"max_hp_gain":0,"max_hp_loss":0,"event_name":"FaceTrader","floor":12,"gold_loss":0},{"damage_healed":0,"gold_gain":0,"player_choice":"Forge","damage_taken":0,"max_hp_gain":0,"max_hp_loss":0,"event_name":"Accursed Blacksmith","floor":22,"gold_loss":0,"cards_upgraded":["Terror"]},{"damage_healed":0,"gold_gain":0,"player_choice":"Fight","damage_taken":0,"max_hp_gain":0,"max_hp_loss":0,"event_name":"MindBloom","floor":36,"gold_loss":0},{"damage_healed":0,"gold_gain":0,"cards_transformed":["Defend_G"],"player_choice":"Transformed","damage_taken":0,"max_hp_gain":0,"max_hp_loss":0,"event_name":"Transmorgrifier","floor":38,"gold_loss":0,"cards_obtained":["Underhanded Strike"]},{"damage_healed":0,"gold_gain":0,"player_choice":"Paid","damage_taken":0,"relics_obtained":["Red Mask"],"max_hp_gain":0,"max_hp_loss":0,"event_name":"Tomb of Lord Red Mask","floor":41,"gold_loss":73}],"is_beta":false,"boss_relics":[{"not_picked":["Coffee Dripper","Runic Dome"],"picked":"Calling Bell"},{"not_picked":["Velvet Choker","Tiny House"],"picked":"Black Star"}],"items_purged_floors":[20,37],"is_endless":false,"potions_floor_spawned":[5,8,10,13,16,21,25,29,31,40,44,45,47,48],"killed_by":"Awakened One","ascension_level":0}}