{"host":"3h5qf14xt40jhha0","time":1607670696,"event":{"mods":["AlwaysNeverKeys","BaseMod","Colored Powertips","Minty Spire (QoL Compilation)","Permanent Neow","Relic Stats","StSLib"],"gold_per_floor":[112,112,124,124,137,177,177,197,221,221,261,261,302,63,63,154,217,238,238,238,256,256,290,305,37,37,37,62,62,102,120,120,215,215,236,252,252,152,152,192,208,208,208,248,248,263,263,263],"floor_reached":47,"playtime":2801,"items_purged":["Strike_P","Strike_P"],"score":1182,"play_id":"c4b6e287-3e5e-49ac-ac43-f472343b841b","local_time":"20201211021136","is_ascension_mode":true,"campfire_choices":[{"data":"ThirdEye","floor":7,"key":"SMITH"},{"data":"Consecrate","floor":10,"key":"SMITH"},{"data":"SashWhip","floor":12,"key":"SMITH"},{"data":"Wallop","floor":15,"key":"SMITH"},{"floor":27,"key":"REST"},{"data":"Vault","floor":29,"key":"SMITH"},{"floor":32,"key":"REST"},{"floor":42,"key":"REST"},{"floor":45,"key":"REST"}],"circlet_count":0,"master_deck":["AscendersBane","Strike_P+1","Strike_P","Defend_P","Defend_P","Defend_P","Defend_P","Eruption","Vigilance","CarveReality+1","ThirdEye+1","Consecrate+1","SashWhip+1","Wallop+1","Vault+1","CutThroughFate","Conclude","RitualDagger","Writhe","EmptyFist","Meditate+1","Vault"],"relics":["Velvet Choker","Golden Idol","Lantern","Centennial Puzzle","Strawberry","Blue Candle","ClockworkSouvenir","Tiny House","Vajra","Mummified Hand","Shuriken","Matryoshka","Turnip","SlaversCollar","Singing Bowl","Toy Ornithopter","The Courier"],"acts_visited":["Exordium","TheCity","TheBeyond"],"potions_floor_usage":[11,13,16,18,21,23,28,33,41,47],"damage_taken":[{"damage":8,"enemies":"Small Slimes","floor":1,"turns":3},{"damage":4,"enemies":"Jaw Worm","floor":3,"turns":2},{"damage":0,"enemies":"2 Louse","floor":5,"turns":1},{"damage":15,"enemies":"Lagavulin","floor":6,"turns":6},{"damage":0,"enemies":"2 Fungi Beasts","floor":8,"turns":2},{"damage":0,"enemies":"3 Sentries","floor":11,"turns":3},{"damage":10,"enemies":"Gremlin Nob","floor":13,"turns":3},{"damage":3,"enemies":"The Guardian","floor":16,"turns":6},{"damage":10,"enemies":"3 Byrds","floor":18,"turns":5},{"damage":2,"enemies":"Spheric Guardian","floor":21,"turns":3},{"damage":27,"enemies":"Slavers","floor":23,"turns":4},{"damage":10,"enemies":"Snake Plant","floor":24,"turns":2},{"damage":1,"enemies":"3 Cultists","floor":28,"turns":2},{"damage":2,"enemies":"Book of Stabbing","floor":30,"turns":4},{"damage":1,"enemies":"Centurion and Healer","floor":31,"turns":4},{"damage":20,"enemies":"Champ","floor":33,"turns":10},{"damage":30,"enemies":"3 Darklings","floor":35,"turns":4},{"damage":14,"enemies":"3 Shapes","floor":36,"turns":9},{"damage":1,"enemies":"Nemesis","floor":40,"turns":4},{"damage":6,"enemies":"3 Darklings","floor":41,"turns":3},{"damage":19,"enemies":"Reptomancer","floor":44,"turns":6},{"damage":1,"enemies":"Transient","floor":46,"turns":7},{"damage":54,"enemies":"Giant Head","floor":47,"turns":7}],"seed_played":"4429246110599669186","potions_obtained":[{"floor":5,"key":"Ancient Potion"},{"floor":8,"key":"SkillPotion"},{"floor":11,"key":"LiquidBronze"},{"floor":13,"key":"DistilledChaos"},{"floor":17,"key":"SkillPotion"},{"floor":18,"key":"Weak Potion"},{"floor":23,"key":"LiquidMemories"},{"floor":30,"key":"Ambrosia"},{"floor":31,"key":"Block Potion"},{"floor":36,"key":"SteroidPotion"},{"floor":46,"key":"AttackPotion"}],"is_trial":false,"path_per_floor":["M","?","M","?","M","E","R","M","T","R","E","R","E","$","R","B",null,"M","?","?","M","?","E","M","$","T","R","M","R","E","M","R","B",null,"M","M","?","$","?","E","M","R","T","E","R","M","E"],"character_chosen":"WATCHER","items_purchased":["ClockworkSouvenir","Shuriken"],"campfire_rested":4,"item_purchase_floors":[14,25],"current_hp_per_floor":[53,53,49,49,49,34,34,34,34,34,41,41,31,31,31,28,64,54,48,48,46,46,19,9,9,9,31,30,30,28,27,49,29,63,33,19,19,19,19,20,16,39,39,22,46,47,0,0],"gold":263,"neow_bonus":"BOSS_RELIC","is_daily":false,"chose_seed":false,"campfire_upgraded":5,"win_rate":0.0,"timestamp":1607670696,"path_taken":["M","?","M","?","M","E","R","M","T","R","E","R","E","?","R","BOSS","M","?","?","M","?","E","M","$","T","R","M","R","E","M","R","BOSS","M","M","?","$","?","E","M","R","T","E","R","M","E"],"items_purchased_type":["Relic","Relic"],"build_version":"2020-11-30","purchased_purges":2,"victory":false,"max_hp_per_floor":[68,68,68,62,62,62,62,62,62,62,69,69,69,69,69,69,74,74,74,74,74,74,74,74,74,74,74,74,74,74,74,74,74,74,74,74,74,74,74,76,78,78,78,80,80,82,82,82],"relic_stats":{"Centennial Puzzle":[51],"Singing Bowl":8,"counters":[23,100],"Golden Idol":145,"Mummified Hand":[0],"Shuriken":[34],"Blue Candle":[15],"Turnip":[8],"obtain_stats":[{"Lantern":6,"Tiny House":17,"Singing Bowl":40,"Golden Idol":4,"Blue Candle":13,"Velvet Choker":0,"Vajra":20,"The Courier":44,"ClockworkSouvenir":14,"SlaversCollar":34,"Centennial Puzzle":9,"Matryoshka":26,"Mummified Hand":23,"Shuriken":25,"Strawberry":11,"Turnip":30,"PureWater":0,"Toy Ornithopter":43},{"Lantern":4,"Tiny House":8,"Singing Bowl":19,"Golden Idol":2,"Blue Candle":7,"Velvet Choker":0,"Vajra":9,"The Courier":21,"ClockworkSouvenir":7,"SlaversCollar":16,"Centennial Puzzle":5,"Matryoshka":12,"Mummified Hand":11,"Shuriken":12,"Strawberry":6,"Turnip":14,"PureWater":0,"Toy Ornithopter":20},{"Lantern":12,"Tiny House":26,"Singing Bowl":77,"Golden Idol":5,"Blue Candle":20,"Velvet Choker":0,"Vajra":31,"The Courier":86,"ClockworkSouvenir":20,"SlaversCollar":60,"Centennial Puzzle":14,"Matryoshka":40,"Mummified Hand":38,"Shuriken":40,"Strawberry":17,"Turnip":46,"PureWater":0,"Toy Ornithopter":80}],"Toy Ornithopter":5},"card_choices":[{"not_picked":["ClearTheMind","Consecrate"],"picked":"CarveReality","floor":1},{"not_picked":["ClearTheMind","FollowUp","FlurryOfBlows"],"picked":"SKIP","floor":3},{"not_picked":["PathToVictory","Consecrate"],"picked":"ThirdEye","floor":5},{"not_picked":["WreathOfFlame","InnerPeace","Wireheading"],"picked":"SKIP","floor":6},{"not_picked":["WreathOfFlame","InnerPeace","Wireheading"],"picked":"SKIP","floor":6},{"not_picked":["FollowUp","Crescendo"],"picked":"Consecrate","floor":8},{"not_picked":["Adaptation","Halt"],"picked":"SashWhip","floor":11},{"not_picked":["SandsOfTime","Halt"],"picked":"Wallop","floor":13},{"not_picked":["Wish","SpiritShield"],"picked":"Vault","floor":16},{"not_picked":["EmptyBody","ThirdEye"],"picked":"CutThroughFate","floor":17},{"not_picked":["Worship","FollowUp"],"picked":"Conclude","floor":18},{"not_picked":["JustLucky","FollowUp"],"picked":"EmptyFist","floor":21},{"not_picked":["ClearTheMind","Wish"],"picked":"Meditate+1","floor":23},{"not_picked":["Crescendo","FollowUp","Meditate"],"picked":"SKIP","floor":24},{"not_picked":["Study","PathToVictory","Prostrate"],"picked":"SKIP","floor":28},{"not_picked":["Consecrate","EmptyFist","CarveReality"],"picked":"SKIP","floor":30},{"not_picked":["InnerPeace","FollowUp","JustLucky"],"picked":"SKIP","floor":31},{"not_picked":["LessonLearned","Blasphemy"],"picked":"Vault","floor":33},{"not_picked":["FollowUp+1","FlurryOfBlows","Consecrate+1"],"picked":"SKIP","floor":35},{"not_picked":["ClearTheMind+1","Indignation","ForeignInfluence"],"picked":"SKIP","floor":36},{"not_picked":["Conclude+1","JustLucky","ClearTheMind"],"picked":"Singing Bowl","floor":40},{"not_picked":["FlurryOfBlows","ClearTheMind","Prostrate"],"picked":"Singing Bowl","floor":41},{"not_picked":["ThirdEye","WreathOfFlame","SashWhip"],"picked":"Singing Bowl","floor":44},{"not_picked":["Conclude+1","Halt","Vengeance"],"picked":"Singing Bowl","floor":46}],"player_experience":1224632,"relics_obtained":[{"floor":6,"key":"Lantern"},{"floor":9,"key":"Centennial Puzzle"},{"floor":11,"key":"Strawberry"},{"floor":13,"key":"Blue Candle"},{"floor":23,"key":"Mummified Hand"},{"floor":26,"key":"Matryoshka"},{"floor":30,"key":"Turnip"},{"floor":40,"key":"Singing Bowl"},{"floor":43,"key":"Toy Ornithopter"},{"floor":44,"key":"The Courier"}],"event_choices":[{"damage_healed":0,"gold_gain":0,"player_choice":"Grow","damage_taken":0,"max_hp_gain":0,"max_hp_loss":0,"event_name":"Living Wall","floor":2,"gold_loss":0,"cards_upgraded":["CarveReality"]},{"damage_healed":0,"gold_gain":0,"player_choice":"Lose Max HP","damage_taken":0,"relics_obtained":["Golden Idol"],"max_hp_gain":0,"max_hp_loss":6,"event_name":"Golden Idol","floor":4,"gold_loss":0},{"damage_healed":0,"gold_gain":0,"player_choice":"Joined the Cult","damage_taken":6,"max_hp_gain":0,"max_hp_loss":0,"event_name":"Nest","floor":19,"gold_loss":0,"cards_obtained":["RitualDagger"]},{"damage_healed":0,"gold_gain":0,"player_choice":"Opened","damage_taken":0,"relics_obtained":["Vajra"],"max_hp_gain":0,"max_hp_loss":0,"event_name":"The Mausoleum","floor":20,"gold_loss":0,"cards_obtained":["Writhe"]},{"damage_healed":0,"gold_gain":0,"player_choice":"Ignored","damage_taken":0,"max_hp_gain":0,"max_hp_loss":0,"event_name":"Ghosts","floor":22,"gold_loss":0},{"damage_healed":0,"gold_gain":0,"player_choice":"Ignored","damage_taken":0,"max_hp_gain":0,"max_hp_loss":0,"event_name":"Mysterious Sphere","floor":37,"gold_loss":0},{"damage_healed":0,"gold_gain":0,"player_choice":"Ignored","damage_taken":0,"max_hp_gain":0,"max_hp_loss":0,"event_name":"SecretPortal","floor":39,"gold_loss":0}],"is_beta":false,"boss_relics":[{"not_picked":["Ectoplasm","Empty Cage"],"picked":"Tiny House"},{"not_picked":["Black Star","VioletLotus"],"picked":"SlaversCollar"}],"items_purged_floors":[14,38],"is_endless":false,"potions_floor_spawned":[5,8,11,13,18,23,30,31,36,40,46],"killed_by":"Giant Head","ascension_level":20}}