{"host":"97bfbul5vt0mksxl","time":1607728922,"event":{"mods":["BaseMod","Colored Powertips","Highlight Path","Infinite Spire","Minty Spire (QoL Compilation)","Replay The Spire","Shop Mod","StSLib","SuperFastMode"],"gold_per_floor":[11,11,30,50,68,95,95,95,95,111,128,161,161,172,172,271,271,283,293,306,306,306,338,338,356,356,356,356],"floor_reached":27,"playtime":2225,"items_purged":[],"score":272,"play_id":"08db9095-46d1-49ea-89eb-e874f9085389","local_time":"20201211202202","is_ascension_mode":false,"campfire_choices":[{"data":"Eruption","floor":7.0,"key":"SMITH"},{"floor":13.0,"key":"REST"},{"floor":15.0,"key":"REST"},{"floor":24,"key":"REST"}],"circlet_count":0,"master_deck":["Defend_P","Defend_P","Defend_P","Defend_P","Eruption+1","Vigilance","FollowUp","Perseverance","Perseverance","JustLucky","BowlingBash","FollowUp","Meditate","Weave","FollowUp","Establishment","Adaptation+1","FlyingSleeves","EmptyMind+1","Bite","Bite","Bite","Bite","Bite","RitualDagger","Brilliance","Replay:Hum+1"],"relics":["infinitespire:DarkRift","GremlinMask","TungstenRod","infinitespire:Cubic Diamond","Bottled Lightning","infinitespire:FocusingShard","VioletLotus","Simple Rune","Ornamental Fan"],"acts_visited":["Exordium","TheCity"],"potions_floor_usage":[16,16,20],"damage_taken":[{"damage":15.0,"enemies":"Small Slimes","floor":1.0,"turns":2.0},{"damage":0.0,"enemies":"Cultist","floor":3.0,"turns":3.0},{"damage":1.0,"enemies":"Jaw Worm","floor":4.0,"turns":3.0},{"damage":2.0,"enemies":"Blue Slaver","floor":5.0,"turns":5.0},{"damage":14.0,"enemies":"Replay:BlueRogue","floor":6.0,"turns":5.0},{"damage":10.0,"enemies":"2 Fungi Beasts","floor":10.0,"turns":3.0},{"damage":10.0,"enemies":"Large Slime","floor":11.0,"turns":5.0},{"damage":12.0,"enemies":"3 Sentries","floor":12.0,"turns":5.0},{"damage":9.0,"enemies":"Exordium Wildlife","floor":14.0,"turns":4.0},{"damage":56,"enemies":"Hexaghost","floor":16,"turns":13},{"damage":11,"enemies":"Spheric Guardian","floor":18,"turns":6},{"damage":18,"enemies":"3 Byrds","floor":19,"turns":7},{"damage":17,"enemies":"Snecko","floor":20,"turns":8},{"damage":34,"enemies":"Gremlin Leader","floor":23,"turns":6},{"damage":30,"enemies":"Snake Plant","floor":25,"turns":5},{"damage":23,"enemies":"Book of Stabbing","floor":27,"turns":3}],"seed_played":"1314562474686784409","potions_obtained":[{"floor":3.0,"key":"ColorlessPotion"},{"floor":10.0,"key":"Block Potion"},{"floor":11.0,"key":"SpeedPotion"},{"floor":14.0,"key":"StancePotion"},{"floor":16,"key":"Swift Potion"},{"floor":19,"key":"PowerPotion"},{"floor":20,"key":"Explosive Potion"}],"is_trial":false,"path_per_floor":["M","?","M","M","M","E","R","?","T","M","M","E","R","M","R","B",null,"M","M","M","?","?","E","R","M","T","E"],"character_chosen":"WATCHER","items_purchased":[],"campfire_rested":3,"item_purchase_floors":[],"current_hp_per_floor":[71,71,71,70,68,54,54,54,54,44,34,22,47,38,63,7,86,75,57,40,40,35,15,33,15,15,0,0],"gold":356,"neow_bonus":"TWENTY_PERCENT_HP_BONUS","is_daily":false,"chose_seed":false,"campfire_upgraded":1,"win_rate":0.0,"timestamp":1607728922,"path_taken":["M","?","M","?","M","E","R","?","T","M","M","E","R","M","R","BOSS","M","M","M","?","?","E","R","M","T","E"],"items_purchased_type":[],"build_version":"2020-11-30","purchased_purges":0,"victory":false,"max_hp_per_floor":[86,86,86,86,86,86,86,86,86,86,86,86,86,86,86,86,86,86,86,86,60,60,60,60,60,60,60,60],"card_choices":[{"not_picked":["ForeignInfluence","Prostrate"],"picked":"FollowUp","floor":1.0},{"not_picked":["DeceiveReality","ClearTheMind"],"picked":"Perseverance","floor":3.0},{"not_picked":["Swivel","Crescendo"],"picked":"Perseverance","floor":4.0},{"not_picked":["Replay:Hum","Replay:AtTheReady"],"picked":"JustLucky","floor":5.0},{"not_picked":["ThirdEye","ConjureBlade"],"picked":"BowlingBash","floor":6.0},{"not_picked":["Consecrate","Replay:BluntJabs"],"picked":"FollowUp","floor":10.0},{"not_picked":["Fasting2","Replay:Anticipation"],"picked":"Meditate","floor":11.0},{"not_picked":["SpiritShield","TalkToTheHand"],"picked":"Weave","floor":12.0},{"not_picked":["SignatureMove","ClearTheMind"],"picked":"FollowUp","floor":14.0},{"not_picked":["Omniscience","DeusExMachina"],"picked":"Establishment","floor":16},{"not_picked":["Crescendo","FollowUp+1"],"picked":"Adaptation+1","floor":18},{"not_picked":["Prostrate","CrushJoints"],"picked":"FlyingSleeves","floor":19},{"not_picked":["Replay:Battleflow","Vengeance+1"],"picked":"EmptyMind+1","floor":20},{"not_picked":["Adaptation","Replay:AllIn"],"picked":"Brilliance","floor":23},{"not_picked":["ClearTheMind","ThirdEye"],"picked":"Replay:Hum+1","floor":25}],"player_experience":133416,"relics_obtained":[{"floor":6.0,"key":"TungstenRod"},{"floor":9.0,"key":"Bottled Lightning"},{"floor":12.0,"key":"infinitespire:FocusingShard"},{"floor":23,"key":"Simple Rune"},{"floor":26,"key":"Ornamental Fan"}],"event_choices":[{"damage_healed":0.0,"max_hp_gain":0.0,"max_hp_loss":0.0,"gold_gain":0.0,"event_name":"FaceTrader","player_choice":"Trade","floor":2.0,"gold_loss":0.0,"damage_taken":0.0,"relics_obtained":["GremlinMask"]},{"damage_healed":0,"gold_gain":0,"player_choice":"Became a vampire","damage_taken":0,"max_hp_gain":0,"max_hp_loss":26,"event_name":"Vampires","floor":21,"gold_loss":0,"cards_obtained":["Bite","Bite","Bite","Bite","Bite"]},{"damage_healed":0,"gold_gain":0,"player_choice":"Joined the Cult","damage_taken":6,"max_hp_gain":0,"max_hp_loss":0,"event_name":"Nest","floor":22,"gold_loss":0,"cards_obtained":["RitualDagger"]}],"is_beta":false,"boss_relics":[{"not_picked":["Painkiller Herb","Astrolabe"],"picked":"VioletLotus"}],"items_purged_floors":[],"is_endless":false,"potions_floor_spawned":[3,10,11,14,16,19,20],"killed_by":"Book of Stabbing","ascension_level":0}}