{"host":"ueef25wtkg2eer3h","time":1607690158,"event":{"mods":["AchievementEnabler","BaseMod","Colored Map","Colored Powertips","DeckTracker","Displayed Cursed Tome","Googly Eyes","Highlight Path","Minty Spire (QoL Compilation)","Slay the Relics Exporter","StSLib"],"gold_per_floor":[211,161,15,35,35,35,60,74,74,85,112,12,12,25,25,130,130,140,140,140,156,11,11,11,11,11,11,41,68,83,102,102,199,199,212,11,28,28,28,28],"floor_reached":39,"playtime":1474,"items_purged":["Strike_B","Defend_B","Defend_B"],"score":699,"play_id":"8c8d3c88-a4bd-420b-babd-3554a02e3a24","local_time":"20201211133558","is_ascension_mode":true,"campfire_choices":[{"data":"Doom and Gloom","floor":6,"key":"SMITH"},{"floor":13,"key":"REST"},{"data":"Defragment","floor":15,"key":"SMITH"},{"floor":23,"key":"REST"},{"data":"Chill","floor":25,"key":"SMITH"},{"data":"Glacier","floor":27,"key":"SMITH"},{"floor":32,"key":"REST"}],"circlet_count":0,"master_deck":["Strike_B","Strike_B","Strike_B","Defend_B","Zap","Dualcast","Glacier+1","Sunder+1","Doom and Gloom+1","Sweeping Beam","Turbo","Steam","Force Field","Defragment+1","Creative AI","Glacier","Defragment+1","Chill+1","Double Energy","Loop+1","Cold Snap","Stack","Thunder Strike","Static Discharge+1","Static Discharge+1","Madness","Madness","Parasite"],"relics":["Cracked Core","StrikeDummy","Bottled Flame","Blue Candle","Black Star","PreservedInsect","Frozen Egg 2","Bottled Tornado","Gremlin Horn","Red Mask","SlaversCollar"],"acts_visited":["Exordium","TheCity","TheBeyond"],"potions_floor_usage":[11,18,18,33,33,33,39],"damage_taken":[{"damage":9,"enemies":"Jaw Worm","floor":1,"turns":3},{"damage":0,"enemies":"Small Slimes","floor":4,"turns":2},{"damage":18,"enemies":"Gremlin Nob","floor":7,"turns":3},{"damage":0,"enemies":"Cultist","floor":8,"turns":2},{"damage":0,"enemies":"Red Slaver","floor":10,"turns":1},{"damage":10,"enemies":"3 Sentries","floor":11,"turns":3},{"damage":11,"enemies":"Looter","floor":14,"turns":2},{"damage":18,"enemies":"The Guardian","floor":16,"turns":10},{"damage":16,"enemies":"2 Thieves","floor":18,"turns":3},{"damage":19,"enemies":"3 Byrds","floor":21,"turns":7},{"damage":0,"enemies":"Slavers","floor":28,"turns":5},{"damage":0,"enemies":"Masked Bandits","floor":29,"turns":5},{"damage":20,"enemies":"Sentry and Sphere","floor":30,"turns":6},{"damage":13,"enemies":"Snecko","floor":31,"turns":6},{"damage":0,"enemies":"Champ","floor":33,"turns":14},{"damage":0,"enemies":"3 Shapes","floor":35,"turns":4},{"damage":14,"enemies":"3 Darklings","floor":37,"turns":9},{"damage":44,"enemies":"Writhing Mass","floor":39,"turns":7}],"seed_played":"-3501581697119388499","potions_obtained":[{"floor":1,"key":"GamblersBrew"},{"floor":8,"key":"Energy Potion"},{"floor":11,"key":"Explosive Potion"},{"floor":28,"key":"Dexterity Potion"},{"floor":29,"key":"EssenceOfSteel"},{"floor":30,"key":"PowerPotion"},{"floor":33,"key":"Energy Potion"},{"floor":37,"key":"LiquidMemories"}],"is_trial":false,"path_per_floor":["M","?","$","M","?","R","E","M","T","M","E","$","R","M","R","B",null,"M","?","?","M","$","R","?","R","T","R","E","?","M","M","R","B",null,"M","$","M","?","M"],"character_chosen":"DEFECT","items_purchased":["Sunder","PreservedInsect","Static Discharge+1"],"campfire_rested":3,"item_purchase_floors":[3,22,36],"current_hp_per_floor":[59,59,59,59,59,59,41,41,41,41,31,31,53,42,42,24,62,46,46,46,27,27,49,49,49,49,49,49,49,29,16,38,38,66,66,66,52,43,0,0],"gold":28,"neow_bonus":"HUNDRED_GOLD","is_daily":false,"chose_seed":false,"campfire_upgraded":4,"win_rate":0.0,"timestamp":1607690158,"path_taken":["M","?","$","M","?","R","E","M","T","?","E","$","R","M","R","BOSS","M","?","?","?","$","R","?","R","T","R","E","?","M","M","R","BOSS","M","$","M","?","M"],"items_purchased_type":["Card","Relic","Undefined"],"build_version":"2020-11-30","purchased_purges":3,"victory":false,"max_hp_per_floor":[75,75,75,75,75,75,75,75,75,75,75,75,75,75,75,75,75,75,75,75,75,75,75,75,75,75,75,75,75,75,75,75,75,75,75,75,75,75,75,75],"card_choices":[{"not_picked":["Turbo","Redo"],"picked":"Glacier","floor":1},{"not_picked":["Gash","Tempest"],"picked":"Doom and Gloom","floor":4},{"not_picked":["Hologram","Auto Shields"],"picked":"Sweeping Beam","floor":7},{"not_picked":["Rebound","Sunder"],"picked":"Turbo","floor":8},{"not_picked":["Gash","Sunder"],"picked":"Steam","floor":10},{"not_picked":["Reboot","Coolheaded"],"picked":"Force Field","floor":11},{"not_picked":["Streamline","Lockon"],"picked":"Defragment","floor":14},{"not_picked":["Multi-Cast","All For One"],"picked":"Creative AI","floor":16},{"not_picked":["Hologram","Sweeping Beam","Turbo"],"picked":"SKIP","floor":18},{"not_picked":["Go for the Eyes","Steam Power"],"picked":"Chill","floor":21},{"not_picked":["Auto Shields","Gash"],"picked":"Double Energy","floor":28},{"not_picked":["Stack","Aggregate"],"picked":"Loop+1","floor":29},{"not_picked":["FTL","Reboot"],"picked":"Cold Snap","floor":30},{"not_picked":["Leap","Steam"],"picked":"Stack","floor":31},{"not_picked":["Rainbow","All For One"],"picked":"Thunder Strike","floor":33},{"not_picked":["Stack","Gash","Ball Lightning"],"picked":"SKIP","floor":35},{"not_picked":["Darkness","Hologram+1"],"picked":"Static Discharge+1","floor":37}],"player_experience":242150,"relics_obtained":[{"floor":7,"key":"StrikeDummy"},{"floor":9,"key":"Bottled Flame"},{"floor":11,"key":"Blue Candle"},{"floor":26,"key":"Frozen Egg 2"},{"floor":28,"key":"Bottled Tornado"},{"floor":28,"key":"Gremlin Horn"},{"floor":29,"key":"Red Mask"}],"event_choices":[{"cards_removed":["Defend_B"],"damage_healed":0,"gold_gain":0,"player_choice":"Card Removal","damage_taken":0,"max_hp_gain":0,"max_hp_loss":0,"event_name":"The Cleric","floor":2,"gold_loss":50},{"damage_healed":0,"gold_gain":0,"player_choice":"Upgraded","damage_taken":0,"max_hp_gain":0,"max_hp_loss":0,"event_name":"Upgrade Shrine","floor":5,"gold_loss":0,"cards_upgraded":["Sunder"]},{"damage_healed":0,"gold_gain":0,"player_choice":"Read","damage_taken":0,"max_hp_gain":0,"max_hp_loss":0,"event_name":"The Library","floor":19,"gold_loss":0,"cards_obtained":["Glacier"]},{"damage_healed":0,"gold_gain":0,"player_choice":"Copied","damage_taken":0,"max_hp_gain":0,"max_hp_loss":0,"event_name":"Duplicator","floor":20,"gold_loss":0,"cards_obtained":["Defragment"]},{"damage_healed":0,"gold_gain":0,"player_choice":"Ignored","damage_taken":0,"max_hp_gain":0,"max_hp_loss":0,"event_name":"Vampires","floor":24,"gold_loss":0},{"damage_healed":0,"gold_gain":0,"player_choice":"Fought Bandits","damage_taken":0,"max_hp_gain":0,"max_hp_loss":0,"event_name":"Masked Bandits","floor":29,"gold_loss":0},{"damage_healed":0,"gold_gain":0,"player_choice":"Embrace Madness","damage_taken":9,"max_hp_gain":0,"max_hp_loss":0,"event_name":"Winding Halls","floor":38,"gold_loss":0,"cards_obtained":["Madness","Madness"]}],"is_beta":false,"boss_relics":[{"not_picked":["Inserter","Pandora\u0027s Box"],"picked":"Black Star"},{"not_picked":["Calling Bell","Fusion Hammer"],"picked":"SlaversCollar"}],"items_purged_floors":[3,12,36],"is_endless":false,"potions_floor_spawned":[1,8,11,28,29,30,33,37],"killed_by":"Writhing Mass","ascension_level":9}}