{"host":"hn9kwncajibu2nw8","time":1607667698,"event":{"mods":["AchievementEnabler","BaseMod","Block Reminder","Colored Powertips","DeckTracker","Highlight Path","KOR Keyword Fix","Minty Spire (QoL Compilation)","Quick Restart","Rare Cards Sparkle"],"gold_per_floor":[110,110,130,144,94,94,122,132,132,54,54,88,88,145,145,241,241,259,269,269,269],"floor_reached":20,"playtime":782,"items_purged":[],"score":271,"play_id":"b11b7e4c-a127-435f-ab4a-dfa89910cb12","local_time":"20201211152138","is_ascension_mode":true,"campfire_choices":[{"data":"Bash","floor":6,"key":"SMITH"},{"data":"Brutality","floor":11,"key":"SMITH"},{"floor":15,"key":"REST"}],"circlet_count":0,"master_deck":["Strike_R","Strike_R","Strike_R","Strike_R","Defend_R","Defend_R","Defend_R","Defend_R","Bash+1","Cleave","Clothesline","Clash","Brutality+1","Sword Boomerang","Combust","Shrug It Off","Combust","Offering"],"relics":["Burning Blood","PreservedInsect","Pen Nib","Eternal Feather","Centennial Puzzle","Sozu"],"acts_visited":["TheCity"],"potions_floor_usage":[12,16],"damage_taken":[{"damage":13,"enemies":"Jaw Worm","floor":1,"turns":7},{"damage":6,"enemies":"Cultist","floor":3,"turns":4},{"damage":3,"enemies":"2 Louse","floor":4,"turns":4},{"damage":24,"enemies":"Gremlin Nob","floor":7,"turns":4},{"damage":4,"enemies":"Large Slime","floor":8,"turns":5},{"damage":17,"enemies":"Lagavulin","floor":12,"turns":3},{"damage":14,"enemies":"Gremlin Nob","floor":14,"turns":3},{"damage":38,"enemies":"Slime Boss","floor":16,"turns":7},{"damage":30,"enemies":"3 Byrds","floor":18,"turns":3},{"damage":23,"enemies":"Spheric Guardian","floor":19,"turns":4},{"damage":15,"enemies":"Centurion and Healer","floor":20,"turns":2}],"seed_played":"2451671735662477710","potions_obtained":[{"floor":3,"key":"PowerPotion"},{"floor":7,"key":"FearPotion"},{"floor":8,"key":"Explosive Potion"},{"floor":14,"key":"ElixirPotion"},{"floor":16,"key":"DistilledChaos"}],"is_trial":false,"path_per_floor":["M","?","M","M","?","R","E","M","T","$","R","E","?","?","R","B",null,"M","M","M"],"character_chosen":"IRONCLAD","items_purchased":["Combust"],"campfire_rested":1,"item_purchase_floors":[10],"current_hp_per_floor":[60,60,60,63,63,63,45,47,47,47,47,36,36,28,65,33,80,56,39,24,24],"gold":269,"neow_bonus":"TWENTY_PERCENT_HP_BONUS","is_daily":false,"chose_seed":false,"campfire_upgraded":2,"win_rate":0.0,"timestamp":1607667698,"path_taken":["M","?","M","?","?","R","E","M","T","$","R","E","?","?","R","BOSS","M","M","M"],"items_purchased_type":["Card"],"build_version":"2020-11-30","purchased_purges":0,"victory":false,"max_hp_per_floor":[96,96,96,96,96,96,96,96,96,96,96,96,96,96,96,96,96,96,96,96,96],"card_choices":[{"not_picked":["Flex","Reckless Charge"],"picked":"Cleave","floor":1},{"not_picked":["Havoc","True Grit"],"picked":"Clothesline","floor":3},{"not_picked":["Havoc","Uppercut"],"picked":"Clash","floor":4},{"not_picked":["Twin Strike","Disarm"],"picked":"Brutality","floor":7},{"not_picked":["Flex","Infernal Blade"],"picked":"Sword Boomerang","floor":8},{"not_picked":["Havoc","Ghostly Armor"],"picked":"Shrug It Off","floor":12},{"not_picked":["Clash","True Grit"],"picked":"Combust","floor":14},{"not_picked":["Brutality","Demon Form"],"picked":"Offering","floor":16},{"not_picked":["Perfected Strike","Cleave","Wild Strike"],"picked":"SKIP","floor":18},{"not_picked":["Perfected Strike","Havoc+1","Sword Boomerang+1"],"picked":"SKIP","floor":19}],"player_experience":449429,"relics_obtained":[{"floor":7,"key":"PreservedInsect"},{"floor":9,"key":"Pen Nib"},{"floor":12,"key":"Eternal Feather"},{"floor":14,"key":"Centennial Puzzle"}],"event_choices":[{"damage_healed":0,"gold_gain":0,"player_choice":"Bought 0 Potions","damage_taken":0,"max_hp_gain":0,"max_hp_loss":0,"event_name":"The Woman in Blue","floor":2,"gold_loss":0},{"cards_removed":["Strike_R"],"damage_healed":0,"gold_gain":0,"player_choice":"Card Removal","damage_taken":0,"max_hp_gain":0,"max_hp_loss":0,"event_name":"The Cleric","floor":5,"gold_loss":50},{"damage_healed":0,"gold_gain":0,"player_choice":"Ignored","damage_taken":0,"max_hp_gain":0,"max_hp_loss":0,"event_name":"Liars Game","floor":13,"gold_loss":0},{"damage_healed":0,"gold_gain":30,"player_choice":"Searched \u00272\u0027 times","damage_taken":0,"max_hp_gain":0,"max_hp_loss":0,"event_name":"Dead Adventurer","floor":14,"gold_loss":0}],"is_beta":false,"boss_relics":[{"not_picked":["Fusion Hammer","SacredBark"],"picked":"Sozu"}],"items_purged_floors":[],"is_endless":false,"potions_floor_spawned":[3,7,8,14,16,18,19],"killed_by":"Centurion and Healer","ascension_level":7}}