{"host":"r5mr2vnv825vb4hc","time":1607698964,"event":{"mods":["Astrologer","BaseMod","Best Route Mod","CapriCore","Ekko","Hermit","Hero for Fun","KOR Keyword Fix","Koishi","Lobotomy","Luminous","Minty Spire (QoL Compilation)","Potion Indicator Mod","Prisma Mod","Quick Restart","Rare Cards Sparkle","Replay The Spire","StSLib","Td1madao Mod","The Bug Knight","The Cursed","The Death Knight","The Dragon Tamer","The Florist","The Gatherer","The Hierophant","The Immortal","The Jungle","The Poker Player","The Runesmith","The Wild Card","TheArtist","TheSwordswoman","Thrall Mod","WarShipGirlsR/??á´Ò³R mod"],"gold_per_floor":[109,109,109,129,129,148,148,160,160,178,192,192,192,212,212,311,361,371,382,382,394,394,394,408,424,424,275,290,307,307,320,320,421,421,437,487,487,35,35,35,35,35,61,61,78,96,111,111,111,111],"floor_reached":51,"playtime":2690,"items_purged":[],"score":768,"play_id":"3f2366fe-2abc-4370-90b4-4d89dc9edb25","local_time":"20201212000244","is_ascension_mode":false,"campfire_choices":[{"data":"TheCursedMod:EmpowerCircles","floor":7,"key":"SMITH"},{"data":"TheCursedMod:CursedSpellbook","floor":15,"key":"SMITH"},{"data":"TheCursedMod:CircleOfWindfury","floor":23,"key":"SMITH"},{"data":"TheCursedMod:CircleOfFlame","floor":30,"key":"SMITH"},{"data":"TheCursedMod:CleanUpWorkshop","floor":32,"key":"SMITH"},{"data":"TheCursedMod:SpitefulStrike","floor":40,"key":"SMITH"},{"data":"TheCursedMod:CursedBoomerang","floor":49,"key":"SMITH"}],"circlet_count":0,"master_deck":["TheCursedMod:CleanUpWorkshop+1","TheCursedMod:CursedBoomerang+1","TheCursedMod:RavingStaff+1","TheCursedMod:SpitefulStrike+1","TheCursedMod:CursedSpellbook+1","TheCursedMod:EmpowerCircles+1","TheCursedMod:CircleOfFocus+1","TheCursedMod:CircleOfWindfury+1","TheCursedMod:CircleOfAbyss+1","TheCursedMod:SurpriseAttack","TheCursedMod:CircleOfBlood+1","TheCursedMod:SurpriseAttack","TheCursedMod:SpitefulStrike+1","TheCursedMod:CircleOfFlame+1","ReplayTheSpireMod:Private Reserves+1"],"relics":["TheCursedMod:DemonicMark","Happy Flower","ReplayTheSpireMod:Ninjato","Tiny House","Mummified Hand","Blue Doll","TheCursedMod:FourLeafCloverCharm","Pocketwatch","Divine Protection","Bag of Marbles","Anchor"],"acts_visited":["Exordium","TheCity","TheBeyond"],"potions_floor_usage":[16,35,50,50,50],"damage_taken":[{"damage":3,"enemies":"Small Slimes","floor":1,"turns":2},{"damage":0,"enemies":"2 Louse","floor":4,"turns":2},{"damage":0,"enemies":"Jaw Worm","floor":6,"turns":2},{"damage":0,"enemies":"Red Slaver","floor":8,"turns":2},{"damage":0,"enemies":"3 Louse","floor":10,"turns":2},{"damage":0,"enemies":"Looter","floor":11,"turns":1},{"damage":0,"enemies":"Exordium Thugs","floor":14,"turns":1},{"damage":71,"enemies":"Fading Forest","floor":16,"turns":11},{"damage":0,"enemies":"Spheric Guardian","floor":18,"turns":1},{"damage":0,"enemies":"Chosen","floor":19,"turns":1},{"damage":0,"enemies":"Centurion and Healer","floor":21,"turns":2},{"damage":0,"enemies":"Shelled Parasite and Fungi","floor":24,"turns":2},{"damage":0,"enemies":"Sentry and Sphere","floor":25,"turns":1},{"damage":2,"enemies":"Snake Plant","floor":28,"turns":1},{"damage":0,"enemies":"3 Cultists","floor":29,"turns":2},{"damage":0,"enemies":"Snecko","floor":31,"turns":1},{"damage":0,"enemies":"Automaton","floor":33,"turns":1},{"damage":0,"enemies":"3 Darklings","floor":35,"turns":2},{"damage":6,"enemies":"Mind Bloom Boss Battle","floor":36,"turns":3},{"damage":0,"enemies":"Orb Walker","floor":45,"turns":1},{"damage":0,"enemies":"4 Shapes","floor":46,"turns":1},{"damage":0,"enemies":"Writhing Mass","floor":47,"turns":1},{"damage":0,"enemies":"Donu and Deca","floor":50,"turns":3}],"seed_played":"-6550481291254965191","potions_obtained":[{"floor":4,"key":"DeathKnight:RimePotion"},{"floor":6,"key":"Dexterity Potion"},{"floor":8,"key":"LiquidBronze"},{"floor":14,"key":"Energy Potion"},{"floor":17,"key":"SneckoExtractPotion"},{"floor":21,"key":"SkillPotion"},{"floor":31,"key":"Venom Potion"},{"floor":33,"key":"Strength Potion"},{"floor":35,"key":"Fruit Juice"},{"floor":46,"key":"LiquidMemories"}],"is_trial":false,"path_per_floor":["M","?","?","M","$","M","R","M","T","M","M","?","?","M","R","B",null,"M","M","?","M","?","R","M","M","T","$","M","M","R","M","R","B",null,"M","?","?","$","?","R","$","?","T","$","M","M","M","?","R","B",null],"character_chosen":"THE_CURSED","items_purchased":["Blue Doll","ReplayTheSpireMod:Private Reserves+1","Divine Protection","Bag of Marbles"],"campfire_rested":0,"item_purchase_floors":[27,38,38,38],"current_hp_per_floor":[72,65,65,65,65,65,65,65,65,65,65,65,65,65,65,4,80,80,80,80,80,80,80,80,80,80,80,80,80,80,80,80,80,80,85,79,79,79,79,79,79,81,81,81,81,81,81,81,81,81],"gold":111,"neow_bonus":"RANDOM_COMMON_RELIC","is_daily":false,"chose_seed":false,"campfire_upgraded":7,"win_rate":0.0,"timestamp":1607698964,"path_taken":["M","?","?","M","?","M","R","?","T","M","M","?","?","M","R","BOSS","M","?","?","M","?","R","?","M","T","?","M","M","R","M","R","BOSS","M","?","?","$","?","R","$","?","T","$","M","M","?","?","R","BOSS"],"items_purchased_type":["Relic","Undefined","Relic","Relic"],"build_version":"2020-11-30","purchased_purges":0,"victory":true,"max_hp_per_floor":[75,75,75,75,75,75,75,75,75,75,75,75,75,75,75,75,80,80,80,80,80,80,80,80,80,80,80,80,80,80,80,80,80,80,85,85,85,85,81,81,81,81,81,81,81,81,81,81,81,81],"card_choices":[{"not_picked":["TheCursedMod:Torture","TheCursedMod:CursedShiv"],"picked":"TheCursedMod:TroublousMinions","floor":1},{"not_picked":["TheCursedMod:WearCloak","TheCursedMod:PrepareRite","TheCursedMod:Stigma"],"picked":"SKIP","floor":4},{"not_picked":["TheCursedMod:Stigma","TheCursedMod:SurpriseAttack","TheCursedMod:VitalStrike"],"picked":"SKIP","floor":6},{"not_picked":["TheCursedMod:CircleOfAmplification","TheCursedMod:TacticalStrike","TheCursedMod:Obscuration"],"picked":"SKIP","floor":8},{"not_picked":["TheCursedMod:FleshFromBone","TheCursedMod:CursedBlade"],"picked":"TheCursedMod:SurpriseAttack","floor":10},{"not_picked":["TheCursedMod:FleshFromBone","TheCursedMod:CursedShiv","TheCursedMod:ManaBullet"],"picked":"SKIP","floor":11},{"not_picked":["TheCursedMod:WearCloak","TheCursedMod:Evocation","TheCursedMod:CursedMace"],"picked":"SKIP","floor":14},{"not_picked":["TheCursedMod:RapidMovement+1","TheCursedMod:CursedBlade"],"picked":"TheCursedMod:CircleOfBlood+1","floor":18},{"not_picked":["TheCursedMod:LuckyCharm","TheCursedMod:VitalStrike"],"picked":"TheCursedMod:SurpriseAttack","floor":19},{"not_picked":["TheCursedMod:WearCloak+1","TheCursedMod:CircleOfAmplification"],"picked":"TheCursedMod:SpitefulStrike+1","floor":21},{"not_picked":["TheCursedMod:RavingStaff","TheCursedMod:FleshFromBone","TheCursedMod:CursedAmulet"],"picked":"SKIP","floor":24},{"not_picked":["TheCursedMod:CursedBlade","TheCursedMod:Stretching+1"],"picked":"TheCursedMod:CircleOfFlame","floor":25},{"not_picked":["TheCursedMod:SpitefulStrike","TheCursedMod:TacticalStrike+1","TheCursedMod:AshesToAshes"],"picked":"SKIP","floor":28},{"not_picked":["TheCursedMod:WearCloak","TheCursedMod:Torture+1","TheCursedMod:ReleasedStrength"],"picked":"SKIP","floor":29},{"not_picked":["TheCursedMod:SoulReap","TheCursedMod:RavingStaff","TheCursedMod:CircleOfFlame"],"picked":"SKIP","floor":31},{"not_picked":["TheCursedMod:FleshFromBone","TheCursedMod:SoulReap","TheCursedMod:CursedAmulet"],"picked":"SKIP","floor":35},{"not_picked":["TheCursedMod:VitalStrike+1","TheCursedMod:CursedShiv+1","TheCursedMod:RapidMovement"],"picked":"SKIP","floor":45},{"not_picked":["TheCursedMod:DemonSword","TheCursedMod:FuryStrike","TheCursedMod:LuckyCharm"],"picked":"SKIP","floor":46},{"not_picked":["TheCursedMod:Wield+1","TheCursedMod:WearCloak+1","TheCursedMod:TacticalStrike+1"],"picked":"SKIP","floor":47}],"player_experience":26038,"relics_obtained":[{"floor":9,"key":"ReplayTheSpireMod:Ninjato"},{"floor":26,"key":"Mummified Hand"},{"floor":36,"key":"Pocketwatch"},{"floor":43,"key":"Anchor"}],"event_choices":[{"damage_healed":0,"gold_gain":0,"player_choice":"Grow","damage_taken":0,"max_hp_gain":0,"max_hp_loss":0,"event_name":"Living Wall","floor":3,"gold_loss":0,"cards_upgraded":["TheCursedMod:CircleOfFocus"]},{"damage_healed":0,"gold_gain":0,"player_choice":"Upgraded","damage_taken":0,"max_hp_gain":0,"max_hp_loss":0,"event_name":"Upgrade Shrine","floor":13,"gold_loss":0,"cards_upgraded":["TheCursedMod:CircleOfAbyss"]},{"damage_healed":0,"gold_gain":0,"player_choice":"Fight","damage_taken":0,"max_hp_gain":0,"max_hp_loss":0,"event_name":"MindBloom","floor":36,"gold_loss":0},{"damage_healed":0,"gold_gain":0,"player_choice":"Max HP","damage_taken":0,"max_hp_gain":0,"max_hp_loss":4,"event_name":"Winding Halls","floor":39,"gold_loss":0},{"cards_removed":["TheCursedMod:DoubleShield"],"damage_healed":2,"gold_gain":0,"player_choice":"Offered Uncommon","damage_taken":0,"max_hp_gain":0,"max_hp_loss":0,"event_name":"Bonfire Elementals","floor":42,"gold_loss":0}],"is_beta":false,"boss_relics":[{"not_picked":["Astrolabe","Kintsugi"],"picked":"Tiny House"},{"not_picked":["Cursed Key","Replay:Ancient Bell"],"picked":"TheCursedMod:FourLeafCloverCharm"}],"items_purged_floors":[],"is_endless":false,"potions_floor_spawned":[4,6,8,14,18,21,31,33,35,46],"ascension_level":0}}