{"host":"11k7wo0zmp5ji9sn","time":1607662073,"event":{"mods":["2.2 Compatiblity","AchievementEnabler","BaseMod","Colored Map","Hermit","Highlight Path","Minty Spire (QoL Compilation)","Permanent Neow","StSLib"],"gold_per_floor":[113,113,133,147,159,184,200,200,200,200,13,13,41,54,54,151,151,163,163,163,90,90,90,118,118,142,142,152,166,52,84,84,180,180,191,208,59,59,109,109,157,157,157,183,35,48,102,134,146,158],"floor_reached":51,"playtime":1956,"items_purged":["Doubt"],"score":816,"play_id":"b953ee3e-0b94-466a-b162-37b43bbc50a0","local_time":"20201211114753","is_ascension_mode":true,"campfire_choices":[{"data":"hermit:Maintenance","floor":8.0,"key":"SMITH"},{"data":"hermit:HighCaliber","floor":10.0,"key":"SMITH"},{"floor":15.0,"key":"REST"},{"data":"Apotheosis","floor":23.0,"key":"SMITH"},{"data":"hermit:CursedWeapon","floor":25.0,"key":"SMITH"},{"floor":32,"key":"REST"},{"data":"hermit:WideOpen","floor":40,"key":"SMITH"},{"floor":42,"key":"REST"},{"floor":49,"key":"REST"}],"circlet_count":0,"master_deck":["hermit:Strike_Hermit+1","hermit:Strike_Hermit+1","hermit:Defend_Hermit+1","hermit:Defend_Hermit+1","hermit:Defend_Hermit+1","hermit:Defend_Hermit+1","hermit:Snapshot+1","hermit:Covet+1","hermit:GoldenBullet","hermit:TrackingShot","hermit:CursedWeapon+1","hermit:Maintenance+1","hermit:Ricochet","hermit:Manifest","hermit:HighCaliber+1","Apotheosis+1","hermit:BodyArmor+1","hermit:HighNoon","hermit:EyeOfTheStorm","hermit:FullyLoaded+1","hermit:Enervate","hermit:FlashPowder","hermit:BlackWind","hermit:WideOpen+1","hermit:Headshot+1","hermit:BodyArmor+1","hermit:Maintenance"],"relics":["hermit:Momento","Bronze Scales","Boot","War Paint","Cursed Key","MutagenicStrength","Lantern","Ornamental Fan","Nilry\u0027s Codex","Regal Pillow","Empty Cage","Omamori","CaptainsWheel","Torii","White Beast Statue","Orichalcum","Anchor","MawBank"],"acts_visited":["Exordium","TheCity","TheBeyond"],"potions_floor_usage":[33,36,39,50],"damage_taken":[{"damage":2.0,"enemies":"Small Slimes","floor":1.0,"turns":4.0},{"damage":5.0,"enemies":"Cultist","floor":3.0,"turns":5.0},{"damage":9.0,"enemies":"Jaw Worm","floor":4.0,"turns":3.0},{"damage":2.0,"enemies":"Large Slime","floor":5.0,"turns":3.0},{"damage":14.0,"enemies":"Lagavulin","floor":6.0,"turns":5.0},{"damage":2.0,"enemies":"3 Louse","floor":7.0,"turns":2.0},{"damage":17.0,"enemies":"3 Sentries","floor":13.0,"turns":5.0},{"damage":2.0,"enemies":"Exordium Wildlife","floor":14.0,"turns":3.0},{"damage":11.0,"enemies":"Slime Boss","floor":16.0,"turns":11.0},{"damage":2.0,"enemies":"Chosen","floor":18.0,"turns":2.0},{"damage":7.0,"enemies":"Slavers","floor":24.0,"turns":4.0},{"damage":2.0,"enemies":"Spheric Guardian","floor":28.0,"turns":3.0},{"damage":2,"enemies":"Chosen and Byrds","floor":29,"turns":4},{"damage":2,"enemies":"Book of Stabbing","floor":31,"turns":3},{"damage":64,"enemies":"Champ","floor":33,"turns":12},{"damage":8,"enemies":"Orb Walker","floor":35,"turns":4},{"damage":10,"enemies":"3 Darklings","floor":36,"turns":4},{"damage":9,"enemies":"Mind Bloom Boss Battle","floor":39,"turns":6},{"damage":29,"enemies":"2 Orb Walkers","floor":41,"turns":4},{"damage":25,"enemies":"Nemesis","floor":44,"turns":5},{"damage":2,"enemies":"Sphere and 2 Shapes","floor":46,"turns":3},{"damage":12,"enemies":"Maw","floor":48,"turns":7},{"damage":40,"enemies":"Awakened One","floor":50,"turns":20}],"seed_played":"6847866595388736192","potions_obtained":[{"floor":7.0,"key":"SpeedPotion"},{"floor":13.0,"key":"DuplicationPotion"},{"floor":16.0,"key":"hermit:Tonic"},{"floor":29,"key":"SkillPotion"},{"floor":36,"key":"DuplicationPotion"},{"floor":44,"key":"Explosive Potion"},{"floor":46,"key":"Weak Potion"}],"is_trial":false,"path_per_floor":["M","?","M","M","M","E","M","R","T","R","$","?","E","M","R","B",null,"M","?","?","$","T","R","E","R","T","?","M","M","$","E","R","B",null,"M","M","$","?","?","R","?","R","T","E","$","M","T","M","R","B",null],"character_chosen":"HERMIT","items_purchased":["Apotheosis","hermit:EyeOfTheStorm","hermit:Enervate","Omamori","Anchor"],"campfire_rested":4,"item_purchase_floors":[11,21,30,37,45],"current_hp_per_floor":[73,73,68,59,57,43,41,41,41,41,41,34,17,15,37,26,75,73,73,73,73,73,73,66,66,66,50,48,46,46,44,75,11,75,67,57,57,57,48,48,19,56,56,31,31,29,29,17,54,14],"gold":170,"neow_bonus":"TRANSFORM_CARD","is_daily":false,"chose_seed":false,"campfire_upgraded":5,"win_rate":0.0,"timestamp":1607662073,"path_taken":["M","?","M","M","?","E","M","R","T","R","$","?","E","M","R","BOSS","M","?","?","$","?","R","E","R","T","?","M","M","$","E","R","BOSS","M","M","$","?","?","R","?","R","T","E","?","?","?","M","R","BOSS"],"items_purchased_type":["Card","Card","Card","Relic","Relic"],"build_version":"2020-11-30","purchased_purges":1,"victory":true,"max_hp_per_floor":[75,75,75,75,75,75,75,75,75,75,75,75,75,75,75,75,75,75,75,75,75,75,75,75,75,75,75,75,75,75,75,75,75,75,75,75,75,75,75,75,75,75,75,75,75,75,75,75,75,75],"card_choices":[{"not_picked":["hermit:HighCaliber","hermit:HoleUp"],"picked":"hermit:TrackingShot","floor":1.0},{"not_picked":["hermit:LoneWolf","hermit:Determination"],"picked":"hermit:CursedWeapon","floor":3.0},{"not_picked":["hermit:CalledShot","hermit:TrackingShot"],"picked":"hermit:Maintenance","floor":4.0},{"not_picked":["hermit:Maintenance","hermit:Glare"],"picked":"hermit:Ricochet","floor":5.0},{"not_picked":["hermit:WideOpen","hermit:Snipe"],"picked":"hermit:Manifest","floor":6.0},{"not_picked":["hermit:TakeAim","hermit:Manifest"],"picked":"hermit:HighCaliber","floor":7.0},{"not_picked":["hermit:DeadMansHand","hermit:CalledShot"],"picked":"hermit:BodyArmor","floor":13.0},{"not_picked":["hermit:Feint","hermit:LoneWolf","hermit:Quickdraw"],"picked":"SKIP","floor":14.0},{"not_picked":["hermit:Feint","hermit:LoneWolf","hermit:Quickdraw"],"picked":"SKIP","floor":14.0},{"not_picked":["hermit:DeadOrAlive","hermit:OverwhelmingPower"],"picked":"hermit:HighNoon","floor":16.0},{"not_picked":["hermit:SprayPray","hermit:LowProfile+1"],"picked":"hermit:Grudge","floor":18.0},{"not_picked":["hermit:Coalescence","hermit:Brawl","hermit:SprayPray"],"picked":"SKIP","floor":24.0},{"not_picked":["hermit:Desperado+1","hermit:TrackingShot"],"picked":"hermit:FullyLoaded+1","floor":28.0},{"not_picked":["hermit:Headshot","hermit:Vantage","hermit:GhostlyPresence"],"picked":"SKIP","floor":29},{"not_picked":["hermit:ItchyTrigger","hermit:Enervate"],"picked":"hermit:FlashPowder","floor":31},{"not_picked":["hermit:EternalForm","hermit:FinalCanter"],"picked":"hermit:BlackWind","floor":33},{"not_picked":["hermit:Snipe","hermit:LowProfile"],"picked":"hermit:WideOpen","floor":35},{"not_picked":["hermit:FinalCanter","hermit:Desperado"],"picked":"hermit:Headshot+1","floor":36},{"not_picked":["hermit:Dive+1","hermit:TrackingShot"],"picked":"hermit:BodyArmor+1","floor":39},{"not_picked":["hermit:Shortfuse","hermit:Grudge","hermit:Enervate"],"picked":"SKIP","floor":44},{"not_picked":["hermit:CursedWeapon+1","hermit:Dive"],"picked":"hermit:Maintenance","floor":46},{"not_picked":["hermit:Brawl","hermit:Manifest+1","hermit:TakeAim+1"],"picked":"SKIP","floor":48}],"player_experience":592074,"relics_obtained":[{"floor":6.0,"key":"Bronze Scales"},{"floor":9.0,"key":"Boot"},{"floor":13.0,"key":"War Paint"},{"floor":22.0,"key":"Lantern"},{"floor":24.0,"key":"Ornamental Fan"},{"floor":27.0,"key":"Nilry\u0027s Codex"},{"floor":31,"key":"Regal Pillow"},{"floor":39,"key":"CaptainsWheel"},{"floor":41,"key":"Torii"},{"floor":43,"key":"White Beast Statue"},{"floor":44,"key":"Orichalcum"},{"floor":47,"key":"MawBank"}],"event_choices":[{"damage_healed":0.0,"max_hp_gain":0.0,"max_hp_loss":0.0,"gold_gain":0.0,"event_name":"Upgrade Shrine","player_choice":"Upgraded","floor":2.0,"gold_loss":0.0,"damage_taken":0.0,"cards_upgraded":["hermit:Snapshot"]},{"cards_removed":["hermit:Strike_Hermit"],"damage_healed":0.0,"max_hp_gain":0.0,"max_hp_loss":0.0,"gold_gain":0.0,"event_name":"Golden Wing","player_choice":"Card Removal","floor":12.0,"gold_loss":0.0,"damage_taken":7.0},{"damage_healed":0.0,"max_hp_gain":0.0,"max_hp_loss":0.0,"gold_gain":0.0,"event_name":"Drug Dealer","player_choice":"Inject Mutagens","floor":19.0,"gold_loss":0.0,"damage_taken":0.0,"relics_obtained":["MutagenicStrength"]},{"damage_healed":0.0,"max_hp_gain":0.0,"max_hp_loss":0.0,"gold_gain":0.0,"event_name":"Back to Basics","player_choice":"Simplicity","floor":20.0,"gold_loss":0.0,"damage_taken":0.0,"cards_upgraded":["hermit:Strike_Hermit","hermit:Strike_Hermit","hermit:Defend_Hermit","hermit:Defend_Hermit","hermit:Defend_Hermit","hermit:Defend_Hermit"]},{"damage_healed":0.0,"max_hp_gain":0.0,"max_hp_loss":0.0,"gold_gain":0.0,"event_name":"Cursed Tome","player_choice":"Obtained Book","floor":27.0,"gold_loss":0.0,"damage_taken":16.0},{"damage_healed":0,"gold_gain":0,"player_choice":"Memory 1","damage_taken":0,"max_hp_gain":0,"max_hp_loss":0,"event_name":"SensoryStone","floor":38,"gold_loss":0},{"damage_healed":0,"gold_gain":0,"player_choice":"Fight","damage_taken":0,"max_hp_gain":0,"max_hp_loss":0,"event_name":"MindBloom","floor":39,"gold_loss":0},{"damage_healed":0,"gold_gain":0,"player_choice":"Fight","damage_taken":0,"max_hp_gain":0,"max_hp_loss":0,"event_name":"Mysterious Sphere","floor":41,"gold_loss":0}],"is_beta":false,"boss_relics":[{"not_picked":["hermit:BartenderGlass","SlaversCollar"],"picked":"Cursed Key"},{"not_picked":["Snecko Eye","Black Star"],"picked":"Empty Cage"}],"items_purged_floors":[30],"is_endless":false,"potions_floor_spawned":[7,13,16,29,31,36,44,46,48],"ascension_level":2}}