{"host":"cjhtzh7tp54jdfyv","time":1607716155,"event":{"mods":["BaseMod","Minty Spire (QoL Compilation)"],"gold_per_floor":[115,128,128,142,142,174,192,227,227,227,227,227,240,45,45,122,122,138,138,138,38,55,69,98,114,114,144,158,58,58,93,93,168,168,180,196,207,10,29,62,74,74,74],"floor_reached":42,"playtime":3833,"items_purged":["Strike_B","Strike_B"],"score":1050,"play_id":"6e14e486-a805-44f1-97e6-6f80c661e3c5","local_time":"20201211144915","is_ascension_mode":true,"campfire_choices":[{"data":"Blizzard","floor":15.0,"key":"SMITH"},{"data":"Hologram","floor":30.0,"key":"SMITH"},{"data":"Loop","floor":32.0,"key":"SMITH"}],"circlet_count":0,"master_deck":["AscendersBane","Defend_B","Defend_B","Defend_B","Defend_B","Zap","Dualcast","Compile Driver","Cold Snap","Coolheaded","Sunder","Cold Snap","Blizzard+1","Self Repair","Electrodynamics","Ball Lightning","Loop+1","Recycle","Consume","Biased Cognition","Recycle","Sunder","Hologram+1","Undo","Biased Cognition","Go for the Eyes+1","Genetic Algorithm","Defragment","Coolheaded"],"relics":["Coffee Dripper","Incense Burner","MealTicket","Matryoshka","Pen Nib","Letter Opener","Snecko Eye","Orichalcum","StrikeDummy","Sundial","Tiny Chest","Darkstone Periapt","Inserter","Lee\u0027s Waffle","Art of War"],"acts_visited":["Exordium","TheCity","TheBeyond"],"potions_floor_usage":[39,40],"damage_taken":[{"damage":2.0,"enemies":"Cultist","floor":1.0,"turns":4.0},{"damage":9.0,"enemies":"Jaw Worm","floor":2.0,"turns":4.0},{"damage":7.0,"enemies":"2 Louse","floor":4.0,"turns":2.0},{"damage":20.0,"enemies":"Lagavulin","floor":6.0,"turns":6.0},{"damage":0.0,"enemies":"Large Slime","floor":7.0,"turns":9.0},{"damage":22.0,"enemies":"3 Sentries","floor":8.0,"turns":8.0},{"damage":7.0,"enemies":"Red Slaver","floor":13.0,"turns":4.0},{"damage":11.0,"enemies":"Hexaghost","floor":16.0,"turns":10.0},{"damage":17.0,"enemies":"Shell Parasite","floor":18.0,"turns":4.0},{"damage":3.0,"enemies":"2 Thieves","floor":22.0,"turns":3.0},{"damage":30.0,"enemies":"Snake Plant","floor":23.0,"turns":3.0},{"damage":19.0,"enemies":"Gremlin Leader","floor":24.0,"turns":6.0},{"damage":8.0,"enemies":"Snecko","floor":25.0,"turns":4.0},{"damage":4.0,"enemies":"Book of Stabbing","floor":27.0,"turns":4.0},{"damage":16.0,"enemies":"Centurion and Healer","floor":28.0,"turns":3.0},{"damage":27.0,"enemies":"Slavers","floor":31.0,"turns":8.0},{"damage":12.0,"enemies":"Automaton","floor":33.0,"turns":11.0},{"damage":0,"enemies":"Orb Walker","floor":35,"turns":3},{"damage":16,"enemies":"3 Shapes","floor":36,"turns":5},{"damage":21,"enemies":"Spire Growth","floor":37,"turns":5},{"damage":28,"enemies":"3 Darklings","floor":39,"turns":3},{"damage":0,"enemies":"Giant Head","floor":40,"turns":12},{"damage":21,"enemies":"Writhing Mass","floor":41,"turns":7},{"damage":50,"enemies":"Reptomancer","floor":42,"turns":3}],"seed_played":"-3467216908778484367","potions_obtained":[{"floor":1.0,"key":"ColorlessPotion"},{"floor":2.0,"key":"LiquidMemories"},{"floor":6.0,"key":"LiquidBronze"},{"floor":7.0,"key":"ColorlessPotion"},{"floor":24.0,"key":"LiquidBronze"},{"floor":25.0,"key":"Fruit Juice"},{"floor":31.0,"key":"Weak Potion"},{"floor":33.0,"key":"SpeedPotion"},{"floor":36,"key":"DistilledChaos"}],"is_trial":false,"path_per_floor":["M","M","?","M","$","E","M","E","T","T","?","?","M","$","R","B",null,"M","T","?","$","M","M","E","M","T","E","M","$","R","E","R","B",null,"M","M","M","$","M","E","M","E"],"character_chosen":"DEFECT","items_purchased":["Blizzard","Self Repair","Loop","Fire Potion","Defragment","Lee\u0027s Waffle"],"campfire_rested":0,"item_purchase_floors":[14,14,21,21,38,38],"current_hp_per_floor":[62,53,71,64,64,44,44,22,22,22,15,15,8,23,23,19,58,48,48,71,71,68,45,33,32,32,35,26,41,41,21,21,21,62,62,53,39,83,55,62,48,0,0],"gold":74,"neow_bonus":"BOSS_RELIC","is_daily":false,"chose_seed":false,"campfire_upgraded":3,"win_rate":0.0,"timestamp":1607716155,"path_taken":["M","M","?","M","$","E","M","E","T","?","?","?","M","$","R","BOSS","M","?","?","$","?","?","E","M","T","E","M","$","R","E","R","BOSS","M","M","M","$","M","E","?","E"],"items_purchased_type":["Card","Card","Card","Potion","Card","Relic"],"build_version":"2020-11-30","purchased_purges":2,"victory":false,"max_hp_per_floor":[71,71,71,71,71,71,71,71,71,71,71,71,71,71,71,71,71,71,71,71,71,71,71,71,71,71,71,71,71,71,71,71,76,76,76,76,76,83,83,83,83,83,83],"card_choices":[{"not_picked":["Barrage","Hologram"],"picked":"Compile Driver","floor":1.0},{"not_picked":["Conserve Battery","Gash","Turbo"],"picked":"SKIP","floor":2.0},{"not_picked":["Compile Driver","Rebound","Go for the Eyes"],"picked":"SKIP","floor":4.0},{"not_picked":["Fission","Steam Power"],"picked":"Cold Snap","floor":6.0},{"not_picked":["Skim","Melter"],"picked":"Coolheaded","floor":7.0},{"not_picked":["Sweeping Beam","Coolheaded"],"picked":"Sunder","floor":8.0},{"not_picked":["Conserve Battery","Stack"],"picked":"Cold Snap","floor":13.0},{"not_picked":["Creative AI","Hyperbeam"],"picked":"Electrodynamics","floor":16.0},{"not_picked":["Gash","Heatsinks"],"picked":"Ball Lightning","floor":18.0},{"not_picked":["Cold Snap","Sweeping Beam"],"picked":"Recycle","floor":22.0},{"not_picked":["Rip and Tear","Turbo"],"picked":"Consume","floor":23.0},{"not_picked":["Coolheaded","Reinforced Body"],"picked":"Biased Cognition","floor":24.0},{"not_picked":["Gash","Aggregate"],"picked":"Recycle","floor":25.0},{"not_picked":["Gash+1","Storm"],"picked":"Sunder","floor":27.0},{"not_picked":["Cold Snap","Force Field+1"],"picked":"Hologram","floor":28.0},{"not_picked":["Reprogram","FTL"],"picked":"Undo","floor":31.0},{"not_picked":["Creative AI","Multi-Cast"],"picked":"Biased Cognition","floor":33.0},{"not_picked":["Barrage","Static Discharge","Rebound"],"picked":"SKIP","floor":35},{"not_picked":["Sunder","Cold Snap"],"picked":"Go for the Eyes+1","floor":36},{"not_picked":["Rebound","Aggregate"],"picked":"Genetic Algorithm","floor":37},{"not_picked":["Doom and Gloom","Blizzard","Compile Driver"],"picked":"SKIP","floor":39},{"not_picked":["Doom and Gloom","Blizzard","Compile Driver"],"picked":"SKIP","floor":39},{"not_picked":["Go for the Eyes","Leap"],"picked":"Coolheaded","floor":40},{"not_picked":["Sweeping Beam","Rebound+1","Ball Lightning"],"picked":"SKIP","floor":41}],"player_experience":4132406,"relics_obtained":[{"floor":6.0,"key":"Incense Burner"},{"floor":8.0,"key":"MealTicket"},{"floor":9.0,"key":"Matryoshka"},{"floor":10.0,"key":"Pen Nib"},{"floor":10.0,"key":"Letter Opener"},{"floor":19.0,"key":"Orichalcum"},{"floor":24.0,"key":"StrikeDummy"},{"floor":26.0,"key":"Sundial"},{"floor":27.0,"key":"Tiny Chest"},{"floor":31.0,"key":"Darkstone Periapt"},{"floor":40,"key":"Art of War"}],"event_choices":[{"damage_healed":23.0,"max_hp_gain":0.0,"max_hp_loss":0.0,"gold_gain":0.0,"event_name":"Big Fish","player_choice":"Banana","floor":3.0,"gold_loss":0.0,"damage_taken":0.0},{"cards_removed":["Strike_B"],"damage_healed":0.0,"max_hp_gain":0.0,"max_hp_loss":0.0,"gold_gain":0.0,"event_name":"Golden Wing","player_choice":"Card Removal","floor":11.0,"gold_loss":0.0,"damage_taken":7.0},{"cards_removed":["Strike_B"],"damage_healed":0.0,"max_hp_gain":0.0,"max_hp_loss":0.0,"gold_gain":0.0,"event_name":"Bonfire Elementals","player_choice":"Offered Basic","floor":12.0,"gold_loss":0.0,"damage_taken":0.0},{"damage_healed":23.0,"max_hp_gain":0.0,"max_hp_loss":0.0,"gold_gain":0.0,"event_name":"Wheel of Change","player_choice":"Full Heal","floor":20.0,"gold_loss":0.0,"damage_taken":0.0}],"is_beta":false,"boss_relics":[{"not_picked":["SlaversCollar","Calling Bell"],"picked":"Snecko Eye"},{"not_picked":["Tiny House","Cursed Key"],"picked":"Inserter"}],"items_purged_floors":[14,29],"is_endless":false,"potions_floor_spawned":[1,2,6,7,24,25,31,33,36,37],"killed_by":"Reptomancer","ascension_level":20}}