{"host":"5gc11emcm5chfr5t","time":1607730948,"event":{"mods":["2.2 Compatiblity","AchievementEnabler","BaseMod","Bestiary","Better Note","Colored Map","Colored Powertips","Googly Eyes","Minty Spire (QoL Compilation)","Rare Cards Sparkle","StSLib"],"gold_per_floor":[113,129,149,149,165,191,191,203,230,241,256,281,344,359,359,463,463,481,481,493,506,8,35,135,145,145,145,145,145,163,194,194,291,291,301,320,6,17,0,0,0,10,57,57,71,125,21,46,46,46,46,46,20,51,51,51],"floor_reached":55,"playtime":1959,"items_purged":["Clumsy"],"score":776,"play_id":"a8fb9f42-3b13-42a3-a0ee-9665cf7a411a","local_time":"20201211185548","is_ascension_mode":false,"campfire_choices":[{"floor":7,"key":"RECALL"},{"floor":15,"key":"REST"},{"floor":27,"key":"REST"},{"data":"Heavy Blade","floor":29,"key":"SMITH"},{"floor":32,"key":"REST"},{"data":"Corruption","floor":40,"key":"SMITH"},{"data":"Armaments","floor":44,"key":"SMITH"},{"floor":49,"key":"REST"},{"data":"Inflame","floor":52,"key":"SMITH"}],"circlet_count":0,"master_deck":["Strike_R","Strike_R","Strike_R","Strike_R","Strike_R","Defend_R","Defend_R","Defend_R","Defend_R","Bash","Corruption+1","Rage","Rupture","Thunderclap","Cleave","Armaments+1","Perfected Strike","Pommel Strike","Twin Strike","Limit Break+1","Hemokinesis","Pommel Strike","Impervious","Wild Strike","Bludgeon","Pommel Strike+1","Pommel Strike","Inflame+1","Pommel Strike","Pommel Strike","Heavy Blade+1","Perfected Strike","Offering","Pain","Pommel Strike","Twin Strike","Demon Form+1","Spot Weakness+1","Pommel Strike+1","Double Tap"],"relics":["Burning Blood","FaceOfCleric","Prayer Wheel","Blood Vial","Oddly Smooth Stone","Anchor","Velvet Choker","Ginger","Strange Spoon","Red Skull","Bag of Preparation","SlaversCollar","Membership Card","Frozen Egg 2","Red Mask","WarpedTongs","Regal Pillow","Charon\u0027s Ashes","ClockworkSouvenir","FossilizedHelix","StrikeDummy"],"acts_visited":["Exordium","TheCity","TheBeyond","TheEnding"],"potions_floor_usage":[6,6,6,12,20,23,33,36,42,48,55],"damage_taken":[{"damage":6,"enemies":"Cultist","floor":1,"turns":3},{"damage":11,"enemies":"Jaw Worm","floor":2,"turns":3},{"damage":0,"enemies":"2 Louse","floor":3,"turns":3},{"damage":6,"enemies":"Looter","floor":5,"turns":5},{"damage":25,"enemies":"Gremlin Nob","floor":6,"turns":4},{"damage":7,"enemies":"2 Fungi Beasts","floor":8,"turns":3},{"damage":6,"enemies":"Exordium Wildlife","floor":10,"turns":2},{"damage":7,"enemies":"Red Slaver","floor":11,"turns":2},{"damage":5,"enemies":"Lagavulin","floor":12,"turns":7},{"damage":24,"enemies":"Gremlin Nob","floor":13,"turns":5},{"damage":2,"enemies":"Large Slime","floor":14,"turns":5},{"damage":78,"enemies":"The Guardian","floor":16,"turns":12},{"damage":20,"enemies":"Chosen","floor":18,"turns":5},{"damage":12,"enemies":"Shell Parasite","floor":20,"turns":5},{"damage":16,"enemies":"Cultist and Chosen","floor":21,"turns":5},{"damage":25,"enemies":"Slavers","floor":23,"turns":5},{"damage":14,"enemies":"Centurion and Healer","floor":25,"turns":4},{"damage":11,"enemies":"Snecko","floor":30,"turns":3},{"damage":16,"enemies":"Book of Stabbing","floor":31,"turns":4},{"damage":18,"enemies":"Collector","floor":33,"turns":6},{"damage":14,"enemies":"3 Shapes","floor":35,"turns":4},{"damage":8,"enemies":"Orb Walker","floor":36,"turns":2},{"damage":24,"enemies":"Spire Growth","floor":38,"turns":4},{"damage":22,"enemies":"Maw","floor":42,"turns":5},{"damage":41,"enemies":"Transient","floor":45,"turns":5},{"damage":9,"enemies":"2 Orb Walkers","floor":46,"turns":3},{"damage":47,"enemies":"Giant Head","floor":48,"turns":7},{"damage":43,"enemies":"Time Eater","floor":50,"turns":6},{"damage":82,"enemies":"Shield and Spear","floor":54,"turns":5},{"damage":57,"enemies":"The Heart","floor":55,"turns":3}],"seed_played":"8521507497733188358","potions_obtained":[{"floor":1,"key":"Weak Potion"},{"floor":3,"key":"CultistPotion"},{"floor":5,"key":"AttackPotion"},{"floor":10,"key":"PowerPotion"},{"floor":16,"key":"SpeedPotion"},{"floor":18,"key":"GamblersBrew"},{"floor":30,"key":"Strength Potion"},{"floor":33,"key":"BlessingOfTheForge"},{"floor":35,"key":"BlessingOfTheForge"}],"is_trial":false,"path_per_floor":["M","M","M","?","M","E","R","M","T","M","M","E","?","M","R","B",null,"M","?","M","M","$","E","?","M","T","R","?","R","M","E","R","B",null,"M","M","$","M","?","R","?","M","T","R","M","?","$","E","R","B",null,"R","$","E","B"],"character_chosen":"IRONCLAD","items_purchased":["Ginger","Strange Spoon","Pommel Strike","Membership Card","Frozen Egg 2","ClockworkSouvenir","BloodPotion","Strength Potion"],"campfire_rested":4,"item_purchase_floors":[22,22,22,37,37,47,47,53],"current_hp_per_floor":[80,75,80,80,81,63,63,63,63,66,68,72,57,64,88,17,89,76,76,73,66,66,50,50,45,45,73,73,73,71,64,92,83,97,90,91,91,76,76,76,76,63,63,63,31,31,31,13,59,25,105,105,105,30,0,0],"gold":51,"neow_bonus":"THREE_RARE_CARDS","is_daily":false,"chose_seed":false,"campfire_upgraded":4,"win_rate":0.0,"timestamp":1607730948,"path_taken":["M","?","M","?","M","E","R","M","T","M","?","E","?","M","R","BOSS","M","?","M","M","$","E","?","M","T","R","?","R","?","E","R","BOSS","M","M","$","M","?","R","?","M","T","R","?","?","$","E","R","BOSS","R","$","E","BOSS"],"items_purchased_type":["Relic","Relic","Card","Relic","Relic","Relic","Potion","Potion"],"build_version":"2020-11-30","purchased_purges":1,"victory":false,"max_hp_per_floor":[80,80,80,80,81,82,82,83,83,84,85,86,87,88,88,89,89,90,90,91,92,92,93,93,94,94,94,94,94,95,96,96,97,97,98,99,99,100,100,100,100,101,101,101,102,103,103,104,104,105,105,105,105,106,106,106],"card_choices":[{"not_picked":["Barricade","Limit Break"],"picked":"Corruption","floor":0},{"not_picked":["Twin Strike","Body Slam"],"picked":"Rage","floor":1},{"not_picked":["Warcry","Shrug It Off"],"picked":"Rupture","floor":2},{"not_picked":["Havoc","Armaments"],"picked":"Thunderclap","floor":3},{"not_picked":["Anger","Clothesline"],"picked":"Cleave","floor":5},{"not_picked":["Headbutt","Warcry"],"picked":"Armaments","floor":6},{"not_picked":["Clash","Berserk"],"picked":"Perfected Strike","floor":8},{"not_picked":["Headbutt","Wild Strike"],"picked":"Pommel Strike","floor":8},{"not_picked":["True Grit","Flex"],"picked":"Twin Strike","floor":10},{"not_picked":["Iron Wave","Twin Strike"],"picked":"Limit Break","floor":10},{"not_picked":["Warcry","Headbutt","Sword Boomerang"],"picked":"SKIP","floor":11},{"not_picked":["Clothesline","Armaments","Seeing Red"],"picked":"SKIP","floor":11},{"not_picked":["Bloodletting","Whirlwind"],"picked":"Hemokinesis","floor":12},{"not_picked":["Dropkick","Thunderclap"],"picked":"Pommel Strike","floor":13},{"not_picked":["Reckless Charge","Thunderclap"],"picked":"Impervious","floor":14},{"not_picked":["Body Slam","Sword Boomerang"],"picked":"Wild Strike","floor":14},{"not_picked":["Feed","Exhume"],"picked":"Bludgeon","floor":16},{"not_picked":["True Grit","Spot Weakness"],"picked":"Pommel Strike+1","floor":18},{"not_picked":["Infernal Blade","Armaments"],"picked":"Pommel Strike","floor":18},{"not_picked":["Headbutt","Pommel Strike"],"picked":"Inflame","floor":20},{"not_picked":["Havoc","Headbutt","Pummel"],"picked":"SKIP","floor":20},{"not_picked":["Reckless Charge","Cleave"],"picked":"Pommel Strike","floor":21},{"not_picked":["Impervious","Sentinel","Cleave"],"picked":"SKIP","floor":21},{"not_picked":["Thunderclap","Corruption","Whirlwind"],"picked":"SKIP","floor":23},{"not_picked":["Disarm","Blood for Blood+1"],"picked":"Heavy Blade","floor":25},{"not_picked":["Shrug It Off","Sentinel","Body Slam+1"],"picked":"SKIP","floor":25},{"not_picked":["Metallicize+1","Heavy Blade"],"picked":"Perfected Strike","floor":30},{"not_picked":["Cleave","Warcry","Headbutt"],"picked":"SKIP","floor":30},{"not_picked":["Warcry","Iron Wave","Feed"],"picked":"SKIP","floor":31},{"not_picked":["Barricade","Impervious"],"picked":"Offering","floor":33},{"not_picked":["Iron Wave","Body Slam+1","Clothesline+1"],"picked":"SKIP","floor":35},{"not_picked":["Flex+1","Armaments+1","Bloodletting"],"picked":"SKIP","floor":35},{"not_picked":["Anger","Seeing Red","Intimidate+1"],"picked":"SKIP","floor":36},{"not_picked":["Armaments+1","Shrug It Off","Flex+1"],"picked":"SKIP","floor":36},{"not_picked":["Havoc","Brutality+1","Heavy Blade"],"picked":"SKIP","floor":38},{"not_picked":["Cleave+1","Thunderclap","Sword Boomerang+1"],"picked":"SKIP","floor":38},{"not_picked":["Evolve+1","Anger"],"picked":"Pommel Strike","floor":42},{"not_picked":["Shrug It Off+1","Flame Barrier+1","Body Slam+1"],"picked":"SKIP","floor":42},{"not_picked":["Reckless Charge+1","Body Slam+1"],"picked":"Twin Strike","floor":45},{"not_picked":["Second Wind+1","Clothesline"],"picked":"Demon Form+1","floor":45},{"not_picked":["Thunderclap","Havoc+1"],"picked":"Spot Weakness+1","floor":46},{"not_picked":["Headbutt","Uppercut"],"picked":"Pommel Strike+1","floor":48},{"not_picked":["Dropkick","Perfected Strike"],"picked":"Double Tap","floor":54}],"player_experience":318502,"relics_obtained":[{"floor":6,"key":"Prayer Wheel"},{"floor":9,"key":"Blood Vial"},{"floor":12,"key":"Oddly Smooth Stone"},{"floor":13,"key":"Anchor"},{"floor":23,"key":"Red Skull"},{"floor":31,"key":"Bag of Preparation"},{"floor":43,"key":"Regal Pillow"},{"floor":46,"key":"Charon\u0027s Ashes"},{"floor":48,"key":"FossilizedHelix"},{"floor":54,"key":"StrikeDummy"}],"event_choices":[{"damage_healed":0,"gold_gain":0,"player_choice":"Trade","damage_taken":0,"relics_obtained":["FaceOfCleric"],"max_hp_gain":0,"max_hp_loss":0,"event_name":"FaceTrader","floor":4,"gold_loss":0},{"damage_healed":0,"gold_gain":30,"player_choice":"Searched \u00273\u0027 times","damage_taken":0,"max_hp_gain":0,"max_hp_loss":0,"event_name":"Dead Adventurer","floor":13,"gold_loss":0},{"damage_healed":0,"gold_gain":0,"player_choice":"Upgraded","damage_taken":0,"max_hp_gain":0,"max_hp_loss":0,"event_name":"Upgrade Shrine","floor":19,"gold_loss":0,"cards_upgraded":["Limit Break"]},{"damage_healed":0,"gold_gain":100,"player_choice":"Pray","damage_taken":0,"max_hp_gain":0,"max_hp_loss":0,"event_name":"Golden Shrine","floor":24,"gold_loss":0},{"cards_removed":["Bludgeon"],"damage_healed":0,"gold_gain":0,"player_choice":"Give","damage_taken":0,"max_hp_gain":0,"max_hp_loss":0,"event_name":"betterNote:BetterNote","floor":28,"gold_loss":0,"cards_obtained":["None"]},{"damage_healed":0,"gold_gain":0,"player_choice":"Paid","damage_taken":0,"relics_obtained":["Red Mask"],"max_hp_gain":0,"max_hp_loss":0,"event_name":"Tomb of Lord Red Mask","floor":39,"gold_loss":17},{"damage_healed":0,"gold_gain":0,"player_choice":"Rummage","damage_taken":0,"relics_obtained":["WarpedTongs"],"max_hp_gain":0,"max_hp_loss":0,"event_name":"Accursed Blacksmith","floor":41,"gold_loss":0,"cards_obtained":["Pain"]},{"damage_healed":0,"gold_gain":0,"player_choice":"Fight","damage_taken":0,"max_hp_gain":0,"max_hp_loss":0,"event_name":"Mysterious Sphere","floor":46,"gold_loss":0}],"is_beta":false,"boss_relics":[{"not_picked":["Cursed Key","Ectoplasm"],"picked":"Velvet Choker"},{"not_picked":["Busted Crown","Snecko Eye"],"picked":"SlaversCollar"}],"items_purged_floors":[37],"is_endless":false,"potions_floor_spawned":[1,3,5,10,16,18,30,33,35],"killed_by":"The Heart","ascension_level":0}}