{"host":"msfr2axb1w9025n0","time":1607663155,"event":{"mods":["BaseMod","Colored Map","DeckTracker","Minty Spire (QoL Compilation)"],"gold_per_floor":[119,47,60,74,84,114,114,147,170,186,259,288,288,253,253,253,253],"floor_reached":16,"playtime":481,"items_purged":[],"score":180,"play_id":"97135736-a481-4212-84bc-df0fb1904432","local_time":"20201211120555","is_ascension_mode":true,"campfire_choices":[{"data":"Sunder","floor":7.0,"key":"SMITH"},{"data":"Beam Cell","floor":13,"key":"SMITH"},{"data":"Beam Cell","floor":15,"key":"SMITH"}],"circlet_count":0,"master_deck":["AscendersBane","Strike_B","Strike_B","Strike_B","Strike_B","Defend_B","Defend_B","Defend_B","Defend_B","Zap","Dualcast","Leap","Sunder+1","Genetic Algorithm","Beam Cell+1","Rebound","Beam Cell+1","Reinforced Body","Leap","Sweeping Beam"],"relics":["Philosopher\u0027s Stone","Strawberry","Anchor","Blood Vial","Dream Catcher"],"acts_visited":["Exordium"],"potions_floor_usage":[],"damage_taken":[{"damage":0.0,"enemies":"2 Louse","floor":1.0,"turns":2.0},{"damage":4.0,"enemies":"Jaw Worm","floor":3.0,"turns":4.0},{"damage":2.0,"enemies":"Cultist","floor":4.0,"turns":4.0},{"damage":2.0,"enemies":"Looter","floor":5.0,"turns":3.0},{"damage":27.0,"enemies":"Gremlin Nob","floor":6.0,"turns":5.0},{"damage":16.0,"enemies":"Lagavulin","floor":8.0,"turns":6.0},{"damage":0.0,"enemies":"Exordium Wildlife","floor":10.0,"turns":3.0},{"damage":8,"enemies":"3 Sentries","floor":12,"turns":7},{"damage":45,"enemies":"Slime Boss","floor":16,"turns":10}],"seed_played":"3543470381189215471","potions_obtained":[{"floor":3.0,"key":"AttackPotion"},{"floor":4.0,"key":"AttackPotion"},{"floor":8.0,"key":"GamblersBrew"},{"floor":10.0,"key":"FearPotion"}],"is_trial":false,"path_per_floor":["M","$","M","M","M","E","R","E","T","M","?","E","R","?","R","B"],"character_chosen":"DEFECT","items_purchased":["Sunder"],"campfire_rested":0,"item_purchase_floors":[2],"current_hp_per_floor":[68,68,64,62,60,40,40,24,24,26,26,20,20,40,40,0,0],"gold":253,"neow_bonus":"BOSS_RELIC","is_daily":false,"chose_seed":false,"campfire_upgraded":3,"win_rate":0.0,"timestamp":1607663155,"path_taken":["M","$","M","M","M","E","R","E","T","M","?","E","R","?","R","BOSS"],"items_purchased_type":["Card"],"build_version":"2020-11-30","purchased_purges":0,"victory":false,"max_hp_per_floor":[75,75,75,75,75,82,82,82,82,82,82,82,82,82,82,82,82],"card_choices":[{"not_picked":["Barrage","Redo"],"picked":"Leap","floor":1.0},{"not_picked":["Turbo","Ball Lightning"],"picked":"Genetic Algorithm","floor":3.0},{"not_picked":["Sweeping Beam","Redo"],"picked":"Beam Cell","floor":4.0},{"not_picked":["Coolheaded","Gash"],"picked":"Rebound","floor":5.0},{"not_picked":["Self Repair","Heatsinks"],"picked":"Beam Cell","floor":6.0},{"not_picked":["Auto Shields","Defragment"],"picked":"Reinforced Body","floor":8.0},{"not_picked":["Multi-Cast","Rebound"],"picked":"Leap","floor":10.0},{"not_picked":["Gash","Steam"],"picked":"Sweeping Beam","floor":12}],"player_experience":238449,"relics_obtained":[{"floor":6.0,"key":"Strawberry"},{"floor":8.0,"key":"Anchor"},{"floor":9.0,"key":"Blood Vial"},{"floor":12,"key":"Dream Catcher"}],"event_choices":[{"damage_healed":0.0,"max_hp_gain":0.0,"max_hp_loss":0.0,"gold_gain":73.0,"event_name":"Golden Wing","player_choice":"Gained Gold","floor":11.0,"gold_loss":0.0,"damage_taken":0.0},{"damage_healed":20,"gold_gain":0,"player_choice":"Healed","damage_taken":0,"max_hp_gain":0,"max_hp_loss":0,"event_name":"The Cleric","floor":14,"gold_loss":35}],"is_beta":false,"boss_relics":[],"items_purged_floors":[],"is_endless":false,"potions_floor_spawned":[3,4,8,10],"killed_by":"Slime Boss","ascension_level":10}}