{"host":"2pgz2fctomabfk86","time":1607670383,"event":{"mods":["AchievementEnabler","BaseMod","Colored Map","DeckTracker","Minty Spire (QoL Compilation)","StSLib","SuperFastMode"],"gold_per_floor":[117,117,76,76,91,123,123,123,123,123,123,134,134,153,153,232,232,248,248,173,185,204,204,215,229,255,255,255,255,255,275,275,349,349,367,412,428,447,447,447,527,527,527,547,564,564,575,33,33,33,33],"floor_reached":50,"playtime":2984,"items_purged":["Strike_B","Strike_B"],"score":866,"play_id":"99f7f7ad-623a-4b12-8f54-f8741fb50868","local_time":"20201211160623","is_ascension_mode":true,"campfire_choices":[{"data":"Gash","floor":7.0,"key":"SMITH"},{"data":"FTL","floor":10.0,"key":"SMITH"},{"data":"Rip and Tear","floor":13.0,"key":"SMITH"},{"data":"Ball Lightning","floor":15.0,"key":"SMITH"},{"floor":23.0,"key":"REST"},{"data":"Go for the Eyes","floor":29.0,"key":"SMITH"},{"data":"Skim","floor":32.0,"key":"SMITH"},{"data":"Coolheaded","floor":40.0,"key":"SMITH"},{"data":"Turbo","floor":42.0,"key":"SMITH"},{"floor":49.0,"key":"REST"}],"circlet_count":0,"master_deck":["AscendersBane","Defend_B+1","Defend_B","Defend_B","Defend_B","Zap","Dualcast+1","Compile Driver","Rip and Tear+1","Sunder+1","Gash+1","FTL+1","Ball Lightning+1","Machine Learning","Skim+1","Self Repair+1","Go for the Eyes+1","Chill","Turbo+1","Beam Cell","Rebound","BootSequence+1","Parasite","Coolheaded+1","Streamline+1","Gash","Parasite","Beam Cell+1"],"relics":["Cracked Core","NeowsBlessing","Kunai","HornCleat","Nuclear Battery","Enchiridion","Akabeko","MutagenicStrength","Sozu","Lizard Tail","WingedGreaves","Mummified Hand","Potion Belt","Pen Nib","Eternal Feather"],"acts_visited":["Exordium","TheCity","TheBeyond"],"potions_floor_usage":[],"damage_taken":[{"damage":0.0,"enemies":"Jaw Worm","floor":1.0,"turns":1.0},{"damage":0.0,"enemies":"2 Louse","floor":5.0,"turns":1.0},{"damage":0.0,"enemies":"3 Sentries","floor":6.0,"turns":1.0},{"damage":0.0,"enemies":"Cultist","floor":12.0,"turns":2.0},{"damage":0.0,"enemies":"Exordium Wildlife","floor":14.0,"turns":2.0},{"damage":10.0,"enemies":"Hexaghost","floor":16.0,"turns":6.0},{"damage":14.0,"enemies":"Spheric Guardian","floor":18.0,"turns":4.0},{"damage":0.0,"enemies":"3 Byrds","floor":21.0,"turns":1.0},{"damage":22.0,"enemies":"Cultist and Chosen","floor":22.0,"turns":5.0},{"damage":4.0,"enemies":"Centurion and Healer","floor":24.0,"turns":4.0},{"damage":6.0,"enemies":"Shelled Parasite and Fungi","floor":25.0,"turns":3.0},{"damage":0.0,"enemies":"Cultist and Chosen","floor":31.0,"turns":4.0},{"damage":52.0,"enemies":"Automaton","floor":33.0,"turns":10.0},{"damage":6.0,"enemies":"Orb Walker","floor":35.0,"turns":2.0},{"damage":24.0,"enemies":"2 Orb Walkers","floor":36.0,"turns":3.0},{"damage":2.0,"enemies":"3 Shapes","floor":37.0,"turns":3.0},{"damage":20.0,"enemies":"Writhing Mass","floor":38.0,"turns":6.0},{"damage":22.0,"enemies":"Maw","floor":44.0,"turns":7.0},{"damage":36.0,"enemies":"Transient","floor":45.0,"turns":5.0},{"damage":14.0,"enemies":"Writhing Mass","floor":47.0,"turns":7.0},{"damage":84,"enemies":"Time Eater","floor":50,"turns":8}],"seed_played":"3473981101365946499","potions_obtained":[{"floor":5.0,"key":"PotionOfCapacity"},{"floor":12.0,"key":"ColorlessPotion"},{"floor":14.0,"key":"FocusPotion"},{"floor":16.0,"key":"PowerPotion"},{"floor":22.0,"key":"Energy Potion"},{"floor":25.0,"key":"EntropicBrew"},{"floor":33.0,"key":"FearPotion"}],"is_trial":false,"path_per_floor":["M","?","$","?","M","E","R","?","T","R","?","M","R","M","R","B",null,"M","?","$","M","M","R","M","M","T","?","?","R","?","M","R","B",null,"M","?","M","M","?","R","T","R","T","M","M","?","M","$","R","B"],"character_chosen":"DEFECT","items_purchased":["Sunder","Pen Nib","Eternal Feather"],"campfire_rested":2,"item_purchase_floors":[3,48,48],"current_hp_per_floor":[64,64,64,64,64,64,64,57,57,57,36,36,36,36,36,26,60,46,25,25,25,13,34,40,44,44,44,44,44,44,54,54,21,59,63,49,57,47,47,47,47,47,47,45,19,15,11,11,47,0,0],"gold":33,"neow_bonus":"THREE_ENEMY_KILL","is_daily":false,"chose_seed":false,"campfire_upgraded":8,"win_rate":0.0,"timestamp":1607670383,"path_taken":["M","?","$","?","?","E","R","?","T","R","?","M","R","M","R","BOSS","M","?","$","M","M","R","M","M","T","?","?","R","?","M","R","BOSS","M","?","M","M","?","R","?","R","T","?","?","?","M","?","R","BOSS"],"items_purchased_type":["Card","Relic","Relic"],"build_version":"2020-11-30","purchased_purges":2,"victory":false,"max_hp_per_floor":[71,71,71,71,71,71,71,71,71,71,71,71,71,71,71,71,71,71,71,71,71,71,71,71,71,71,71,71,71,71,71,71,71,71,71,71,71,71,71,71,71,71,71,71,71,71,71,71,71,71,71],"card_choices":[{"not_picked":["Cold Snap","Stack"],"picked":"Compile Driver","floor":1.0},{"not_picked":["Lockon","Hello World"],"picked":"Gash","floor":5.0},{"not_picked":["Conserve Battery","Stack"],"picked":"FTL","floor":6.0},{"not_picked":["Ball Lightning","Storm","Redo"],"picked":"SKIP","floor":12.0},{"not_picked":["Sunder","Redo"],"picked":"Ball Lightning","floor":14.0},{"not_picked":["Amplify","Meteor Strike"],"picked":"Machine Learning","floor":16.0},{"not_picked":["Rebound","Stack"],"picked":"Skim","floor":18.0},{"not_picked":["Doom and Gloom","Streamline"],"picked":"Self Repair+1","floor":21.0},{"not_picked":["White Noise+1","Compile Driver"],"picked":"Go for the Eyes","floor":22.0},{"not_picked":["Streamline","Aggregate"],"picked":"Chill","floor":24.0},{"not_picked":["Cold Snap+1","Creative AI","Sweeping Beam"],"picked":"SKIP","floor":25.0},{"not_picked":["Blizzard","Barrage"],"picked":"Turbo","floor":31.0},{"not_picked":["Fission","Amplify"],"picked":"Hyperbeam","floor":33.0},{"not_picked":["Go for the Eyes","Barrage+1"],"picked":"Beam Cell","floor":35.0},{"not_picked":["Heatsinks","Glacier+1"],"picked":"Rebound","floor":36.0},{"not_picked":["Sunder+1","Hello World+1"],"picked":"BootSequence+1","floor":37.0},{"not_picked":["Barrage","Aggregate"],"picked":"Coolheaded","floor":38.0},{"not_picked":["Force Field","Doom and Gloom","Streamline+1"],"picked":"SKIP","floor":44.0},{"not_picked":["Force Field","Doom and Gloom"],"picked":"Streamline+1","floor":44.0},{"not_picked":["Reinforced Body+1","Reprogram"],"picked":"Gash","floor":45.0},{"not_picked":["Compile Driver","Coolheaded"],"picked":"Beam Cell+1","floor":47.0}],"player_experience":880968,"relics_obtained":[{"floor":6.0,"key":"Kunai"},{"floor":9.0,"key":"HornCleat"},{"floor":19.0,"key":"Enchiridion"},{"floor":26.0,"key":"Akabeko"},{"floor":36.0,"key":"Lizard Tail"},{"floor":41.0,"key":"Mummified Hand"},{"floor":43.0,"key":"Potion Belt"}],"event_choices":[{"damage_healed":0.0,"max_hp_gain":0.0,"max_hp_loss":0.0,"gold_gain":0.0,"cards_transformed":["Strike_B"],"event_name":"Living Wall","player_choice":"Change","floor":2.0,"gold_loss":0.0,"damage_taken":0.0,"cards_obtained":["Rip and Tear"]},{"damage_healed":0.0,"max_hp_gain":0.0,"max_hp_loss":0.0,"gold_gain":0.0,"event_name":"Upgrade Shrine","player_choice":"Upgraded","floor":4.0,"gold_loss":0.0,"damage_taken":0.0,"cards_upgraded":["Sunder"]},{"cards_removed":["Strike_B"],"damage_healed":0.0,"max_hp_gain":0.0,"max_hp_loss":0.0,"gold_gain":0.0,"event_name":"Golden Wing","player_choice":"Card Removal","floor":8.0,"gold_loss":0.0,"damage_taken":7.0},{"damage_healed":0.0,"max_hp_gain":0.0,"max_hp_loss":0.0,"gold_gain":0.0,"event_name":"Shining Light","player_choice":"Entered Light","floor":11.0,"gold_loss":0.0,"damage_taken":21.0,"cards_upgraded":["Dualcast","Defend_B"]},{"damage_healed":0.0,"max_hp_gain":0.0,"max_hp_loss":0.0,"gold_gain":0.0,"event_name":"Cursed Tome","player_choice":"Obtained Book","floor":19.0,"gold_loss":0.0,"damage_taken":21.0},{"damage_healed":0.0,"max_hp_gain":0.0,"max_hp_loss":0.0,"gold_gain":0.0,"event_name":"Drug Dealer","player_choice":"Inject Mutagens","floor":27.0,"gold_loss":0.0,"damage_taken":0.0,"relics_obtained":["MutagenicStrength"]},{"damage_healed":0.0,"max_hp_gain":0.0,"max_hp_loss":0.0,"gold_gain":0.0,"event_name":"The Mausoleum","player_choice":"Ignored","floor":28.0,"gold_loss":0.0,"damage_taken":0.0},{"damage_healed":0.0,"max_hp_gain":0.0,"max_hp_loss":0.0,"gold_gain":0.0,"event_name":"Ghosts","player_choice":"Ignored","floor":30.0,"gold_loss":0.0,"damage_taken":0.0},{"damage_healed":0.0,"max_hp_gain":0.0,"max_hp_loss":0.0,"gold_gain":0.0,"event_name":"Mysterious Sphere","player_choice":"Fight","floor":36.0,"gold_loss":0.0,"damage_taken":0.0},{"cards_removed":["Hyperbeam"],"damage_healed":0.0,"max_hp_gain":0.0,"max_hp_loss":0.0,"gold_gain":0.0,"event_name":"Falling","player_choice":"Removed Attack","floor":39.0,"gold_loss":0.0,"damage_taken":0.0},{"damage_healed":0.0,"max_hp_gain":0.0,"max_hp_loss":0.0,"gold_gain":0.0,"event_name":"The Woman in Blue","player_choice":"Bought 0 Potions","floor":46.0,"gold_loss":0.0,"damage_taken":0.0}],"is_beta":false,"boss_relics":[{"not_picked":["Cursed Key","Ectoplasm"],"picked":"Nuclear Battery"},{"not_picked":["FrozenCore","Calling Bell"],"picked":"Sozu"}],"items_purged_floors":[20,48],"is_endless":false,"potions_floor_spawned":[5,12,14,16,22,24,25,33,36,38,45],"killed_by":"Time Eater","ascension_level":16}}