{"host":"m6aaltr68g9tvoay","time":1607675160,"event":{"mods":["AchievementEnabler","BaseMod","Colored Map","Minty Spire (QoL Compilation)","StSLib"],"gold_per_floor":[111,111,130,150,78,78,96,96,96,129,141,141,154,50,50,127,127,143,158,158,158,158,158,176,176,201,23,42,59,86,86,86,86,86],"floor_reached":33,"playtime":1191,"items_purged":["Strike_G"],"score":482,"play_id":"85437353-2206-4c58-904e-811d8a51aa09","local_time":"20201211002600","is_ascension_mode":true,"campfire_choices":[{"data":"Bouncing Flask","floor":6.0,"key":"SMITH"},{"floor":8.0,"key":"REST"},{"data":"Storm of Steel","floor":15.0,"key":"SMITH"},{"floor":23.0,"key":"REST"},{"floor":25.0,"key":"REST"},{"floor":32.0,"key":"REST"}],"circlet_count":0,"master_deck":["AscendersBane","Strike_G+1","Strike_G+1","Strike_G+1","Strike_G+1","Defend_G+1","Defend_G+1","Defend_G+1","Defend_G+1","Defend_G+1","Survivor","Neutralize","Good Instincts","Poisoned Stab","Dash+1","Bouncing Flask+1","Flechettes","Dagger Spray","Parasite","Storm of Steel+1","Blade Dance","Die Die Die+1","CurseOfTheBell","Distraction","PiercingWail","Bullet Time","Accuracy","Sadistic Nature","Blur+1"],"relics":["Ring of the Snake","Gambling Chip","CaptainsWheel","Calling Bell","Dream Catcher","Matryoshka","The Specimen","Strawberry","White Beast Statue","PreservedInsect","Whetstone","Red Mask"],"acts_visited":["Exordium","TheCity"],"potions_floor_usage":[33],"damage_taken":[{"damage":7.0,"enemies":"2 Louse","floor":1.0,"turns":5.0},{"damage":4.0,"enemies":"Small Slimes","floor":3.0,"turns":3.0},{"damage":1.0,"enemies":"Jaw Worm","floor":4.0,"turns":3.0},{"damage":0.0,"enemies":"Exordium Wildlife","floor":7.0,"turns":4.0},{"damage":8.0,"enemies":"Gremlin Nob","floor":10.0,"turns":4.0},{"damage":2.0,"enemies":"Blue Slaver","floor":11.0,"turns":2.0},{"damage":1.0,"enemies":"Looter","floor":13.0,"turns":3.0},{"damage":50.0,"enemies":"Slime Boss","floor":16.0,"turns":11.0},{"damage":19.0,"enemies":"Shell Parasite","floor":18.0,"turns":6.0},{"damage":11.0,"enemies":"Spheric Guardian","floor":19.0,"turns":4.0},{"damage":16.0,"enemies":"3 Cultists","floor":24.0,"turns":5.0},{"damage":6.0,"enemies":"Chosen and Byrds","floor":28.0,"turns":5.0},{"damage":10.0,"enemies":"Centurion and Healer","floor":29.0,"turns":5.0},{"damage":12.0,"enemies":"Masked Bandits","floor":30.0,"turns":3.0},{"damage":76,"enemies":"Collector","floor":33,"turns":8}],"seed_played":"2481682738194649832","potions_obtained":[{"floor":3.0,"key":"CunningPotion"},{"floor":7.0,"key":"Block Potion"},{"floor":13.0,"key":"GamblersBrew"},{"floor":19.0,"key":"Ancient Potion"},{"floor":24.0,"key":"Dexterity Potion"},{"floor":29.0,"key":"GhostInAJar"}],"is_trial":false,"path_per_floor":["M","?","M","M","?","R","M","R","T","E","M","?","M","$","R","B",null,"M","M","?","?","T","R","M","R","T","$","M","M","?","$","R","B"],"character_chosen":"THE_SILENT","items_purchased":["Blade Dance","Sadistic Nature"],"campfire_rested":4,"item_purchase_floors":[14,27],"current_hp_per_floor":[52,52,48,47,47,47,47,66,66,58,56,66,65,65,65,15,53,34,23,23,36,43,64,48,69,69,69,63,53,41,41,62,0,0],"gold":86,"neow_bonus":"RANDOM_COLORLESS","is_daily":false,"chose_seed":false,"campfire_upgraded":2,"win_rate":0.0,"timestamp":1607675160,"path_taken":["M","?","M","M","?","R","M","R","T","E","M","?","M","$","R","BOSS","M","M","?","?","?","R","?","R","T","$","M","M","?","?","R","BOSS"],"items_purchased_type":["Card","Card"],"build_version":"2020-11-30","purchased_purges":1,"victory":false,"max_hp_per_floor":[66,66,66,66,66,66,66,66,66,66,66,66,66,66,66,66,66,66,66,66,66,73,73,73,73,73,73,73,73,73,73,73,73,73],"card_choices":[{"not_picked":["Impatience","Trip"],"picked":"Good Instincts","floor":0.0},{"not_picked":["Backflip","Tactician"],"picked":"Poisoned Stab","floor":1.0},{"not_picked":["Poisoned Stab","Blade Dance"],"picked":"Dash","floor":3.0},{"not_picked":["Acrobatics","Blade Dance"],"picked":"Bouncing Flask","floor":4.0},{"not_picked":["Accuracy","Crippling Poison"],"picked":"Flechettes","floor":7.0},{"not_picked":["Endless Agony","Riddle With Holes"],"picked":"Dagger Spray","floor":10.0},{"not_picked":["Choke","Deadly Poison","Outmaneuver"],"picked":"SKIP","floor":11.0},{"not_picked":["Reflex","Acrobatics"],"picked":"Storm of Steel","floor":13.0},{"not_picked":["Malaise","Adrenaline"],"picked":"Die Die Die","floor":16.0},{"not_picked":["Underhanded Strike","Acrobatics","Prepared"],"picked":"SKIP","floor":18.0},{"not_picked":["Caltrops","Choke"],"picked":"Distraction","floor":19.0},{"not_picked":["Distraction","Dodge and Roll"],"picked":"PiercingWail","floor":23.0},{"not_picked":["Endless Agony","Poisoned Stab"],"picked":"Bullet Time","floor":24.0},{"not_picked":["Distraction","Underhanded Strike"],"picked":"Accuracy","floor":25.0},{"not_picked":["Concentrate","Quick Slash","Heel Hook"],"picked":"SKIP","floor":28.0},{"not_picked":["Tools of the Trade","Backflip","Dodge and Roll"],"picked":"SKIP","floor":29.0},{"not_picked":["Leg Sweep","Sucker Punch"],"picked":"Blur+1","floor":30.0}],"player_experience":1219084,"relics_obtained":[{"floor":9.0,"key":"Gambling Chip"},{"floor":10.0,"key":"CaptainsWheel"},{"floor":17.0,"key":"Dream Catcher"},{"floor":17.0,"key":"Matryoshka"},{"floor":17.0,"key":"The Specimen"},{"floor":22.0,"key":"Strawberry"},{"floor":22.0,"key":"White Beast Statue"},{"floor":26.0,"key":"PreservedInsect"},{"floor":26.0,"key":"Whetstone"},{"floor":30.0,"key":"Red Mask"}],"event_choices":[{"damage_healed":0.0,"max_hp_gain":0.0,"max_hp_loss":0.0,"gold_gain":0.0,"event_name":"Shining Light","player_choice":"Ignored","floor":2.0,"gold_loss":0.0,"damage_taken":0.0},{"damage_healed":0.0,"max_hp_gain":0.0,"max_hp_loss":0.0,"gold_gain":0.0,"event_name":"World of Goop","player_choice":"Left Gold","floor":5.0,"gold_loss":72.0,"damage_taken":0.0},{"damage_healed":16.0,"max_hp_gain":0.0,"max_hp_loss":0.0,"gold_gain":0.0,"event_name":"Mushrooms","player_choice":"Healed and dodged fight","floor":12.0,"gold_loss":0.0,"damage_taken":0.0,"cards_obtained":["Parasite"]},{"damage_healed":0.0,"max_hp_gain":0.0,"max_hp_loss":0.0,"gold_gain":0.0,"event_name":"Back to Basics","player_choice":"Simplicity","floor":20.0,"gold_loss":0.0,"damage_taken":0.0,"cards_upgraded":["Strike_G","Strike_G","Strike_G","Strike_G","Defend_G","Defend_G","Defend_G","Defend_G","Defend_G"]},{"damage_healed":13.0,"max_hp_gain":0.0,"max_hp_loss":0.0,"gold_gain":0.0,"event_name":"The Library","player_choice":"Heal","floor":21.0,"gold_loss":0.0,"damage_taken":0.0},{"damage_healed":0.0,"max_hp_gain":0.0,"max_hp_loss":0.0,"gold_gain":0.0,"event_name":"Masked Bandits","player_choice":"Fought Bandits","floor":30.0,"gold_loss":0.0,"damage_taken":0.0}],"is_beta":false,"boss_relics":[{"not_picked":["Runic Pyramid","Sozu"],"picked":"Calling Bell"}],"items_purged_floors":[14],"is_endless":false,"potions_floor_spawned":[3,7,13,19,24,28,29,30],"killed_by":"Collector","ascension_level":19}}