{"host":"hn9kwncajibu2nw8","time":1607670463,"event":{"mods":["AchievementEnabler","BaseMod","Block Reminder","Colored Powertips","DeckTracker","Highlight Path","KOR Keyword Fix","Minty Spire (QoL Compilation)","Quick Restart","Rare Cards Sparkle"],"gold_per_floor":[112,128,128,128,142,142,36,65,91,117,134,134,167,180,180,311,311,325,343,258,183,183,183,221,221,221,245,263,86,109,127,127,258,258,271,191,214,283,122,166,166,197,235,261,38,82,106,126,126,126,126],"floor_reached":50,"playtime":2699,"items_purged":["Strike_R","Limit Break","Sever Soul","Wild Strike"],"score":1000,"play_id":"4de22cde-1636-4f88-9739-a82b12314d88","local_time":"20201211160743","is_ascension_mode":true,"campfire_choices":[{"data":"Metallicize","floor":6.0,"key":"SMITH"},{"data":"True Grit","floor":15.0,"key":"SMITH"},{"data":"True Grit","floor":23,"key":"SMITH"},{"data":"Body Slam","floor":25,"key":"SMITH"},{"floor":32,"key":"REST"},{"floor":41,"key":"REST"},{"floor":49,"key":"REST"}],"circlet_count":0,"master_deck":["Bash+1","Immolate+1","Second Wind","Metallicize+1","Flame Barrier","Dark Embrace","Shrug It Off","Body Slam+1","Warcry","True Grit+1","Barricade","Battle Trance","True Grit+1","True Grit+1","Shrug It Off","Warcry","Offering","Disarm","Offering","Brutality","Feel No Pain","Havoc+1","Fire Breathing","Body Slam+1"],"relics":["Burning Blood","Omamori","Turnip","Whetstone","Ancient Tea Set","Golden Idol","Darkstone Periapt","Cursed Key","PreservedInsect","Nunchaku","The Courier","OrangePellets","Pandora\u0027s Box","Ginger","InkBottle","MawBank","Oddly Smooth Stone","Happy Flower"],"acts_visited":["Exordium","TheCity","TheBeyond"],"potions_floor_usage":[18,28,38,50,50],"damage_taken":[{"damage":7.0,"enemies":"Jaw Worm","floor":1.0,"turns":3.0},{"damage":0.0,"enemies":"Small Slimes","floor":2.0,"turns":3.0},{"damage":0.0,"enemies":"Cultist","floor":5.0,"turns":3.0},{"damage":25.0,"enemies":"Gremlin Nob","floor":8.0,"turns":5.0},{"damage":12.0,"enemies":"Lagavulin","floor":10.0,"turns":7.0},{"damage":0.0,"enemies":"3 Louse","floor":11.0,"turns":1.0},{"damage":29.0,"enemies":"Gremlin Nob","floor":13.0,"turns":5.0},{"damage":1.0,"enemies":"Looter","floor":14.0,"turns":3.0},{"damage":40.0,"enemies":"Hexaghost","floor":16.0,"turns":15.0},{"damage":11,"enemies":"2 Thieves","floor":18,"turns":5},{"damage":4,"enemies":"Chosen","floor":19,"turns":5},{"damage":36,"enemies":"Slavers","floor":24,"turns":5},{"damage":0,"enemies":"Snecko","floor":27,"turns":5},{"damage":25,"enemies":"Centurion and Healer","floor":28,"turns":6},{"damage":0,"enemies":"Sentry and Sphere","floor":30,"turns":6},{"damage":1,"enemies":"Snecko","floor":31,"turns":5},{"damage":0,"enemies":"Champ","floor":33,"turns":12},{"damage":17,"enemies":"3 Darklings","floor":35,"turns":7},{"damage":7,"enemies":"3 Shapes","floor":37,"turns":6},{"damage":22,"enemies":"2 Orb Walkers","floor":38,"turns":6},{"damage":13,"enemies":"Giant Head","floor":40,"turns":5},{"damage":14,"enemies":"Reptomancer","floor":42,"turns":3},{"damage":15,"enemies":"Spire Growth","floor":44,"turns":4},{"damage":12,"enemies":"Giant Head","floor":46,"turns":4},{"damage":6,"enemies":"Maw","floor":47,"turns":5},{"damage":26,"enemies":"Jaw Worm Horde","floor":48,"turns":4},{"damage":25,"enemies":"Awakened One","floor":50,"turns":7}],"seed_played":"-7393981586136160592","potions_obtained":[{"floor":8.0,"key":"ColorlessPotion"},{"floor":10.0,"key":"Dexterity Potion"},{"floor":11.0,"key":"BloodPotion"},{"floor":13.0,"key":"BloodPotion"},{"floor":16.0,"key":"SpeedPotion"},{"floor":19,"key":"ElixirPotion"},{"floor":27,"key":"ElixirPotion"},{"floor":28,"key":"Ancient Potion"},{"floor":42,"key":"PowerPotion"},{"floor":48,"key":"DistilledChaos"}],"is_trial":false,"path_per_floor":["M","M","?","?","M","R","$","E","T","E","M","?","E","M","R","B",null,"M","M","?","?","?","R","E","R","T","M","M","$","M","M","R","B",null,"M","$","M","?","$","E","R","E","T","M","$","E","M","M","R","B"],"character_chosen":"IRONCLAD","items_purchased":["Flame Barrier","Dark Embrace","OrangePellets","Fire Breathing","Oddly Smooth Stone"],"campfire_rested":3,"item_purchase_floors":[7,7,29,39,45],"current_hp_per_floor":[50,56,56,49,55,55,55,36,36,30,36,36,27,32,32,12,59,54,56,56,56,56,56,26,26,26,32,13,13,19,24,46,52,69,58,58,57,41,41,34,56,48,48,39,39,33,33,13,35,10,10],"gold":126,"neow_bonus":"THREE_RARE_CARDS","is_daily":false,"chose_seed":false,"campfire_upgraded":4,"win_rate":0.0,"timestamp":1607670463,"path_taken":["M","M","?","?","M","R","$","E","T","E","M","?","E","?","R","BOSS","M","M","?","?","?","R","E","R","T","M","M","$","?","?","R","BOSS","M","$","?","?","$","E","R","E","T","M","$","E","M","M","R","BOSS"],"items_purchased_type":["Card","Card","Relic","Card","Relic"],"build_version":"2020-11-30","purchased_purges":4,"victory":false,"max_hp_per_floor":[80,80,80,80,80,80,80,80,80,80,80,74,74,74,74,74,74,74,74,74,74,74,74,74,74,74,74,74,74,74,74,74,74,74,74,74,74,74,74,74,74,74,74,74,74,74,74,74,74,74,74],"card_choices":[{"not_picked":["Bludgeon","Fiend Fire"],"picked":"Immolate","floor":0.0},{"not_picked":["Armaments","True Grit"],"picked":"Second Wind","floor":1.0},{"not_picked":["Headbutt","Sentinel"],"picked":"Metallicize","floor":2.0},{"not_picked":["Thunderclap","Infernal Blade","Armaments"],"picked":"SKIP","floor":5.0},{"not_picked":["Perfected Strike","Shockwave","Entrench"],"picked":"SKIP","floor":8.0},{"not_picked":["Sentinel","Twin Strike"],"picked":"Shrug It Off","floor":10.0},{"not_picked":["Rage","Armaments"],"picked":"Body Slam","floor":11.0},{"not_picked":["Cleave","Carnage"],"picked":"Warcry","floor":13.0},{"not_picked":["Spot Weakness","Thunderclap"],"picked":"True Grit","floor":14.0},{"not_picked":["Demon Form","Brutality"],"picked":"Barricade","floor":16.0},{"not_picked":["Pommel Strike","Havoc"],"picked":"Battle Trance","floor":18},{"not_picked":["Havoc","Rage","Dropkick"],"picked":"SKIP","floor":19},{"not_picked":["Sword Boomerang","Headbutt"],"picked":"True Grit+1","floor":24},{"not_picked":["Blood for Blood+1","Immolate"],"picked":"Shrug It Off","floor":27},{"not_picked":["Sword Boomerang+1","Reckless Charge+1","Rampage+1"],"picked":"SKIP","floor":28},{"not_picked":["Carnage","Clash+1","Headbutt"],"picked":"SKIP","floor":30},{"not_picked":["Pommel Strike+1","Perfected Strike"],"picked":"Warcry","floor":31},{"not_picked":["Fiend Fire","Demon Form"],"picked":"Offering","floor":33},{"not_picked":["Iron Wave+1","Battle Trance","Bloodletting+1"],"picked":"SKIP","floor":35},{"not_picked":["Havoc+1","Clash+1","Shockwave+1"],"picked":"SKIP","floor":37},{"not_picked":["Dark Embrace","Shockwave+1"],"picked":"Havoc+1","floor":38},{"not_picked":["Intimidate+1","Iron Wave+1"],"picked":"Body Slam+1","floor":40},{"not_picked":["Whirlwind","Ghostly Armor+1","Wild Strike+1"],"picked":"SKIP","floor":42},{"not_picked":["Thunderclap","Heavy Blade+1","Seeing Red"],"picked":"SKIP","floor":44},{"not_picked":["Body Slam+1","Carnage+1","Reckless Charge"],"picked":"SKIP","floor":46},{"not_picked":["Rampage","Berserk","Clash+1"],"picked":"SKIP","floor":47},{"not_picked":["Wild Strike+1","Clash","Carnage+1"],"picked":"SKIP","floor":48}],"player_experience":450211,"relics_obtained":[{"floor":8.0,"key":"Turnip"},{"floor":9.0,"key":"Whetstone"},{"floor":10.0,"key":"Ancient Tea Set"},{"floor":13.0,"key":"Darkstone Periapt"},{"floor":24,"key":"Nunchaku"},{"floor":26,"key":"The Courier"},{"floor":38,"key":"Ginger"},{"floor":40,"key":"InkBottle"},{"floor":42,"key":"MawBank"},{"floor":46,"key":"Happy Flower"}],"event_choices":[{"damage_healed":0.0,"max_hp_gain":0.0,"max_hp_loss":0.0,"gold_gain":0.0,"event_name":"Living Wall","player_choice":"Grow","floor":3.0,"gold_loss":0.0,"damage_taken":0.0,"cards_upgraded":["Immolate"]},{"damage_healed":0.0,"max_hp_gain":0.0,"max_hp_loss":0.0,"gold_gain":0.0,"event_name":"Scrap Ooze","player_choice":"Success","floor":4.0,"gold_loss":0.0,"damage_taken":7.0,"relics_obtained":["Omamori"]},{"damage_healed":0.0,"max_hp_gain":0.0,"max_hp_loss":6.0,"gold_gain":0.0,"event_name":"Golden Idol","player_choice":"Lose Max HP","floor":12.0,"gold_loss":0.0,"damage_taken":0.0,"relics_obtained":["Golden Idol"]},{"damage_healed":0,"gold_gain":0,"player_choice":"Obtained Relic","damage_taken":0,"relics_obtained":["PreservedInsect"],"max_hp_gain":0,"max_hp_loss":0,"event_name":"Addict","floor":20,"gold_loss":85},{"cards_removed":["Strike_R"],"damage_healed":0,"gold_gain":0,"player_choice":"Gave Gold","damage_taken":0,"max_hp_gain":0,"max_hp_loss":0,"event_name":"Beggar","floor":21,"gold_loss":75},{"damage_healed":0,"gold_gain":0,"player_choice":"Read","damage_taken":0,"max_hp_gain":0,"max_hp_loss":0,"event_name":"The Library","floor":22,"gold_loss":0,"cards_obtained":["True Grit"]},{"damage_healed":0,"gold_gain":0,"player_choice":"Fight","damage_taken":0,"max_hp_gain":0,"max_hp_loss":0,"event_name":"Mysterious Sphere","floor":38,"gold_loss":0}],"is_beta":false,"boss_relics":[{"not_picked":["Philosopher\u0027s Stone","Astrolabe"],"picked":"Cursed Key"},{"not_picked":["Black Blood","Runic Pyramid"],"picked":"Pandora\u0027s Box"}],"items_purged_floors":[29,36,39,45],"is_endless":false,"potions_floor_spawned":[8,10,11,13,16,19,27,28,35,37,42,48],"killed_by":"Awakened One","ascension_level":7}}