{"host":"0cnf9zf1gia27zti","time":1607646124,"event":{"mods":["BaseMod","Colored Map","Colored Powertips","StSLib","Downfall","Replay The Spire","BetterRewards","Minty Spire (QoL Compilation)","Quick Restart","Conspire","Shade Mod","Spicy Shops","Card Forge"],"gold_per_floor":[114,114,14,14,14,14,35,35,35,35,58,58,83,108,108,234,234,259,46,46,46,60,60,104,104,129,152,195,208,208,228,228,359,359,384,397,460,460,460,493,493,516,597,638,748,36,36,59,59,59,59],"floor_reached":50,"playtime":5936,"items_purged":["Strike_G","Injury","Strike_G"],"score":868,"play_id":"d490d549-cad7-4f55-a388-b683a7394cd8","local_time":"20201211002204","is_ascension_mode":true,"campfire_choices":[{"floor":6,"key":"REST"},{"floor":8,"key":"REST"},{"data":"Footwork","floor":10,"key":"SMITH"},{"floor":15,"key":"DIG"},{"data":"After Image","floor":23,"key":"SMITH"},{"data":"Cloak And Dagger","floor":25,"key":"SMITH"},{"data":"Cloak And Dagger","floor":32,"key":"SMITH"},{"floor":41,"key":"REST"},{"floor":47,"key":"REST"},{"floor":49,"key":"REST"}],"circlet_count":0,"master_deck":["AscendersBane","Strike_G","Strike_G","Strike_G+1","Defend_G","Defend_G","Defend_G","Survivor","Neutralize","Well Laid Plans","Footwork+1","Blade Dance","Cloak And Dagger+1","Blade Dance","Backflip","Cloak And Dagger+1","Slice+1","After Image+1","Blade Dance","Infinite Blades","After Image","ReplayTheSpireMod:Speed Training","ReplayTheSpireMod:Speed Training","Blade Dance","Cloak And Dagger","Calculated Gamble","Malaise","Skewer+1","conspire:DoublingDagger+1","Blade Dance+1","Blade Dance+1","Noxious Fumes+1","ReplayTheSpireMod:Speed Training","Burst","Prepared+1","ReplayTheSpireMod:Shiv Toss","Backflip+1","Terror","Blur+1","Quick Slash+1"],"relics":["Hammer of Thor","Seething Fire","Anvil of the Gods","Dream Catcher","Snack Pack","Turnip","Golden Idol","conspire:DeflatedDodgeball","Garlic","HoveringKite","DollysMirror","Molten Egg 2","Replay:Baseball","Vajra","SacredBark","Tingsha","Omamori","Bottled Lightning","Whetstone","Oddly Smooth Stone","Shuriken","Orrery"],"acts_visited":["Exordium","TheCity","TheBeyond"],"potions_floor_usage":[13,16,22,24,27,33,37,40,40],"damage_taken":[{"damage":0,"enemies":"Small Slimes","floor":1,"turns":5},{"damage":2,"enemies":"Jaw Worm","floor":7,"turns":5},{"damage":1,"enemies":"2 Louse","floor":11,"turns":4},{"damage":0,"enemies":"Exordium Wildlife","floor":13,"turns":3},{"damage":0,"enemies":"2 Fungi Beasts","floor":14,"turns":4},{"damage":33,"enemies":"Hexaghost","floor":16,"turns":20},{"damage":0,"enemies":"Spheric Guardian","floor":18,"turns":6},{"damage":2,"enemies":"Shell Parasite","floor":22,"turns":7},{"damage":4,"enemies":"Book of Stabbing","floor":24,"turns":9},{"damage":31,"enemies":"Cultist and Chosen","floor":27,"turns":10},{"damage":32,"enemies":"Slavers","floor":28,"turns":11},{"damage":0,"enemies":"Snake Plant","floor":29,"turns":8},{"damage":14,"enemies":"Centurion and Healer","floor":31,"turns":7},{"damage":2,"enemies":"Champ","floor":33,"turns":10},{"damage":3,"enemies":"3 Shapes","floor":35,"turns":13},{"damage":43,"enemies":"3 Darklings","floor":36,"turns":7},{"damage":21,"enemies":"Mind Bloom Boss Battle","floor":37,"turns":13},{"damage":42,"enemies":"Giant Head","floor":40,"turns":12},{"damage":21,"enemies":"Writhing Mass","floor":42,"turns":19},{"damage":63,"enemies":"Reptomancer","floor":44,"turns":11},{"damage":10,"enemies":"Jaw Worm Horde","floor":48,"turns":5},{"damage":93,"enemies":"Time Eater","floor":50,"turns":8}],"seed_played":"-3688404717452513735","potions_obtained":[{"floor":1,"key":"AttackPotion"},{"floor":14,"key":"Milkshake"},{"floor":16,"key":"Weak Potion"},{"floor":18,"key":"Fire Potion"},{"floor":22,"key":"Adrenaline Potion"},{"floor":29,"key":"PowerPotion"},{"floor":35,"key":"GamblersBrew"},{"floor":39,"key":"PowerPotion"},{"floor":39,"key":"GhostInAJar"}],"is_trial":false,"path_per_floor":["M","?","$","?","$","R","M","R","T","R","M","?","M","M","R_BF","B",null,"M","$","?","$","M","R","E","R","T","M","E","M","?","M","R","B",null,"M","M","?","$","?","E","R","M","T","E","?","$","R","M","R","B"],"character_chosen":"THE_SILENT","items_purchased":["Dream Catcher","Snack Pack","Turnip","Well Laid Plans","Infinite Blades","DollysMirror","Burst","Oddly Smooth Stone","Shuriken","Orrery"],"campfire_rested":5,"item_purchase_floors":[0,0,0,0,19,19,46,46,46,46],"current_hp_per_floor":[33,33,33,26,26,47,53,70,70,70,70,70,70,70,70,39,62,70,70,70,70,70,70,70,70,70,50,40,60,60,61,61,70,70,68,43,48,48,48,40,61,70,70,35,35,35,56,54,70,0,0],"gold":59,"neow_bonus":"","is_daily":false,"chose_seed":false,"campfire_upgraded":4,"win_rate":0,"timestamp":1607646124,"path_taken":["M","?","$","?","?","R","M","R","T","R","M","?","M","M","R_BF","BOSS","M","$","?","$","M","R","E","R","T","M","E","M","?","M","R","BOSS","M","M","?","$","?","E","R","?","T","E","?","$","R","M","R","BOSS"],"build_version":"2020-11-30","purchased_purges":3,"victory":false,"max_hp_per_floor":[70,70,70,70,70,70,70,70,70,70,70,70,70,70,70,70,70,70,70,70,70,70,70,70,70,70,70,70,70,70,70,70,70,70,70,70,70,70,70,70,70,70,70,70,70,70,70,70,70,70,70],"card_choices":[{"not_picked":["Flying Knee","Dodge and Roll"],"picked":"Footwork","floor":1},{"not_picked":["Bouncing Flask","Dagger Throw"],"picked":"Blade Dance","floor":6},{"not_picked":["Bouncing Flask","Dodge and Roll"],"picked":"Cloak And Dagger","floor":7},{"not_picked":["Riddle With Holes","Terror"],"picked":"Blade Dance","floor":8},{"not_picked":["Hidden Blade","Bouncing Flask"],"picked":"Backflip","floor":11},{"not_picked":["Atom Bomb","PiercingWail"],"picked":"Cloak And Dagger","floor":13},{"not_picked":["Flying Knee","Dagger Spray"],"picked":"Slice","floor":14},{"not_picked":["Atom Bomb","Venomology"],"picked":"After Image","floor":16},{"not_picked":["Underhanded Strike","Bane"],"picked":"Blade Dance","floor":18},{"not_picked":["Toxin Wave","Sucker Punch+1"],"picked":"ReplayTheSpireMod:Speed Training","floor":22},{"not_picked":["Escape Plan+1","Predator+1","ReplayTheSpireMod:Tripwire"],"picked":"SKIP","floor":24},{"not_picked":["Draining Mist+1","Poisoned Stab+1"],"picked":"Blade Dance","floor":27},{"not_picked":["All Out Attack+1","Bouncing Flask"],"picked":"Cloak And Dagger","floor":28},{"not_picked":["Masterful Stab+1","Underhanded Strike+1"],"picked":"Calculated Gamble","floor":29},{"not_picked":["Blade Dance","Acrobatics","Eviscerate+1"],"picked":"SKIP","floor":31},{"not_picked":["Doppelganger","Poison Darts"],"picked":"Malaise","floor":33},{"not_picked":["Dodge and Roll+1","Deadly Poison"],"picked":"Skewer+1","floor":35},{"not_picked":["All Out Attack+1","Backflip+1"],"picked":"conspire:DoublingDagger+1","floor":36},{"not_picked":["ReplayTheSpireMod:Exploit Weakness+1","ReplayTheSpireMod:Tripwire+1","Dagger Spray+1"],"picked":"SKIP","floor":40},{"not_picked":["Bullet Time","Reflex"],"picked":"Blade Dance+1","floor":41},{"not_picked":["Reflex","Predator+1","Deflect"],"picked":"SKIP","floor":42},{"not_picked":["Cloak And Dagger","PiercingWail+1"],"picked":"Blade Dance+1","floor":44},{"not_picked":["Replay:Poison Smokescreen+1","Poisoned Stab+1"],"picked":"Noxious Fumes+1","floor":45},{"not_picked":["Replay:Poison Smokescreen","Flying Knee+1"],"picked":"ReplayTheSpireMod:Speed Training","floor":45},{"not_picked":["Leg Sweep+1","Bullet Time"],"picked":"Prepared+1","floor":46},{"not_picked":["Dodge and Roll","Bane+1"],"picked":"ReplayTheSpireMod:Shiv Toss","floor":46},{"not_picked":["PiercingWail","Outmaneuver+1"],"picked":"Backflip+1","floor":46},{"not_picked":["Blade Dance+1","Flying Knee+1"],"picked":"Terror","floor":47},{"not_picked":["Slice+1","PiercingWail+1"],"picked":"Blur+1","floor":48},{"not_picked":["Underhanded Strike+1","Hidden Blade+1"],"picked":"Quick Slash+1","floor":49}],"player_experience":1870868,"relics_obtained":[{"floor":9,"key":"conspire:DeflatedDodgeball"},{"floor":15,"key":"Garlic"},{"floor":24,"key":"Molten Egg 2"},{"floor":26,"key":"Replay:Baseball"},{"floor":28,"key":"Vajra"},{"floor":37,"key":"Tingsha"},{"floor":40,"key":"Omamori"},{"floor":43,"key":"Bottled Lightning"},{"floor":44,"key":"Whetstone"}],"event_choices":[{"damage_healed":0,"gold_gain":0,"player_choice":"Take Wound","damage_taken":0,"relics_obtained":["Golden Idol"],"max_hp_gain":0,"max_hp_loss":0,"event_name":"Golden Idol","floor":2,"gold_loss":0,"cards_obtained":["Injury"]},{"cards_removed":["Defend_G"],"damage_healed":0,"gold_gain":0,"player_choice":"Card Removal","damage_taken":7,"max_hp_gain":0,"max_hp_loss":0,"event_name":"Golden Wing","floor":4,"gold_loss":0},{"cards_removed":["Defend_G"],"damage_healed":0,"gold_gain":0,"player_choice":"Forget","damage_taken":0,"max_hp_gain":0,"max_hp_loss":0,"event_name":"Living Wall","floor":12,"gold_loss":0},{"damage_healed":0,"gold_gain":0,"player_choice":"Read","damage_taken":0,"max_hp_gain":0,"max_hp_loss":0,"event_name":"The Library","floor":20,"gold_loss":0,"cards_obtained":["ReplayTheSpireMod:Speed Training"]},{"damage_healed":0,"gold_gain":0,"player_choice":"Ignored","damage_taken":0,"max_hp_gain":0,"max_hp_loss":0,"event_name":"Vampires","floor":30,"gold_loss":0},{"damage_healed":0,"gold_gain":0,"player_choice":"Fight","damage_taken":0,"max_hp_gain":0,"max_hp_loss":0,"event_name":"MindBloom","floor":37,"gold_loss":0},{"damage_healed":0,"gold_gain":0,"player_choice":"Got Potions","damage_taken":0,"max_hp_gain":0,"max_hp_loss":0,"event_name":"Lab","floor":39,"gold_loss":0}],"is_beta":false,"boss_relics":[{"not_picked":["Honey Jar","Kintsugi"],"picked":"HoveringKite"},{"not_picked":["Calling Bell","Cursed Key"],"picked":"SacredBark"}],"items_purged_floors":[0,3,46],"is_endless":false,"potions_floor_spawned":[1,14,16,18,22,29,35],"killed_by":"Time Eater","ascension_level":11}}