{"host":"turdyikuxcak11ni","time":1607690887,"event":{"mods":["AchievementEnabler","BaseMod","Colored Map","Minty Spire (QoL Compilation)","SuperFastMode"],"gold_per_floor":[118,118,50,64,64,64,78,78,102,102,120,137,137,157,157,255,255,273,285,285,11,11,11],"floor_reached":22,"playtime":929,"items_purged":["Strike_P"],"score":185,"play_id":"43b3456a-d2e2-4730-bb96-4862c059f6e8","local_time":"20201211044807","is_ascension_mode":true,"campfire_choices":[{"data":"Enlightenment","floor":6,"key":"SMITH"},{"data":"BattleHymn","floor":8,"key":"SMITH"},{"floor":13,"key":"REST"},{"data":"WindmillStrike","floor":15,"key":"SMITH"}],"circlet_count":0,"master_deck":["Strike_P","Strike_P","Defend_P","Defend_P","Defend_P","Defend_P","Eruption","Vigilance","PathToVictory","WindmillStrike+1","Devotion+1","Enlightenment+1","BattleHymn+1","BattleHymn+1"],"relics":["PureWater","Bag of Preparation","Potion Belt","SlaversCollar","DollysMirror"],"acts_visited":["Exordium","TheCity"],"potions_floor_usage":[16,22,22],"damage_taken":[{"damage":0,"enemies":"2 Louse","floor":1,"turns":3},{"damage":0,"enemies":"Cultist","floor":4,"turns":2},{"damage":0,"enemies":"Small Slimes","floor":7,"turns":3},{"damage":14,"enemies":"Exordium Thugs","floor":11,"turns":4},{"damage":7,"enemies":"Blue Slaver","floor":12,"turns":3},{"damage":0,"enemies":"3 Louse","floor":14,"turns":3},{"damage":31,"enemies":"The Guardian","floor":16,"turns":7},{"damage":30,"enemies":"3 Byrds","floor":18,"turns":6},{"damage":38,"enemies":"2 Thieves","floor":19,"turns":4},{"damage":7,"enemies":"Snecko","floor":22,"turns":3}],"seed_played":"-584436874919074717","potions_obtained":[{"floor":1,"key":"CultistPotion"},{"floor":12,"key":"Weak Potion"},{"floor":16,"key":"Energy Potion"}],"is_trial":false,"path_per_floor":["M","?","$","M","?","R","M","R","T","?","M","M","R","M","R","B",null,"M","M","?","$","M"],"character_chosen":"WATCHER","items_purchased":["BattleHymn","DollysMirror","Weak Potion"],"campfire_rested":1,"item_purchase_floors":[3,21,21],"current_hp_per_floor":[72,72,72,72,65,65,65,65,65,65,51,44,65,65,65,34,72,42,4,4,4,0,0],"gold":11,"neow_bonus":"THREE_CARDS","is_daily":false,"chose_seed":false,"campfire_upgraded":3,"win_rate":0.0,"timestamp":1607690887,"path_taken":["M","?","$","?","?","R","M","R","T","?","M","?","R","M","R","BOSS","M","M","?","?","M"],"items_purchased_type":["Card","Relic","Potion"],"build_version":"2020-11-30","purchased_purges":1,"victory":false,"max_hp_per_floor":[72,72,72,72,72,72,72,72,72,72,72,72,72,72,72,72,72,72,72,72,72,72,72],"card_choices":[{"not_picked":["Meditate","Halt"],"picked":"PathToVictory","floor":0},{"not_picked":["FlyingSleeves","FlurryOfBlows"],"picked":"WindmillStrike","floor":1},{"not_picked":["JustLucky","BowlingBash"],"picked":"Adaptation","floor":4},{"not_picked":["Perseverance","FollowUp","JustLucky"],"picked":"SKIP","floor":7},{"not_picked":["Wallop","EmptyFist","CutThroughFate"],"picked":"SKIP","floor":11},{"not_picked":["BowlingBash","EmptyFist","ThirdEye"],"picked":"SKIP","floor":12},{"not_picked":["Prostrate","Pray","Halt"],"picked":"SKIP","floor":14},{"not_picked":["Vengeance","Prostrate","Indignation"],"picked":"SKIP","floor":18},{"not_picked":["ClearTheMind","FlyingSleeves","InnerPeace"],"picked":"SKIP","floor":19}],"player_experience":197158,"relics_obtained":[{"floor":9,"key":"Bag of Preparation"}],"event_choices":[{"damage_healed":0,"gold_gain":0,"player_choice":"2 cards matched","damage_taken":0,"max_hp_gain":0,"max_hp_loss":0,"event_name":"Match and Keep!","floor":2,"gold_loss":0,"cards_obtained":["Devotion","Enlightenment"]},{"cards_removed":["Strike_P"],"damage_healed":0,"gold_gain":0,"player_choice":"Card Removal","damage_taken":7,"max_hp_gain":0,"max_hp_loss":0,"event_name":"Golden Wing","floor":5,"gold_loss":0},{"cards_removed":["Adaptation"],"damage_healed":0,"gold_gain":0,"player_choice":"Gave Card","damage_taken":0,"relics_obtained":["Potion Belt"],"max_hp_gain":0,"max_hp_loss":0,"event_name":"WeMeetAgain","floor":10,"gold_loss":0},{"damage_healed":0,"gold_gain":0,"player_choice":"Upgraded","damage_taken":0,"max_hp_gain":0,"max_hp_loss":0,"event_name":"Upgrade Shrine","floor":20,"gold_loss":0,"cards_upgraded":["Devotion"]}],"is_beta":false,"boss_relics":[{"not_picked":["Runic Pyramid","Coffee Dripper"],"picked":"SlaversCollar"}],"items_purged_floors":[21],"is_endless":false,"potions_floor_spawned":[1,12,16],"killed_by":"Snecko","ascension_level":1}}