{"host":"agela5aetnmltfvm","time":1607698762,"event":{"mods":["BaseMod","Colored Map","Jorbs\u0027s Wanderer Trilogy","Lobotomy","Minty Spire (QoL Compilation)","Replay The Spire","StSLib","The Hierophant","The Jungle","The Runesmith"],"gold_per_floor":[109,184,16,31,45,45,70,86,113,124,124,143,177,193,193,293,293,310,250,270,283,40,72,90,103,103,203,21,31,48,60,60,160,160,172,172,183,58,58,58,84,103,103,113,132,167,167,180,180,180],"floor_reached":51,"playtime":2859,"items_purged":["Runesmith:Strike_RS","Runesmith:Strike_RS","Runesmith:MetallurgicalResearch+1"],"score":922,"play_id":"9a3e5b24-4219-4712-b2fd-118d109c3618","local_time":"20201211225922","is_ascension_mode":false,"campfire_choices":[{"data":"Runesmith:Permafrost","floor":6,"key":"SMITH"},{"data":"Runesmith:OneForEveryone","floor":11,"key":"SMITH"},{"data":"Runesmith:MetallurgicalResearch","floor":15,"key":"SMITH"},{"floor":40,"key":"REST"},{"floor":49,"key":"REST"}],"circlet_count":0,"master_deck":["Runesmith:Strike_RS","Runesmith:Fortify","Runesmith:Retool","Runesmith:Permafrost+1","Finesse","Runesmith:OneForEveryone+1","Runesmith:Firewall","Runesmith:ChaoticBlast","Runesmith:UnlimitedPower","Runesmith:Superposition","Runesmith:CraftMagma","Runesmith:CraftProtectio+1","Runesmith:ReplicatingBarrier","Enlightenment","Runesmith:Retool","Runesmith:LithiumIon+1","Runesmith:LightningRod","Runesmith:HeatExchange+1","Runesmith:MetallurgicalResearch+1","Runesmith:BackupBattery+1","Runesmith:Retool+1"],"relics":["Runesmith:BrokenRuby","Ancient Tea Set","Replay:Baseball","Runesmith:AutoHammer","Runesmith:UraniumAnvil","Meat on the Bone","ReplayFunnel","Divine Protection","Runesmith:Locket","Replay:Accelerometer","Replay:Grab Bag","Sozu","Fusion Hammer","Empty Cage","Astrolabe","Singing Bowl","Replay:Rubber Ducky","Mirror","Runesmith:EmergencyProvisions"],"acts_visited":["Exordium","TheCity","TheBeyond"],"potions_floor_usage":[7,14,16,27,27,33],"damage_taken":[{"damage":0,"enemies":"Jaw Worm","floor":1,"turns":5},{"damage":0,"enemies":"Cultist","floor":4,"turns":4},{"damage":2,"enemies":"2 Louse","floor":5,"turns":3},{"damage":20,"enemies":"Lagavulin","floor":7,"turns":9},{"damage":0,"enemies":"Large Slime","floor":8,"turns":4},{"damage":1,"enemies":"Lots of Slimes","floor":10,"turns":5},{"damage":0,"enemies":"2 Fungi Beasts","floor":12,"turns":3},{"damage":9,"enemies":"3 Sentries","floor":13,"turns":4},{"damage":10,"enemies":"Exordium Thugs","floor":14,"turns":4},{"damage":0,"enemies":"Slime Boss","floor":16,"turns":4},{"damage":16,"enemies":"Spheric Guardian","floor":18,"turns":6},{"damage":0,"enemies":"Shell Parasite","floor":20,"turns":5},{"damage":21,"enemies":"Snake Plant","floor":21,"turns":6},{"damage":1,"enemies":"Replay:Snechameleon","floor":23,"turns":9},{"damage":21,"enemies":"Sentry and Sphere","floor":24,"turns":5},{"damage":27,"enemies":"Shelled Parasite and Fungi","floor":25,"turns":4},{"damage":0,"enemies":"Colosseum Slavers","floor":27,"turns":4},{"damage":0,"enemies":"Colosseum Nobs","floor":27,"turns":3},{"damage":0,"enemies":"Chosen and Byrds","floor":29,"turns":5},{"damage":0,"enemies":"3 Cultists","floor":30,"turns":4},{"damage":0,"enemies":"Snake Plant","floor":31,"turns":4},{"damage":0,"enemies":"Champ","floor":33,"turns":7},{"damage":0,"enemies":"3 Shapes","floor":35,"turns":2},{"damage":0,"enemies":"3 Darklings","floor":37,"turns":3},{"damage":0,"enemies":"R_Hoarder","floor":41,"turns":4},{"damage":0,"enemies":"Maw","floor":42,"turns":5},{"damage":4,"enemies":"Jaw Worm Horde","floor":44,"turns":4},{"damage":0,"enemies":"3 Darklings","floor":45,"turns":3},{"damage":0,"enemies":"Nemesis","floor":46,"turns":3},{"damage":0,"enemies":"Writhing Mass","floor":48,"turns":4},{"damage":4,"enemies":"Time Eater","floor":50,"turns":9}],"seed_played":"6614152033356426315","potions_obtained":[{"floor":1,"key":"Fire Potion"},{"floor":5,"key":"Fruit Juice"},{"floor":8,"key":"PowerPotion"},{"floor":13,"key":"SteroidPotion"},{"floor":16,"key":"BlessingOfTheForge"},{"floor":20,"key":"SpeedPotion"},{"floor":25,"key":"Adrenaline Potion"},{"floor":27,"key":"Weak Potion"},{"floor":30,"key":"SteroidPotion"}],"is_trial":false,"path_per_floor":["M","?","$","M","M","R","E","M","T","M","R","M","E","M","R","B",null,"M","?","M","M","$","E","M","M","T","?","$","M","M","M","R_BF","B",null,"M","?","M","$","?","R","E","M","T","M","M","E","T","M","R","B",null],"character_chosen":"RUNESMITH_CLASS","items_purchased":["Finesse","Meat on the Bone","Enlightenment"],"campfire_rested":2,"item_purchase_floors":[3,22,28],"current_hp_per_floor":[70,59,59,59,57,57,42,42,42,41,41,41,32,22,22,22,75,59,59,59,38,38,49,40,25,25,49,49,49,49,49,49,49,75,75,75,75,75,75,75,77,79,79,77,77,79,79,81,85,81],"gold":180,"neow_bonus":"THREE_CARDS","is_daily":false,"chose_seed":false,"campfire_upgraded":3,"win_rate":0.0,"timestamp":1607698762,"path_taken":["M","?","$","M","M","R","E","M","T","M","R","M","E","M","R","BOSS","M","?","?","M","?","E","M","M","T","?","$","M","M","M","R_BF","BOSS","M","?","M","?","?","R","E","M","T","?","M","E","?","M","R","BOSS"],"items_purchased_type":["Card","Relic","Card"],"build_version":"2020-11-30","purchased_purges":3,"victory":true,"max_hp_per_floor":[70,70,70,70,70,70,75,75,75,75,75,75,75,75,75,75,75,75,75,75,75,75,75,75,75,75,75,75,75,75,75,75,75,75,75,75,75,75,75,75,77,79,79,81,81,83,83,85,85,85],"card_choices":[{"not_picked":["Runesmith:DoubleUp","Runesmith:Permafrost"],"picked":"Runesmith:Retool","floor":0},{"not_picked":["Runesmith:Superposition","Runesmith:HeatExchange"],"picked":"Runesmith:Permafrost","floor":1},{"not_picked":["Runesmith:Augment","Runesmith:EarthShield"],"picked":"Runesmith:OneForEveryone","floor":4},{"not_picked":["Runesmith:Prism","Runesmith:CraftSpiculum"],"picked":"Runesmith:Firewall","floor":5},{"not_picked":["Runesmith:Repurpose","Runesmith:EarthShield"],"picked":"Runesmith:HammerThrow","floor":7},{"not_picked":["Runesmith:Retool","Runesmith:ChiselStab","Runesmith:UnstableHammer"],"picked":"SKIP","floor":8},{"not_picked":["Runesmith:Refine","Runesmith:EnergizedChisel"],"picked":"Runesmith:ChaoticBlast","floor":10},{"not_picked":["Runesmith:EarthShield","Runesmith:Grindstone"],"picked":"Runesmith:MetallurgicalResearch","floor":12},{"not_picked":["Runesmith:BackupBattery","Runesmith:HeatedChisel","Runesmith:StaticCage"],"picked":"SKIP","floor":13},{"not_picked":["Runesmith:EnergizedChisel","Runesmith:Malloc","Runesmith:Overpower"],"picked":"SKIP","floor":14},{"not_picked":["Runesmith:GrandSlam","Runesmith:GenerateForcefield"],"picked":"Runesmith:UnlimitedPower","floor":16},{"not_picked":["Runesmith:Grindstone","Runesmith:HammerTime","Runesmith:BackupBattery"],"picked":"SKIP","floor":18},{"not_picked":["Runesmith:EnergizedChisel","Runesmith:Repurpose","Runesmith:DoubleUp"],"picked":"SKIP","floor":20},{"not_picked":["Runesmith:Overpower+1","Runesmith:PerfectChisel"],"picked":"Runesmith:Superposition","floor":21},{"not_picked":["Runesmith:CraftReservo","Runesmith:HeatExchange+1"],"picked":"Runesmith:CraftMagma","floor":23},{"not_picked":["Runesmith:Reinforce","Runesmith:HeatedChisel","Runesmith:MakeshiftArmor+1"],"picked":"SKIP","floor":24},{"not_picked":["Runesmith:Repurpose","Runesmith:Overpower+1"],"picked":"Runesmith:CraftProtectio+1","floor":25},{"not_picked":["Runesmith:EarthShield","Runesmith:CraftObretio"],"picked":"Runesmith:ReplicatingBarrier","floor":27},{"not_picked":["Runesmith:Firewall+1","Runesmith:Overpower"],"picked":"Runesmith:Retool","floor":29},{"not_picked":["Runesmith:NanitesCloud","Runesmith:StaticCage"],"picked":"Runesmith:LithiumIon+1","floor":30},{"not_picked":["Runesmith:Overpower","Runesmith:Grindstone+1","Runesmith:EarthShield+1"],"picked":"SKIP","floor":31},{"not_picked":["Runesmith:MetallurgicalResearch","Runesmith:DuctTape"],"picked":"Runesmith:LightningRod","floor":33},{"not_picked":["Runesmith:EnergizedChisel+1","Runesmith:CraftProtectio+1","Runesmith:HammerAndChisel+1"],"picked":"SKIP","floor":35},{"not_picked":["Runesmith:EnergizedChisel","Runesmith:ChargedHammer","Runesmith:EarthShield+1"],"picked":"SKIP","floor":37},{"not_picked":["Runesmith:ChiselStab+1","Runesmith:MakeshiftArmor","Runesmith:Malloc+1"],"picked":"Singing Bowl","floor":41},{"not_picked":["Runesmith:BackupBattery","Runesmith:HammerThrow","Runesmith:DoubleUp"],"picked":"Singing Bowl","floor":42},{"not_picked":["Runesmith:Overpower","Runesmith:MakeshiftArmor+1","Runesmith:ElementalConversion+1"],"picked":"Singing Bowl","floor":44},{"not_picked":["Runesmith:Repurpose","Runesmith:StaticCage"],"picked":"Runesmith:Retool+1","floor":45},{"not_picked":["Runesmith:HammerTime","Runesmith:NanitesCloud","Runesmith:UnstableHammer+1"],"picked":"Singing Bowl","floor":46},{"not_picked":["Runesmith:GoWithTheFlow","Runesmith:RuneHurl","Runesmith:HeatedChisel+1"],"picked":"Singing Bowl","floor":48}],"player_experience":502572,"relics_obtained":[{"floor":7,"key":"Ancient Tea Set"},{"floor":9,"key":"Replay:Baseball"},{"floor":13,"key":"Runesmith:AutoHammer"},{"floor":23,"key":"ReplayFunnel"},{"floor":26,"key":"Divine Protection"},{"floor":27,"key":"Runesmith:Locket"},{"floor":27,"key":"Replay:Accelerometer"},{"floor":41,"key":"Singing Bowl"},{"floor":43,"key":"Replay:Rubber Ducky"},{"floor":46,"key":"Mirror"},{"floor":47,"key":"Runesmith:EmergencyProvisions"}],"event_choices":[{"damage_healed":0,"gold_gain":75,"player_choice":"Gather Gold","damage_taken":11,"max_hp_gain":0,"max_hp_loss":0,"event_name":"World of Goop","floor":2,"gold_loss":0},{"cards_removed":["Runesmith:HammerThrow"],"damage_healed":0,"gold_gain":0,"player_choice":"Single Remove","damage_taken":0,"max_hp_gain":0,"max_hp_loss":0,"event_name":"Designer","floor":19,"gold_loss":60},{"damage_healed":0,"gold_gain":0,"player_choice":"Fight","damage_taken":0,"max_hp_gain":0,"max_hp_loss":0,"event_name":"Colosseum","floor":27,"gold_loss":0},{"damage_healed":0,"gold_gain":0,"player_choice":"Fought Nobs","damage_taken":0,"max_hp_gain":0,"max_hp_loss":0,"event_name":"Colosseum","floor":27,"gold_loss":0},{"damage_healed":0,"gold_gain":0,"player_choice":"Got Potions","damage_taken":0,"max_hp_gain":0,"max_hp_loss":0,"event_name":"Lab","floor":36,"gold_loss":0},{"cards_removed":["Runesmith:Defend_RS"],"damage_healed":0,"gold_gain":0,"player_choice":"Offered Basic","damage_taken":0,"max_hp_gain":0,"max_hp_loss":0,"event_name":"Bonfire Elementals","floor":39,"gold_loss":0}],"is_beta":false,"boss_relics":[{"not_picked":["ChewingGum","Ring of Chaos"],"picked":"Runesmith:UraniumAnvil"},{"not_picked":["Cursed Key","Runic Dome"],"picked":"Replay:Grab Bag"},{"not_picked":["Coffee Dripper","Philosopher\u0027s Stone"],"picked":"Sozu"},{"not_picked":["Velvet Choker","SlaversCollar"],"picked":"Fusion Hammer"},{"not_picked":["SacredBark","Runesmith:PocketReactor"],"picked":"Empty Cage"},{"not_picked":["Runic Pyramid","Tiny House"],"picked":"Astrolabe"}],"items_purged_floors":[3,28,38],"is_endless":false,"potions_floor_spawned":[1,5,8,13,16,20,25,27,27,30,31,35,37,44,45],"ascension_level":0}}