{"host":"njruw0b0uprlitpx","time":1607674975,"event":{"mods":["2.2 Compatiblity","AchievementEnabler","Aspiration","BaseMod","Block Reminder","Colored Map","Colored Powertips","Jedi Mod","Keyboard Shortcuts","Minty Spire (QoL Compilation)","Replay The Spire","Spicy Shops","StSLib","SuperFastMode","The Bug Knight"],"gold_per_floor":[112,0,17,17,32,32,107,107,107,142,15,15,50,69,69,176,176,200,218,218,277,300,300,339,63,90,90,90,112,112,46,46,160,260,288,288,297,297,310,310,310,310,310,310,310,328,346,381,381,381,381],"floor_reached":50,"playtime":4776,"items_purged":["Strike_G","Defend_G"],"score":567,"play_id":"b91809b0-5570-4438-b3cb-ec4a242b308d","local_time":"20201211022255","is_ascension_mode":false,"campfire_choices":[{"data":"Replay:Bag of Tricks","floor":6,"key":"SMITH"},{"data":"Noxious Fumes","floor":8,"key":"SMITH"},{"floor":12,"key":"REST"},{"data":"Terror","floor":15,"key":"SMITH"},{"floor":23,"key":"REST"},{"data":"Catalyst","floor":28,"key":"SMITH"},{"data":"jedi:cleanse","floor":30,"key":"SMITH"},{"data":"Wraith Form v2","floor":32,"key":"SMITH"},{"data":"Doppelganger","floor":40,"key":"SMITH"},{"data":"Tools of the Trade","floor":42,"key":"SMITH"},{"data":"Chrysalis","floor":44,"key":"SMITH"},{"data":"Midas Touch","floor":49,"key":"SMITH"}],"circlet_count":0,"master_deck":["Strike_G","Strike_G","Defend_G","Defend_G","Survivor","Neutralize","Replay:Bag of Tricks+1","Escape Plan","jedi:studypoison+1","Noxious Fumes+1","Backflip","Flying Knee","Terror+1","Bullet Time","Fluid Movement","Catalyst+1","Backstab","Well Laid Plans","Doppelganger+1","jedi:collectorvenom+1","Wraith Form v2+1","jedi:cleanse+1","Chrysalis+1","Survey Options","Footwork","Accuracy","Tools of the Trade+1","Replay:Poison Smokescreen","Midas Touch+1"],"relics":["Ring of the Snake","Dream Catcher","CeramicFish","aspiration:DSix","Philosopher\u0027s Stone","jedi:ghostblades","ReplayTheSpireMod:Lightbulb","jedi:fakemustache","ReplayTheSpireMod:ShopPack","ReplayTheSpireMod:TigerMarble","aspiration:Nostalgia","Sizzling Blood","Replay:Wanted Poster","Sundial","Juzu Bracelet"],"acts_visited":["Exordium","TheCity","TheBeyond"],"potions_floor_usage":[10,16,16,16,29,35,35,48],"damage_taken":[{"damage":3,"enemies":"Small Slimes","floor":1,"turns":4},{"damage":0,"enemies":"Cultist","floor":3,"turns":3},{"damage":0,"enemies":"2 Louse","floor":5,"turns":3},{"damage":15,"enemies":"Gremlin Nob","floor":10,"turns":4},{"damage":15,"enemies":"Lagavulin","floor":13,"turns":7},{"damage":0,"enemies":"2 Fungi Beasts","floor":14,"turns":3},{"damage":18,"enemies":"The Guardian","floor":16,"turns":6},{"damage":0,"enemies":"3 Byrds","floor":18,"turns":4},{"damage":4,"enemies":"2 Thieves","floor":22,"turns":2},{"damage":4,"enemies":"Replay:Snechameleon","floor":24,"turns":4},{"damage":21,"enemies":"Snake Plant","floor":29,"turns":4},{"damage":36,"enemies":"Collector","floor":33,"turns":9},{"damage":2,"enemies":"3 Darklings","floor":35,"turns":4},{"damage":2,"enemies":"3 Shapes","floor":39,"turns":4},{"damage":10,"enemies":"3 Darklings","floor":46,"turns":4},{"damage":4,"enemies":"Maw","floor":47,"turns":5},{"damage":0,"enemies":"Reptomancer","floor":48,"turns":6},{"damage":75,"enemies":"Time Eater","floor":50,"turns":11}],"seed_played":"-539278914003156055","potions_obtained":[{"floor":3,"key":"Milkshake"},{"floor":5,"key":"Regen Potion"},{"floor":14,"key":"LiquidBronze"},{"floor":24,"key":"Venom Potion"},{"floor":29,"key":"SpeedPotion"},{"floor":46,"key":"Elixir"},{"floor":48,"key":"SpeedPotion"}],"is_trial":false,"path_per_floor":["M","$","M","?","M","R","?","R","T","E","$","R","E","M","R","B",null,"M","?","?","?","M","R","E","$","T","T","R","M","R","$","R","B",null,"M","?","?","?","M","R","?","R","T","R","$","M","M","E","R","B"],"character_chosen":"THE_SILENT","items_purchased":["jedi:studypoison","Dexterity Potion","jedi:fakemustache","ReplayTheSpireMod:ShopPack","Accuracy"],"campfire_rested":2,"item_purchase_floors":[2,11,25,25,31],"current_hp_per_floor":[67,67,67,67,67,67,56,56,56,50,50,70,55,55,55,37,70,70,70,70,42,38,59,55,70,70,74,74,57,57,62,62,30,74,74,74,74,74,74,74,74,74,74,74,74,68,68,72,72,0,0],"gold":381,"neow_bonus":"TRANSFORM_CARD","is_daily":false,"chose_seed":false,"campfire_upgraded":10,"win_rate":0.0,"timestamp":1607674975,"path_taken":["M","$","M","?","?","R","?","R","T","E","$","R","E","M","R","BOSS","M","?","?","?","M","R","E","?","T","?","R","?","R","$","R","BOSS","M","?","?","?","M","R","?","R","T","R","$","?","M","E","R","BOSS"],"items_purchased_type":["Card","Potion","Relic","Relic","Card"],"build_version":"2020-11-30","purchased_purges":2,"victory":false,"max_hp_per_floor":[70,70,70,70,70,70,70,70,70,70,70,70,70,70,70,70,70,70,70,70,70,70,70,70,70,70,74,74,74,74,74,74,74,74,74,74,74,74,74,74,74,74,74,74,74,74,74,74,74,74,74],"card_choices":[{"not_picked":["Sucker Punch","Acrobatics"],"picked":"Escape Plan","floor":1},{"not_picked":["jedi:acidrain","Cloak And Dagger"],"picked":"Noxious Fumes","floor":3},{"not_picked":["Cloak And Dagger","Dagger Throw"],"picked":"Backflip","floor":5},{"not_picked":["Prepared","ReplayTheSpireMod:Exploit Weakness"],"picked":"Flying Knee","floor":10},{"not_picked":["Escape Plan","Adrenaline"],"picked":"Bane","floor":13},{"not_picked":["ReplayTheSpireMod:Scrap Shanks","PiercingWail"],"picked":"Terror","floor":14},{"not_picked":["Doppelganger","jedi:studyshivs"],"picked":"Bullet Time","floor":16},{"not_picked":["Blade Dance","Outmaneuver"],"picked":"Fluid Movement","floor":18},{"not_picked":["PiercingWail","ReplayTheSpireMod:Exploit Weakness"],"picked":"Well Laid Plans","floor":21},{"not_picked":["Poisoned Stab","Dagger Throw+1"],"picked":"Doppelganger","floor":21},{"not_picked":["Cloak And Dagger","Outmaneuver"],"picked":"jedi:collectorvenom+1","floor":22},{"not_picked":["Dagger Spray+1","Deadly Poison"],"picked":"Wraith Form v2","floor":24},{"not_picked":["Transmutation","Thinking Ahead"],"picked":"jedi:cleanse","floor":25},{"not_picked":["Magnetism","The Bomb"],"picked":"Chrysalis","floor":25},{"not_picked":["Trip","Replay:Bootleg Shield Generator"],"picked":"Survey Options","floor":25},{"not_picked":["Flechettes","Deflect"],"picked":"Footwork","floor":29},{"not_picked":["Bullet Time","Die Die Die"],"picked":"Tools of the Trade","floor":33},{"not_picked":["Terror+1","Flying Knee"],"picked":"Replay:Poison Smokescreen","floor":35},{"not_picked":["Survey Options","Chrysalis"],"picked":"Midas Touch","floor":37},{"not_picked":["Acrobatics","PiercingWail+1","Tactician"],"picked":"SKIP","floor":39},{"not_picked":["Deflect","Dodge and Roll+1","Cloak And Dagger"],"picked":"SKIP","floor":46},{"not_picked":["Flying Knee","Outmaneuver+1","Caltrops"],"picked":"SKIP","floor":47},{"not_picked":["Dodge and Roll","ReplayTheSpireMod:The Works"],"picked":"jedi:collectorvenom+1","floor":48}],"player_experience":1064944,"relics_obtained":[{"floor":9,"key":"Dream Catcher"},{"floor":10,"key":"CeramicFish"},{"floor":13,"key":"aspiration:DSix"},{"floor":21,"key":"jedi:ghostblades"},{"floor":24,"key":"ReplayTheSpireMod:Lightbulb"},{"floor":26,"key":"ReplayTheSpireMod:TigerMarble"},{"floor":27,"key":"aspiration:Nostalgia"},{"floor":43,"key":"Sundial"},{"floor":48,"key":"Juzu Bracelet"}],"event_choices":[{"damage_healed":0,"gold_gain":0,"player_choice":"Forge","damage_taken":0,"max_hp_gain":0,"max_hp_loss":0,"event_name":"Accursed Blacksmith","floor":4,"gold_loss":0,"cards_upgraded":["jedi:studypoison"]},{"damage_healed":0,"gold_gain":75,"player_choice":"Gather Gold","damage_taken":11,"max_hp_gain":0,"max_hp_loss":0,"event_name":"World of Goop","floor":7,"gold_loss":0},{"damage_healed":0,"gold_gain":0,"cards_transformed":["Defend_G","Strike_G"],"player_choice":"Became Test Subject","damage_taken":0,"max_hp_gain":0,"max_hp_loss":0,"event_name":"Drug Dealer","floor":19,"gold_loss":0,"cards_obtained":["Catalyst","Backstab"]},{"damage_healed":0,"gold_gain":0,"player_choice":"Ignored","damage_taken":0,"max_hp_gain":0,"max_hp_loss":0,"event_name":"Vampires","floor":20,"gold_loss":0},{"damage_healed":0,"gold_gain":0,"player_choice":"Ignored","damage_taken":0,"max_hp_gain":0,"max_hp_loss":0,"event_name":"Tomb of Lord Red Mask","floor":36,"gold_loss":0},{"damage_healed":0,"gold_gain":0,"player_choice":"Memory 1","damage_taken":0,"max_hp_gain":0,"max_hp_loss":0,"event_name":"SensoryStone","floor":37,"gold_loss":0},{"cards_removed":["Bane"],"damage_healed":0,"gold_gain":0,"player_choice":"Removed Attack","damage_taken":0,"max_hp_gain":0,"max_hp_loss":0,"event_name":"Falling","floor":38,"gold_loss":0},{"cards_removed":["Strike_G"],"damage_healed":0,"gold_gain":0,"player_choice":"Offered Basic","damage_taken":0,"max_hp_gain":0,"max_hp_loss":0,"event_name":"Bonfire Elementals","floor":41,"gold_loss":0}],"is_beta":false,"boss_relics":[{"not_picked":["Kintsugi","SacredBark"],"picked":"Philosopher\u0027s Stone"},{"not_picked":["ReplayTheSpireMod:DimensionalGlitch","Velvet Choker"],"picked":"Replay:Wanted Poster"}],"items_purged_floors":[11,25],"is_endless":false,"potions_floor_spawned":[3,5,14,24,29,46,48],"killed_by":"Time Eater","ascension_level":0}}