{"host":"hb4vxw74c1uv2sb0","time":1607663250,"event":{"mods":["AchievementEnabler","AlwaysNeverKeys","Aspiration","BaseMod","Better Altar","Better Match","Better Note","Better Sensory Stone","Better Skull","Better Third Choice","BetterRewards","CCEM","Card Forge","Colored Map","Colored Powertips","Conspire","Defuse TimeMaze Blight","Energized Spire","GifTheSpireLib","Googly Eyes","Highlight Path","Infinite Spire","JesterMod","Jorbs\u0027s Wanderer Trilogy","Luminous","Mad Scientist","Marisa????????","Minty Spire (QoL Compilation)","Permanent Neow","Replay The Spire","Shade Mod","Shop Mod","StSLib","The Cursed","The Death Knight","The Forsaken","The Hierophant","The Judge","The Necromancer","The Senshi","The Servant 0.9.4"],"gold_per_floor":[111,72,72,120,179,235,244,244,244,244,251,292,292,389,389,457,457,519,519,484,484,528,528,528,528,528,646,743,823,140,372,372,455,455,619,448,642,893,1102,1102,1379,1379,1379,887,1089,1089,842,842,842,585,585,585,108,108,59,59],"floor_reached":55,"playtime":7322,"items_purged":["hierophant:Strike_Hierophant","hierophant:Strike_Hierophant","hierophant:Strike_Hierophant","WordoMod:Petrified","hierophant:Defend_Hierophant"],"score":1107,"play_id":"00971da4-ee48-49ca-abbc-6581a16eae2c","local_time":"20201210210730","is_ascension_mode":false,"campfire_choices":[{"floor":8.0,"key":"REST"},{"data":"hierophant:Refuge","floor":10.0,"key":"SMITH"},{"floor":13.0,"key":"REST"},{"data":"hierophant:RustyCrate","floor":15.0,"key":"SMITH"},{"data":"The Bomb","floor":23.0,"key":"SMITH"},{"data":"hierophant:Remorse","floor":25.0,"key":"SMITH"},{"floor":32.0,"key":"REST"},{"data":"hierophant:Community","floor":32.0,"key":"SMITH"},{"floor":40.0,"key":"REST"},{"data":"hierophant:ChurchCoffers","floor":40.0,"key":"SMITH"},{"floor":42.0,"key":"REST"},{"data":"hierophant:Cornucopia","floor":42.0,"key":"SMITH"},{"floor":46.0,"key":"REST"},{"data":"hierophant:RustyCrate","floor":46.0,"key":"SMITH"},{"data":"Apotheosis","floor":49.0,"key":"SMITH"},{"data":"ReplayTheSpireMod:Echoes of Time","floor":52.0,"key":"SMITH"}],"circlet_count":0,"master_deck":["hierophant:Defend_Hierophant","hierophant:Defend_Hierophant","hierophant:ChurchCoffers+1","hierophant:Refuge+1","hierophant:Doubloon+1","hierophant:Remorse","hierophant:Doubloon+1","The Bomb+1","hierophant:Community","hierophant:Refuge+1","hierophant:Doubloon+1","hierophant:RustyCrate","hierophant:Doubloon+1","hierophant:Doubloon+1","hierophant:Remorse+1","hierophant:Remorse","hierophant:Doubloon+1","hierophant:Doubloon+1","hierophant:Doubloon+1","hierophant:CoinFling","hierophant:Blessing","hierophant:Cornucopia+1","hierophant:Smite+1","hierophant:RustyCrate+1","hierophant:Doubloon+1","hierophant:Doubloon+1","hierophant:AuricForm","hierophant:Community+1","infinitespire:TheBestDefense","hierophant:Doubloon+1","hierophant:CoinFling+1","hierophant:HolyVerse","hierophant:Doubloon+1","hierophant:Kindle","Chrysalis","hierophant:RustyCrate","hierophant:RustyCrate+1","hierophant:Doubloon+1","hierophant:Doubloon+1","hierophant:Doubloon+1","hierophant:Doubloon+1","hierophant:Doubloon+1","hierophant:Refuge","hierophant:Kindle","hierophant:HolyVerse+1","hierophant:RustyCrate+1","hierophant:Doubloon+1","hierophant:Doubloon+1","hierophant:HolyVerse","hierophant:Zeal+1","hierophant:Invocation","ReplayTheSpireMod:Echoes of Time+1","Apotheosis+1","Bandage Up","Mayhem","The Bomb","hierophant:Racketeering"],"relics":["Hammer of Thor","Seething Fire","Anvil of the Gods","aspiration:AnachronicSnailShell","Replay:Wax Seal","Golden Idol","Blood Vial","infinitespire:BottledMercury","energizedSpire:EnergizedDie","Nloth\u0027s Gift","Black Star","Replay:Bottled Eggs","Replay:Mystery Machine","Bottled Flame","infinitespire:Magic Flask","Strange Spoon","Orichalcum","CCEMRelics:GrindingGear","theForsaken:PaleLantern","Unceasing Top","CatCart","Replay:Bandana","ReplayTheSpireMod:ShopPack","Whetstone","Lantern","aspiration:ChemicalBlood"],"acts_visited":["Exordium","TheCity","TheBeyond","TheEnding"],"potions_floor_usage":[55,55,55,55,55,55,55],"damage_taken":[{"damage":4.0,"enemies":"conspire:RoseBush","floor":1.0,"turns":7.0},{"damage":0.0,"enemies":"2 Louse","floor":4.0,"turns":2.0},{"damage":0.0,"enemies":"Cultist","floor":5.0,"turns":6.0},{"damage":10.0,"enemies":"Gremlin Nob","floor":6.0,"turns":3.0},{"damage":8.0,"enemies":"3 Louse","floor":7.0,"turns":5.0},{"damage":12.0,"enemies":"conspire:2 RoseBushes","floor":11.0,"turns":5.0},{"damage":6.0,"enemies":"Exordium Thugs","floor":12.0,"turns":6.0},{"damage":6.0,"enemies":"3 Louse","floor":14.0,"turns":5.0},{"damage":19.0,"enemies":"Hexaghost","floor":16.0,"turns":8.0},{"damage":0.0,"enemies":"Chosen","floor":18.0,"turns":7.0},{"damage":0.0,"enemies":"Spheric Guardian","floor":22.0,"turns":9.0},{"damage":16.0,"enemies":"Snake Plant","floor":27.0,"turns":10.0},{"damage":21.0,"enemies":"conspire:HollyBat","floor":28.0,"turns":12.0},{"damage":25.0,"enemies":"Replay:Snechameleon","floor":29.0,"turns":5.0},{"damage":32.0,"enemies":"conspire:Head Lice","floor":31.0,"turns":14.0},{"damage":16.0,"enemies":"conspire:MysteriousRune","floor":33.0,"turns":15.0},{"damage":0.0,"enemies":"3 Darklings","floor":35.0,"turns":25.0},{"damage":39.0,"enemies":"Mind Bloom Boss Battle","floor":36.0,"turns":6.0},{"damage":1.0,"enemies":"Orin","floor":37.0,"turns":3.0},{"damage":0.0,"enemies":"3 Shapes","floor":38.0,"turns":7.0},{"damage":9.0,"enemies":"Transient","floor":39.0,"turns":5.0},{"damage":28.0,"enemies":"4 Shapes","floor":41.0,"turns":6.0},{"damage":16.0,"enemies":"Sphere and 2 Shapes","floor":45.0,"turns":5.0},{"damage":11.0,"enemies":"Replay:Hell Engine","floor":50.0,"turns":13.0},{"damage":38.0,"enemies":"Shield and Spear","floor":54.0,"turns":17.0},{"damage":212,"enemies":"The Heart","floor":55,"turns":15}],"seed_played":"-3987670989162775837","potions_obtained":[{"floor":1.0,"key":"Venom Potion"},{"floor":7.0,"key":"Dexterity Potion"},{"floor":14.0,"key":"LiquidBronze"},{"floor":16.0,"key":"DistilledChaos"},{"floor":27.0,"key":"DeathKnight:RimePotion"},{"floor":28.0,"key":"Ancient Potion"},{"floor":33.0,"key":"Explosive Potion"},{"floor":37.0,"key":"Swift Potion"},{"floor":38.0,"key":"AttackPotion"}],"is_trial":false,"path_per_floor":["M","$","?","M","M","E","M","R","T","R","M","M","R","M","R","B",null,"M","?","$","AVR","M","R","?","R","T","M","M","E","$","E","R","B",null,"M","?","?","M","M","R","M","R","T","?","M","R","$","?","R","B",null,"R","$","E","B"],"character_chosen":"HIEROPHANT","items_purchased":["hierophant:Refuge+1","hierophant:Remorse","aspiration:AnachronicSnailShell","The Bomb","hierophant:Community","Replay:Wax Seal","hierophant:AuricBeam","hierophant:Refuge","hierophant:Remorse","hierophant:Community","infinitespire:Magic Flask","Strange Spoon","Chrysalis","hierophant:RustyCrate","ReplayTheSpireMod:ShopPack","Whetstone","The Bomb"],"campfire_rested":6,"item_purchase_floors":[0,0,0,0,0,0,0,0,2,20,30,30,30,30,47,53,53],"current_hp_per_floor":[71,71,53,53,53,43,44,66,66,66,63,59,75,75,75,63,75,75,75,75,75,75,75,75,75,75,66,54,38,38,15,37,30,75,75,36,37,39,32,54,35,57,57,57,43,65,65,75,75,64,75,75,75,59,0,0],"gold":59,"neow_bonus":"","is_daily":false,"chose_seed":false,"campfire_upgraded":10,"win_rate":0.0,"timestamp":1607663250,"path_taken":["M","$","?","M","M","E","M","R","T","R","M","M","R","M","R","BOSS","M","?","?","AVR","M","R","?","R","T","M","?","E","$","E","R","BOSS","M","?","?","M","M","R","M","R","T","?","?","R","$","?","R","BOSS","R","$","E","BOSS"],"items_purchased_type":["Undefined","Card","Relic","Card","Card","Relic","Card","Card","Card","Card","Relic","Relic","Card","Card","Relic","Relic","Card"],"build_version":"2020-11-30","purchased_purges":5,"victory":false,"max_hp_per_floor":[75,75,75,75,75,75,75,75,75,75,75,75,75,75,75,75,75,75,75,75,75,75,75,75,75,75,75,75,75,75,75,75,75,75,75,75,75,75,75,75,75,75,75,75,75,75,75,75,75,75,75,75,75,75,75,75],"card_choices":[{"not_picked":["hierophant:AuricBeam","hierophant:HammerAndAnvil"],"picked":"hierophant:RustyCrate","floor":1.0},{"not_picked":["hierophant:HammerAndAnvil","hierophant:FieryStrike"],"picked":"hierophant:CoinFling","floor":4.0},{"not_picked":["hierophant:Purify","hierophant:Cornucopia"],"picked":"hierophant:Blessing","floor":5.0},{"not_picked":["hierophant:Encroach","hierophant:Smite"],"picked":"hierophant:Cornucopia","floor":6.0},{"not_picked":["hierophant:SealAway","hierophant:HammerAndAnvil"],"picked":"hierophant:Smite","floor":7.0},{"not_picked":["hierophant:Empathy","hierophant:Remorse"],"picked":"hierophant:RustyCrate","floor":11.0},{"not_picked":["hierophant:OrnateJavelin","hierophant:AuricShield","hierophant:AuricBeam"],"picked":"SKIP","floor":12.0},{"not_picked":["hierophant:Purify","hierophant:SolarFlare"],"picked":"hierophant:AuricForm","floor":14.0},{"not_picked":["hierophant:BulkyChest","hierophant:WrathOfGod"],"picked":"hierophant:MintersHammer","floor":16.0},{"not_picked":["hierophant:FlamingChariot+1","hierophant:OrnateJavelin+1","hierophant:Encroach"],"picked":"SKIP","floor":18.0},{"not_picked":["hierophant:AuricBeam","hierophant:FlamingChariot"],"picked":"hierophant:CoinFling","floor":22.0},{"not_picked":["hierophant:SecretStash","hierophant:RustyCrate"],"picked":"hierophant:HolyVerse","floor":27.0},{"not_picked":["hierophant:BulkyChest","hierophant:Kindle"],"picked":"hierophant:Doubloon+1","floor":28.0},{"not_picked":["hierophant:RustyCrate","hierophant:Sermon"],"picked":"hierophant:Kindle","floor":29.0},{"not_picked":["hierophant:Martyrdom","hierophant:MirrorShield"],"picked":"hierophant:Refuge","floor":31.0},{"not_picked":["hierophant:Levitation","hierophant:Cornucopia"],"picked":"hierophant:Kindle","floor":33.0},{"not_picked":["hierophant:SealAway","hierophant:OrnateBuckler","hierophant:FaithHealing"],"picked":"SKIP","floor":35.0},{"not_picked":["hierophant:SolarFlare+1","hierophant:FieryStrike+1"],"picked":"hierophant:HolyVerse+1","floor":36.0},{"not_picked":["hierophant:CoinFling","hierophant:ThreeLashes+1"],"picked":"hierophant:RustyCrate+1","floor":37.0},{"not_picked":["hierophant:Remorse+1","hierophant:FlamingChariot+1"],"picked":"hierophant:HolyVerse","floor":38.0},{"not_picked":["hierophant:ArchangelShield","hierophant:Doubloon+1"],"picked":"hierophant:Zeal+1","floor":39.0},{"not_picked":["hierophant:Martyrdom+1","hierophant:ThreeLashes+1"],"picked":"hierophant:Invocation","floor":41.0},{"not_picked":["infinitespire:Fortify","infinitespire:SevenWalls"],"picked":"ReplayTheSpireMod:Echoes of Time","floor":44.0},{"not_picked":["hierophant:Rebuild+1","hierophant:Sermon","hierophant:Exaltation"],"picked":"SKIP","floor":45.0},{"not_picked":["PanicButton","Forethought"],"picked":"Apotheosis","floor":47.0},{"not_picked":["Madness","Forethought"],"picked":"Bandage Up","floor":47.0},{"not_picked":["Transmutation","Metamorphosis"],"picked":"Mayhem","floor":47.0},{"not_picked":["hierophant:DisplayOfPower","hierophant:Determination"],"picked":"hierophant:Racketeering","floor":54.0}],"player_experience":609010,"relics_obtained":[{"floor":6.0,"key":"Blood Vial"},{"floor":9.0,"key":"infinitespire:BottledMercury"},{"floor":26.0,"key":"Replay:Bottled Eggs"},{"floor":29.0,"key":"Replay:Mystery Machine"},{"floor":29.0,"key":"Bottled Flame"},{"floor":31.0,"key":"Orichalcum"},{"floor":31.0,"key":"CCEMRelics:GrindingGear"},{"floor":36.0,"key":"Unceasing Top"},{"floor":37.0,"key":"CatCart"},{"floor":43.0,"key":"Replay:Bandana"},{"floor":54.0,"key":"Lantern"},{"floor":54.0,"key":"aspiration:ChemicalBlood"}],"event_choices":[{"damage_healed":0.0,"max_hp_gain":0.0,"max_hp_loss":0.0,"gold_gain":0.0,"event_name":"Golden Idol","player_choice":"Take Damage","floor":3.0,"gold_loss":0.0,"damage_taken":18.0,"relics_obtained":["Golden Idol"]},{"damage_healed":0.0,"max_hp_gain":0.0,"max_hp_loss":0.0,"gold_gain":0.0,"event_name":"N\u0027loth","player_choice":"Traded Relic","floor":19.0,"relics_lost":["hierophant:PropheticMaskRelic"],"gold_loss":0.0,"damage_taken":0.0,"relics_obtained":["Nloth\u0027s Gift"]},{"cards_removed":["hierophant:Strike_Hierophant"],"damage_healed":0.0,"max_hp_gain":0.0,"max_hp_loss":0.0,"gold_gain":0.0,"event_name":"Purifier","player_choice":"Purged","floor":24.0,"gold_loss":0.0,"damage_taken":0.0},{"damage_healed":0.0,"max_hp_gain":0.0,"max_hp_loss":0.0,"gold_gain":0.0,"event_name":"MindBloom","player_choice":"Fight","floor":36.0,"gold_loss":0.0,"damage_taken":0.0},{"damage_healed":0.0,"max_hp_gain":0.0,"max_hp_loss":0.0,"gold_gain":0.0,"event_name":"OrinTheCat","player_choice":"Fight","floor":37.0,"gold_loss":0.0,"damage_taken":0.0},{"damage_healed":19.0,"max_hp_gain":0.0,"max_hp_loss":0.0,"gold_gain":0.0,"event_name":"Winding Halls","player_choice":"Writhe","floor":48.0,"gold_loss":0.0,"damage_taken":0.0,"cards_obtained":["Writhe"]}],"is_beta":false,"boss_relics":[{"not_picked":["Pandora\u0027s Box","energizedSpire:StickyHand"],"picked":"energizedSpire:EnergizedDie"},{"not_picked":["aspiration:FutureDiary","conspire:RoyalGoblet"],"picked":"theForsaken:PaleLantern"}],"items_purged_floors":[0,0,21,47,53],"is_endless":false,"potions_floor_spawned":[1,7,14,16,27,28,33,37,38],"killed_by":"The Heart","ascension_level":0}}