{"host":"dbo0lztt1pyfwysk","time":1607690797,"event":{"mods":["Act Like it!","BaseMod","Conspire","Downfall","Gensokyo","GifTheSpireLib","Hubris","Infinite Spire","KinomotoSakuraMod(????)","Koishi","Luminous","Marisa????????","Minty Spire (QoL Compilation)","Prisma Mod","Remilia??????","Replay The Spire","Shade Mod","Shop Mod","StSLib","The Gatherer"],"gold_per_floor":[116,116,116,135,160,160,195,215,215,215,267,267,285,317,317,413,413,431,101,101,121,221,251,270,270,270],"floor_reached":25,"playtime":1114,"items_purged":["Strike_G"],"score":448,"play_id":"32c01363-5769-4eb5-93f9-bff83f8701ea","local_time":"20201211134637","is_ascension_mode":true,"campfire_choices":[{"data":"ReplayTheSpireMod:Exploit Weakness","floor":6,"key":"SMITH"},{"data":"Heel Hook","floor":10,"key":"SMITH"},{"data":"Finisher","floor":12,"key":"SMITH"},{"data":"Survivor","floor":15,"key":"SMITH"}],"circlet_count":0,"master_deck":["AscendersBane","Strike_G","Strike_G","Strike_G","Defend_G","Defend_G","Defend_G","Defend_G","Defend_G","Survivor+1","Neutralize+1","Heel Hook+1","ReplayTheSpireMod:Exploit Weakness+1","Finisher+1","infinitespire:Neurotoxin+1","ReplayTheSpireMod:Speed Training+1","Slice+1"],"relics":["Ring of the Snake","NeowsBlessing","Gremlin Food","hubris:ToyBattleship","Ninja Scroll","hubris:SlimyHat","Chameleon Ring","hubris:ScarierMask","Mercury Hourglass","Art of War"],"acts_visited":["Exordium","TheCity"],"potions_floor_usage":[11,14,16,25,25],"damage_taken":[{"damage":0,"enemies":"Cultist","floor":1,"turns":1},{"damage":0,"enemies":"2 Louse","floor":4,"turns":1},{"damage":0,"enemies":"3 Sentries","floor":7,"turns":1},{"damage":0,"enemies":"Jaw Worm","floor":8,"turns":5},{"damage":8,"enemies":"Gremlin Nob","floor":11,"turns":3},{"damage":0,"enemies":"Looter","floor":13,"turns":2},{"damage":17,"enemies":"3 Sentries","floor":14,"turns":9},{"damage":28,"enemies":"Slime Boss","floor":16,"turns":14},{"damage":34,"enemies":"Spheric Guardian","floor":18,"turns":6},{"damage":7,"enemies":"Chosen","floor":21,"turns":5},{"damage":0,"enemies":"Slavers","floor":23,"turns":6},{"damage":7,"enemies":"Snecko","floor":24,"turns":5},{"damage":6,"enemies":"Snake Plant","floor":25,"turns":2}],"seed_played":"-4331228085310958829","potions_obtained":[{"floor":1,"key":"Fire Potion"},{"floor":8,"key":"ColorlessPotion"},{"floor":14,"key":"AttackPotion"},{"floor":18,"key":"Dexterity Potion"},{"floor":21,"key":"GamblersBrew"}],"is_trial":false,"path_per_floor":["M","?","?","M","T","R","E","M","T","R","E","R","M","E","R","B",null,"M","$","?","M","?","E","M","M"],"character_chosen":"THE_SILENT","items_purchased":["Mercury Hourglass"],"campfire_rested":0,"item_purchase_floors":[19],"current_hp_per_floor":[63,56,56,56,56,56,56,56,56,56,48,48,48,31,31,3,53,19,19,19,12,12,12,5,0,0],"gold":270,"neow_bonus":"THREE_ENEMY_KILL","is_daily":false,"chose_seed":false,"campfire_upgraded":4,"win_rate":0.0,"timestamp":1607690797,"path_taken":["M","?","?","?","?","R","E","M","T","R","E","R","M","E","R","BOSS","M","$","?","M","?","E","M","?"],"items_purchased_type":["Relic"],"build_version":"2020-11-30","purchased_purges":1,"victory":false,"max_hp_per_floor":[70,70,70,70,70,70,70,70,70,70,70,70,70,70,70,70,70,70,70,70,70,70,70,70,70,70],"card_choices":[{"not_picked":["Deflect","Backstab"],"picked":"Heel Hook","floor":1},{"not_picked":["Acrobatics","Deflect"],"picked":"ReplayTheSpireMod:Exploit Weakness","floor":4},{"not_picked":["Endless Agony","Cloak And Dagger","Prepared"],"picked":"SKIP","floor":7},{"not_picked":["Dagger Throw","Underhanded Strike","Endless Agony"],"picked":"SKIP","floor":8},{"not_picked":["hubris:SlightOfHand","Catalyst"],"picked":"Finisher","floor":11},{"not_picked":["hubris:Sniper","Dagger Spray","Flechettes"],"picked":"SKIP","floor":13},{"not_picked":["Replay:Poison Smokescreen","Night Terror","Outmaneuver"],"picked":"SKIP","floor":14},{"not_picked":["ReplayTheSpireMod:From All Sides","Malaise"],"picked":"infinitespire:Neurotoxin","floor":16},{"not_picked":["Underhanded Strike","Deflect"],"picked":"ReplayTheSpireMod:Speed Training+1","floor":18},{"not_picked":["Well Laid Plans+1","Poisoned Stab","hubris:SlightOfHand"],"picked":"SKIP","floor":21},{"not_picked":["Masterful Stab","hubris:SlightOfHand","Expertise"],"picked":"SKIP","floor":23},{"not_picked":["Quick Slash","Dagger Spray"],"picked":"Slice+1","floor":24}],"player_experience":601012,"relics_obtained":[{"floor":5,"key":"Gremlin Food"},{"floor":7,"key":"hubris:ToyBattleship"},{"floor":9,"key":"Ninja Scroll"},{"floor":11,"key":"hubris:SlimyHat"},{"floor":14,"key":"Chameleon Ring"},{"floor":23,"key":"Art of War"}],"event_choices":[{"cards_removed":["Strike_G"],"damage_healed":0,"gold_gain":0,"player_choice":"Card Removal","damage_taken":7,"max_hp_gain":0,"max_hp_loss":0,"event_name":"Golden Wing","floor":2,"gold_loss":0},{"damage_healed":0,"gold_gain":0,"player_choice":"Upgraded","damage_taken":0,"max_hp_gain":0,"max_hp_loss":0,"event_name":"Upgrade Shrine","floor":3,"gold_loss":0,"cards_upgraded":["Neutralize"]},{"damage_healed":0,"gold_gain":100,"player_choice":"Pray","damage_taken":0,"max_hp_gain":0,"max_hp_loss":0,"event_name":"Golden Shrine","floor":22,"gold_loss":0}],"is_beta":false,"boss_relics":[{"not_picked":["conspire:RoyalGoblet","Replay:Wanted Poster"],"picked":"hubris:ScarierMask"}],"items_purged_floors":[19],"is_endless":false,"potions_floor_spawned":[1,8,14,18,21],"killed_by":"Snake Plant","ascension_level":11}}