{"host":"3mff1044tv3dbeho","time":1607697603,"event":{"mods":["BaseMod","Downfall","Minty Spire (QoL Compilation)","StSLib"],"gold_per_floor":[119,119,139,150,162,197,197,197,221,240,240,266,57,84,84,185,185,201,201,211,211,211,241,241,241,268,178,210,210,236,255,255,353,353,366,366,385,385,405,433,433,460,486,502,534,281,281,281,281,281,281,281,2,32,32],"floor_reached":56,"playtime":5264,"items_purged":["Slimebound:CheckThePlaybook"],"score":1833,"play_id":"4f982b9e-775e-405f-a034-6599bd9069e8","local_time":"20201211154003","is_ascension_mode":true,"campfire_choices":[{"data":"Chaos","floor":7.0,"key":"SMITH"},{"data":"Dualcast","floor":11.0,"key":"SMITH"},{"floor":15.0,"key":"REST"},{"data":"Apotheosis","floor":24.0,"key":"SMITH"},{"data":"Capacitor","floor":29.0,"key":"SMITH"},{"data":"Buffer","floor":32.0,"key":"SMITH"},{"data":"expansioncontent:StudyTheSpire","floor":41.0,"key":"SMITH"},{"floor":49,"key":"RECALL"},{"floor":52,"key":"REST"}],"circlet_count":0,"master_deck":["Dualcast+1","Double Energy","Reinforced Body","Leap","Chaos+1","Compile Driver","Gash","Leap","Apotheosis+1","Gash+1","Capacitor+1","Electrodynamics","Steam Power","Double Energy","Ball Lightning","Skim","Electrodynamics","Go for the Eyes","Gash+1","Compile Driver","Buffer+1","Biased Cognition","Ball Lightning","Compile Driver","Machine Learning","Stack","expansioncontent:StudyTheSpire+1","Magnetism","Impatience","Compile Driver","Capacitor+1","Gash+1","Stack+1","Hologram+1","Stack+1","Gash+1","Machine Learning","Creative AI"],"relics":["Cracked Core","Nunchaku","Omamori","Anchor","Mummified Hand","Pandora\u0027s Box","sneckomod:BabySnecko","Toy Ornithopter","Kunai","Darkstone Periapt","Art of War","Runic Dome","Happy Flower","Potion Belt","Bag of Preparation","Centennial Puzzle","Cables","Strawberry"],"acts_visited":["Exordium","TheCity","TheBeyond","TheEnding"],"potions_floor_usage":[55,55,55,55,55],"damage_taken":[{"damage":6.0,"enemies":"Cultist","floor":1.0,"turns":3.0},{"damage":7.0,"enemies":"Jaw Worm","floor":3.0,"turns":3.0},{"damage":0.0,"enemies":"Small Slimes","floor":4.0,"turns":4.0},{"damage":1.0,"enemies":"Looter","floor":5.0,"turns":4.0},{"damage":32.0,"enemies":"3 Sentries","floor":6.0,"turns":12.0},{"damage":13.0,"enemies":"Large Slime","floor":10.0,"turns":6.0},{"damage":5.0,"enemies":"Lagavulin","floor":12.0,"turns":7.0},{"damage":14.0,"enemies":"3 Sentries","floor":14.0,"turns":7.0},{"damage":21.0,"enemies":"The Guardian","floor":16.0,"turns":8.0},{"damage":0.0,"enemies":"Chosen","floor":18.0,"turns":4.0},{"damage":0.0,"enemies":"3 Byrds","floor":20.0,"turns":3.0},{"damage":4.0,"enemies":"Slavers","floor":23.0,"turns":2.0},{"damage":16.0,"enemies":"Gremlin Leader","floor":28.0,"turns":3.0},{"damage":0.0,"enemies":"Book of Stabbing","floor":30.0,"turns":3.0},{"damage":19.0,"enemies":"Shelled Parasite and Fungi","floor":31.0,"turns":3.0},{"damage":28.0,"enemies":"Champ","floor":33.0,"turns":6.0},{"damage":14.0,"enemies":"3 Shapes","floor":35.0,"turns":2.0},{"damage":3.0,"enemies":"Orb Walker","floor":37.0,"turns":2.0},{"damage":0.0,"enemies":"Spire Growth","floor":39.0,"turns":3.0},{"damage":15.0,"enemies":"Giant Head","floor":40.0,"turns":5.0},{"damage":3.0,"enemies":"Nemesis","floor":42.0,"turns":5.0},{"damage":6.0,"enemies":"3 Darklings","floor":44.0,"turns":4.0},{"damage":0.0,"enemies":"Reptomancer","floor":45.0,"turns":4.0},{"damage":1,"enemies":"Awakened One","floor":50,"turns":8},{"damage":23,"enemies":"Shield and Spear","floor":54,"turns":5},{"damage":55,"enemies":"The Heart","floor":55,"turns":6}],"seed_played":"-3761097888877173004","potions_obtained":[{"floor":1.0,"key":"SpeedPotion"},{"floor":4.0,"key":"sneckomod:MuddlingPotion"},{"floor":5.0,"key":"Regen Potion"},{"floor":14.0,"key":"Fire Potion"},{"floor":18.0,"key":"FearPotion"},{"floor":23.0,"key":"AttackPotion"},{"floor":30.0,"key":"PotionOfCapacity"},{"floor":33.0,"key":"LiquidMemories"},{"floor":35.0,"key":"CultistPotion"},{"floor":37.0,"key":"GamblersBrew"},{"floor":39.0,"key":"AttackPotion"},{"floor":42.0,"key":"Slimebound:ThreeZeroPotion"}],"is_trial":false,"path_per_floor":["M","?","M","M","M","E","R","?","T","M","R","E","$","E","R","B",null,"M","?","M","?","?","E","R","T","T","?","E","R","E","M","R","B",null,"M","?","M","?","M","E","R","E","T","M","E","$","?","?","R","B",null,"R","$","E","B",null],"character_chosen":"DEFECT","items_purchased":["Apotheosis","Gash","Cables","Machine Learning","DistilledChaos","Weak Potion"],"campfire_rested":2,"item_purchase_floors":[13,13,46,53,53,53],"current_hp_per_floor":[69,74,67,67,66,49,49,42,42,29,29,24,24,10,36,15,69,69,69,69,69,69,65,65,65,65,65,49,49,49,35,35,7,67,53,43,40,40,40,30,30,27,27,21,21,21,21,21,21,20,67,83,83,67,57],"gold":32,"neow_bonus":"TEN_PERCENT_HP_BONUS","is_daily":false,"chose_seed":false,"campfire_upgraded":6,"win_rate":0.0,"timestamp":1607697603,"path_taken":["M","?","M","M","M","E","R","?","T","M","R","E","$","E","R","BOSS","M","?","M","?","?","E","R","?","T","?","E","R","E","?","R","BOSS","M","?","M","?","M","E","R","E","T","?","E","$","?","?","R","BOSS","R","$","E","BOSS"],"items_purchased_type":["Card","Card","Relic","Card","Potion","Potion"],"build_version":"2020-11-30","purchased_purges":1,"victory":true,"max_hp_per_floor":[82,87,87,87,87,87,87,87,87,87,87,87,87,87,87,87,87,87,87,87,87,87,87,87,87,87,87,87,87,87,87,87,87,87,87,87,87,87,87,87,87,87,87,87,87,87,87,83,83,83,83,83,83,90,90],"card_choices":[{"not_picked":["Skim","Chill"],"picked":"Double Energy","floor":1.0},{"not_picked":["Doom and Gloom","Consume"],"picked":"Reinforced Body","floor":3.0},{"not_picked":["Go for the Eyes","Redo"],"picked":"Leap","floor":4.0},{"not_picked":["BootSequence","Sunder"],"picked":"Chaos","floor":5.0},{"not_picked":["Darkness","Sunder"],"picked":"Compile Driver","floor":6.0},{"not_picked":["Redo","Turbo"],"picked":"Gash","floor":10.0},{"not_picked":["Chill","Amplify"],"picked":"Leap","floor":12.0},{"not_picked":["Steam Power","Beam Cell"],"picked":"Capacitor","floor":14.0},{"not_picked":["Multi-Cast","Thunder Strike"],"picked":"Electrodynamics","floor":16.0},{"not_picked":["Steam","Rebound+1"],"picked":"Gash+1","floor":18.0},{"not_picked":["Melter+1","Stack"],"picked":"Compile Driver","floor":20.0},{"not_picked":["Aggregate","Streamline+1"],"picked":"Buffer","floor":23.0},{"not_picked":["Rebound","Skim"],"picked":"Biased Cognition","floor":28.0},{"not_picked":["Force Field","Hologram"],"picked":"Ball Lightning","floor":30.0},{"not_picked":["Coolheaded","Redo+1"],"picked":"Compile Driver","floor":31.0},{"not_picked":["All For One","Fission"],"picked":"Machine Learning","floor":33.0},{"not_picked":["Rebound+1","Double Energy"],"picked":"Stack","floor":35.0},{"not_picked":["expansioncontent:BronzeBeam","expansioncontent:QuickStudy"],"picked":"expansioncontent:StudyTheSpire","floor":36.0},{"not_picked":["expansioncontent:Sear","Discovery"],"picked":"Magnetism","floor":36.0},{"not_picked":["expansioncontent:HyperBeam","PanicButton"],"picked":"Impatience","floor":36.0},{"not_picked":["Rebound+1","Coolheaded"],"picked":"Compile Driver","floor":37.0},{"not_picked":["FTL+1","Ball Lightning+1"],"picked":"Gash+1","floor":39.0},{"not_picked":["Rebound+1","Conserve Battery"],"picked":"Stack+1","floor":40.0},{"not_picked":["Ball Lightning","Coolheaded"],"picked":"Hologram+1","floor":42.0},{"not_picked":["Steam+1","Rebound+1"],"picked":"Stack+1","floor":44.0},{"not_picked":["Sweeping Beam","Melter+1"],"picked":"Gash+1","floor":45.0},{"not_picked":["Turbo+1","Leap+1"],"picked":"Creative AI","floor":54}],"player_experience":376087,"relics_obtained":[{"floor":6.0,"key":"Nunchaku"},{"floor":9.0,"key":"Omamori"},{"floor":12.0,"key":"Anchor"},{"floor":14.0,"key":"Mummified Hand"},{"floor":23.0,"key":"Toy Ornithopter"},{"floor":25.0,"key":"Kunai"},{"floor":28.0,"key":"Darkstone Periapt"},{"floor":30.0,"key":"Art of War"},{"floor":40.0,"key":"Happy Flower"},{"floor":42.0,"key":"Potion Belt"},{"floor":43.0,"key":"Bag of Preparation"},{"floor":45.0,"key":"Centennial Puzzle"},{"floor":54,"key":"Strawberry"}],"event_choices":[{"damage_healed":0.0,"max_hp_gain":5.0,"max_hp_loss":0.0,"gold_gain":0.0,"event_name":"Big Fish","player_choice":"Donut","floor":2.0,"gold_loss":0.0,"damage_taken":0.0},{"cards_removed":["Defend_B"],"damage_healed":0.0,"max_hp_gain":0.0,"max_hp_loss":0.0,"gold_gain":0.0,"event_name":"Golden Wing","player_choice":"Card Removal","floor":8.0,"gold_loss":0.0,"damage_taken":7.0},{"cards_removed":["Recycle"],"damage_healed":0.0,"max_hp_gain":0.0,"max_hp_loss":0.0,"gold_gain":0.0,"event_name":"Back to Basics","player_choice":"Elegance","floor":21.0,"gold_loss":0.0,"damage_taken":0.0},{"cards_removed":["Zap"],"damage_healed":0.0,"max_hp_gain":0.0,"max_hp_loss":0.0,"gold_gain":0.0,"event_name":"Designer","player_choice":"Upgrade and Remove","floor":27.0,"gold_loss":90.0,"damage_taken":0.0,"cards_upgraded":["Gash"]},{"damage_healed":0.0,"max_hp_gain":0.0,"max_hp_loss":0.0,"gold_gain":0.0,"event_name":"SensoryStone","player_choice":"Memory 3","floor":36.0,"gold_loss":0.0,"damage_taken":10.0},{"damage_healed":0.0,"max_hp_gain":0.0,"max_hp_loss":0.0,"gold_gain":0.0,"event_name":"Duplicator","player_choice":"Copied","floor":38.0,"gold_loss":0.0,"damage_taken":0.0,"cards_obtained":["Capacitor"]},{"damage_healed":0.0,"max_hp_gain":0.0,"max_hp_loss":0.0,"gold_gain":0.0,"event_name":"The Moai Head","player_choice":"Ignored","floor":47.0,"gold_loss":0.0,"damage_taken":0.0},{"damage_healed":0.0,"max_hp_gain":0.0,"max_hp_loss":4.0,"gold_gain":0.0,"event_name":"Winding Halls","player_choice":"Max HP","floor":48.0,"gold_loss":0.0,"damage_taken":0.0}],"is_beta":false,"boss_relics":[{"not_picked":["Tiny House","Fusion Hammer"],"picked":"Pandora\u0027s Box"},{"not_picked":["Sozu","Snecko Eye"],"picked":"Runic Dome"}],"items_purged_floors":[53],"is_endless":false,"potions_floor_spawned":[1,4,5,14,18,23,30,33,35,37,39,42],"ascension_level":8}}