{"host":"szp1d6dso4pv7ddl","time":1607724282,"event":{"mods":["AchievementEnabler","Alarm Clock","BaseMod","Bestiary","Block Reminder","Colored Map","Colored Powertips","Curses Come First","DeckTracker","Displayed Cursed Tome","Highlight Path","Minty Spire (QoL Compilation)","Permanent Neow","Quick Restart","Relic Stats","StSLib"],"gold_per_floor":[110,130,130,144,160,185,185,185,230,230,248,276,288,320,332,443,455,486,514,424,424,424,450,450,485,511,511,528,528,190,190,190,289,289,306,306,306,321,321,321,321,321,321,321,349,349,349],"floor_reached":46,"playtime":4343,"items_purged":["Reprogram"],"score":492,"play_id":"7afd2711-921d-4c71-9471-5294ea3cd407","local_time":"20201211140442","is_ascension_mode":false,"campfire_choices":[{"floor":7.0,"key":"REST"},{"data":"Loop","floor":10.0,"key":"SMITH"},{"floor":15.0,"key":"REST"},{"floor":24.0,"key":"REST"},{"floor":27.0,"key":"RECALL"},{"data":"Echo Form","floor":29.0,"key":"SMITH"},{"floor":32.0,"key":"REST"},{"floor":40.0,"key":"REST"},{"data":"Mayhem","floor":42.0,"key":"SMITH"},{"data":"Capacitor","floor":44.0,"key":"SMITH"}],"circlet_count":0,"master_deck":["Dualcast","Chill","Cold Snap","All For One","Sweeping Beam","Loop+1","Glacier","Core Surge","Conserve Battery","Echo Form+1","Doom and Gloom","Steam","Hyperbeam","Capacitor+1","Doom and Gloom","Blizzard","Barrage","Capacitor","Auto Shields+1","Multi-Cast","Conserve Battery","Mayhem+1","Melter","Sunder","Enlightenment","Chill+1","Writhe","Enlightenment","Stack+1","Enlightenment"],"relics":["Cracked Core","NeowsBlessing","White Beast Statue","Nunchaku","MawBank","Pandora\u0027s Box","FossilizedHelix","Dead Branch","Ancient Tea Set","Empty Cage","Bottled Tornado","Ginger"],"acts_visited":["Exordium","TheCity","TheBeyond"],"potions_floor_usage":[],"damage_taken":[{"damage":0.0,"enemies":"Cultist","floor":1.0,"turns":1.0},{"damage":0.0,"enemies":"2 Louse","floor":2.0,"turns":1.0},{"damage":0.0,"enemies":"Small Slimes","floor":4.0,"turns":1.0},{"damage":24.0,"enemies":"Exordium Thugs","floor":5.0,"turns":6.0},{"damage":18.0,"enemies":"3 Sentries","floor":6.0,"turns":7.0},{"damage":1.0,"enemies":"Looter","floor":11.0,"turns":3.0},{"damage":14.0,"enemies":"Gremlin Nob","floor":12.0,"turns":4.0},{"damage":2.0,"enemies":"Gremlin Gang","floor":14.0,"turns":4.0},{"damage":50.0,"enemies":"The Guardian","floor":16.0,"turns":16.0},{"damage":13.0,"enemies":"2 Thieves","floor":18.0,"turns":4.0},{"damage":10.0,"enemies":"Shell Parasite","floor":19.0,"turns":6.0},{"damage":24.0,"enemies":"Gremlin Leader","floor":23.0,"turns":7.0},{"damage":2.0,"enemies":"Book of Stabbing","floor":25.0,"turns":7.0},{"damage":13.0,"enemies":"Shelled Parasite and Fungi","floor":28.0,"turns":6.0},{"damage":29.0,"enemies":"Champ","floor":33.0,"turns":12.0},{"damage":47.0,"enemies":"3 Darklings","floor":35.0,"turns":4.0},{"damage":11.0,"enemies":"Orb Walker","floor":38.0,"turns":4.0},{"damage":64.0,"enemies":"Reptomancer","floor":45.0,"turns":8.0},{"damage":5,"enemies":"Maw","floor":46,"turns":5}],"seed_played":"5768448720186096491","potions_obtained":[{"floor":6.0,"key":"Ancient Potion"},{"floor":11.0,"key":"Explosive Potion"},{"floor":12.0,"key":"Energy Potion"},{"floor":16.0,"key":"Block Potion"},{"floor":23.0,"key":"Swift Potion"},{"floor":45.0,"key":"LiquidMemories"}],"is_trial":false,"path_per_floor":["M","M","?","M","M","E","R","?","T","R","M","E","$","M","R","B",null,"M","M","$","?","T","E","R","E","T","R","M","R","$","?","R","B",null,"M","?","?","M","?","R","?","R","T","R","E","M"],"character_chosen":"DEFECT","items_purchased":["Barrage","Mayhem","Melter","Sunder"],"campfire_rested":5,"item_purchase_floors":[20,30,30,30],"current_hp_per_floor":[75,75,75,75,51,33,55,60,60,60,59,45,45,43,67,17,80,67,57,57,57,57,33,57,55,55,55,42,42,42,42,66,37,80,33,53,53,42,42,66,66,66,66,66,2,0,0],"gold":349,"neow_bonus":"THREE_ENEMY_KILL","is_daily":false,"chose_seed":false,"campfire_upgraded":4,"win_rate":0.0,"timestamp":1607724282,"path_taken":["M","M","?","M","M","E","R","?","T","R","M","E","$","M","R","BOSS","M","M","$","?","?","E","R","E","T","R","M","R","$","?","R","BOSS","M","?","?","?","?","R","?","R","T","R","E","M"],"items_purchased_type":["Card","Card","Card","Card"],"build_version":"2020-11-30","purchased_purges":1,"victory":false,"max_hp_per_floor":[75,75,75,75,75,75,75,80,80,80,80,80,80,80,80,80,80,80,80,80,80,80,80,80,80,80,80,80,80,80,80,80,80,80,80,80,80,80,80,80,80,80,80,80,80,80,80],"relic_stats":{"Nunchaku":[16],"counters":[19,106],"Dead Branch":[21],"Pandora\u0027s Box":["Doom and Gloom","Reboot","Reprogram","Steam","Hyperbeam","Capacitor","Gash"],"Ginger":[3],"MawBank":96,"obtain_stats":[{"Nunchaku":9,"NeowsBlessing":0,"Dead Branch":23,"Pandora\u0027s Box":17,"Ginger":45,"Bottled Tornado":43,"Cracked Core":0,"MawBank":12,"Ancient Tea Set":25,"Empty Cage":34,"White Beast Statue":6,"FossilizedHelix":22},{"Nunchaku":5,"NeowsBlessing":0,"Dead Branch":12,"Pandora\u0027s Box":9,"Ginger":18,"Bottled Tornado":17,"Cracked Core":0,"MawBank":7,"Ancient Tea Set":13,"Empty Cage":15,"White Beast Statue":5,"FossilizedHelix":11},{"Nunchaku":16,"NeowsBlessing":0,"Dead Branch":60,"Pandora\u0027s Box":43,"Ginger":101,"Bottled Tornado":93,"Cracked Core":0,"MawBank":23,"Ancient Tea Set":67,"Empty Cage":85,"White Beast Statue":16,"FossilizedHelix":53}]},"card_choices":[{"not_picked":["Hologram","Compile Driver"],"picked":"Chill","floor":1.0},{"not_picked":["Ball Lightning","Sweeping Beam"],"picked":"Cold Snap","floor":2.0},{"not_picked":["Rainbow","Reinforced Body"],"picked":"Sweeping Beam","floor":4.0},{"not_picked":["Turbo","Redo"],"picked":"Loop","floor":5.0},{"not_picked":["Lockon","Tempest"],"picked":"Glacier","floor":6.0},{"not_picked":["Self Repair","Cold Snap"],"picked":"Core Surge","floor":11.0},{"not_picked":["Leap","Skim","Scrape"],"picked":"SKIP","floor":12.0},{"not_picked":["Fusion","Lockon"],"picked":"Conserve Battery","floor":14.0},{"not_picked":["Multi-Cast","Core Surge"],"picked":"Echo Form","floor":16.0},{"not_picked":["Beam Cell","Defragment"],"picked":"Doom and Gloom","floor":18.0},{"not_picked":["Turbo","Conserve Battery"],"picked":"Blizzard","floor":19.0},{"not_picked":["Streamline","Turbo"],"picked":"Auto Shields+1","floor":23.0},{"not_picked":["Stack","Barrage"],"picked":"Multi-Cast","floor":25.0},{"not_picked":["Chaos","Gash"],"picked":"Conserve Battery","floor":28.0},{"not_picked":["Capacitor+1","Turbo"],"picked":"Chill+1","floor":35.0},{"not_picked":["Sweeping Beam","White Noise"],"picked":"Stack+1","floor":38.0},{"not_picked":["Finesse","HandOfGreed"],"picked":"Enlightenment","floor":39.0},{"not_picked":["Go for the Eyes+1","Sunder","Capacitor+1"],"picked":"SKIP","floor":45.0}],"player_experience":909112,"relics_obtained":[{"floor":6.0,"key":"White Beast Statue"},{"floor":9.0,"key":"Nunchaku"},{"floor":12.0,"key":"MawBank"},{"floor":22.0,"key":"FossilizedHelix"},{"floor":23.0,"key":"Dead Branch"},{"floor":25.0,"key":"Ancient Tea Set"},{"floor":43.0,"key":"Bottled Tornado"},{"floor":45.0,"key":"Ginger"}],"event_choices":[{"damage_healed":0.0,"max_hp_gain":0.0,"max_hp_loss":0.0,"gold_gain":0.0,"cards_transformed":["Defend_B"],"event_name":"Living Wall","player_choice":"Change","floor":3.0,"gold_loss":0.0,"damage_taken":0.0,"cards_obtained":["All For One"]},{"damage_healed":0.0,"max_hp_gain":5.0,"max_hp_loss":0.0,"gold_gain":0.0,"event_name":"Big Fish","player_choice":"Donut","floor":8.0,"gold_loss":0.0,"damage_taken":0.0},{"damage_healed":0.0,"max_hp_gain":0.0,"max_hp_loss":0.0,"gold_gain":0.0,"event_name":"The Library","player_choice":"Read","floor":21.0,"gold_loss":0.0,"damage_taken":0.0,"cards_obtained":["Capacitor"]},{"damage_healed":0.0,"max_hp_gain":0.0,"max_hp_loss":0.0,"gold_gain":0.0,"event_name":"Match and Keep!","player_choice":"1 cards matched","floor":31.0,"gold_loss":0.0,"damage_taken":0.0,"cards_obtained":["Enlightenment"]},{"damage_healed":20.0,"max_hp_gain":0.0,"max_hp_loss":0.0,"gold_gain":0.0,"event_name":"Winding Halls","player_choice":"Writhe","floor":36.0,"gold_loss":0.0,"damage_taken":0.0,"cards_obtained":["Writhe"]},{"damage_healed":0.0,"max_hp_gain":0.0,"max_hp_loss":0.0,"gold_gain":0.0,"event_name":"Duplicator","player_choice":"Copied","floor":37.0,"gold_loss":0.0,"damage_taken":0.0,"cards_obtained":["Enlightenment"]},{"damage_healed":0.0,"max_hp_gain":0.0,"max_hp_loss":0.0,"gold_gain":0.0,"event_name":"SensoryStone","player_choice":"Memory 1","floor":39.0,"gold_loss":0.0,"damage_taken":0.0},{"cards_removed":["Gash"],"damage_healed":0.0,"max_hp_gain":0.0,"max_hp_loss":0.0,"gold_gain":0.0,"event_name":"Falling","player_choice":"Removed Attack","floor":41.0,"gold_loss":0.0,"damage_taken":0.0}],"is_beta":false,"boss_relics":[{"not_picked":["Runic Pyramid","Calling Bell"],"picked":"Pandora\u0027s Box"},{"not_picked":["Runic Dome","Black Star"],"picked":"Empty Cage"}],"items_purged_floors":[20],"is_endless":false,"potions_floor_spawned":[6,11,12,14,16,18,19,23,25,28,33,35,38,45],"killed_by":"Maw","ascension_level":0}}