{"host":"u2dm6glrpyjr66v9","time":1607670227,"event":{"mods":["AchievementEnabler","BaseMod","CapriCore","Colored Map","Colored Powertips","DeckTracker","Friendly Minions","Minty Spire (QoL Compilation)","Quick Restart","StSLib","SuperFastMode","The Immortal"],"gold_per_floor":[117,137,149,149,167,167,199,216,291,324,338,357,357,377,377,475,475,495,511,525,238,238,238],"floor_reached":22,"playtime":894,"items_purged":[],"score":227,"play_id":"766efc23-5c45-41cf-a178-3f474963dcff","local_time":"20201211160347","is_ascension_mode":false,"campfire_choices":[{"data":"Infinite Blades","floor":6,"key":"SMITH"},{"floor":13,"key":"REST"},{"floor":15,"key":"REST"}],"circlet_count":0,"master_deck":["Strike_G","Strike_G","Strike_G","Strike_G","Strike_G","Defend_G","Defend_G","Defend_G","Defend_G","Defend_G","Survivor","Neutralize","Dagger Spray","Infinite Blades+1","Poisoned Stab","Blade Dance","Blade Dance","Poisoned Stab","Poisoned Stab","Noxious Fumes","Unload","All Out Attack","Bouncing Flask+1"],"relics":["Black Star","NlothsMask","Toy Ornithopter","Gambling Chip","Blood Vial","Unceasing Top","SlaversCollar","Mango"],"acts_visited":["Exordium","TheCity"],"potions_floor_usage":[10,16,20,20],"damage_taken":[{"damage":5,"enemies":"Cultist","floor":1,"turns":5},{"damage":0,"enemies":"2 Louse","floor":2,"turns":3},{"damage":2,"enemies":"Small Slimes","floor":3,"turns":4},{"damage":0,"enemies":"Exordium Wildlife","floor":5,"turns":2},{"damage":20,"enemies":"Lagavulin","floor":7,"turns":8},{"damage":7,"enemies":"Blue Slaver","floor":8,"turns":3},{"damage":28,"enemies":"3 Sentries","floor":10,"turns":10},{"damage":14,"enemies":"Lots of Slimes","floor":11,"turns":2},{"damage":4,"enemies":"Looter","floor":12,"turns":4},{"damage":0,"enemies":"3 Louse","floor":14,"turns":3},{"damage":24,"enemies":"Slime Boss","floor":16,"turns":9},{"damage":28,"enemies":"Shell Parasite","floor":18,"turns":6},{"damage":29,"enemies":"Spheric Guardian","floor":19,"turns":6},{"damage":22,"enemies":"Snake Plant","floor":20,"turns":4},{"damage":32,"enemies":"Masked Bandits","floor":22,"turns":3}],"seed_played":"7008564094079325993","potions_obtained":[{"floor":5,"key":"Fruit Juice"},{"floor":8,"key":"Weak Potion"},{"floor":11,"key":"Poison Potion"},{"floor":12,"key":"Weak Potion"},{"floor":14,"key":"Ancient Potion"},{"floor":16,"key":"SneckoOil"},{"floor":18,"key":"SteroidPotion"}],"is_trial":false,"path_per_floor":["M","M","M","?","M","R","E","M","T","E","M","M","R","M","R","B",null,"M","M","M","$","?"],"character_chosen":"THE_SILENT","items_purchased":["Mango"],"campfire_rested":2,"item_purchase_floors":[21],"current_hp_per_floor":[65,65,63,63,63,63,43,36,36,18,6,4,26,28,50,33,75,47,20,10,24,0,0],"gold":238,"neow_bonus":"BOSS_RELIC","is_daily":false,"chose_seed":false,"campfire_upgraded":1,"win_rate":0.0,"timestamp":1607670227,"path_taken":["M","?","?","?","?","R","E","M","T","E","?","M","R","M","R","BOSS","M","M","M","$","?"],"items_purchased_type":["Relic"],"build_version":"2020-11-30","purchased_purges":0,"victory":false,"max_hp_per_floor":[70,70,70,70,70,70,70,70,70,75,75,75,75,75,75,75,75,75,75,75,89,89,89],"card_choices":[{"not_picked":["Acrobatics","Dodge and Roll"],"picked":"Dagger Spray","floor":1},{"not_picked":["Bane","PiercingWail"],"picked":"Infinite Blades","floor":2},{"not_picked":["Sucker Punch","Phantasmal Killer"],"picked":"Poisoned Stab","floor":3},{"not_picked":["Sucker Punch","Prepared","Quick Slash"],"picked":"SKIP","floor":5},{"not_picked":["Backflip","Underhanded Strike"],"picked":"Blade Dance","floor":7},{"not_picked":["Dagger Throw","Slice"],"picked":"Blade Dance","floor":8},{"not_picked":["Footwork","Concentrate"],"picked":"Poisoned Stab","floor":10},{"not_picked":["Calculated Gamble","Slice"],"picked":"Poisoned Stab","floor":11},{"not_picked":["Sucker Punch","Calculated Gamble","Quick Slash"],"picked":"SKIP","floor":12},{"not_picked":["Choke","Prepared"],"picked":"Noxious Fumes","floor":14},{"not_picked":["Phantasmal Killer","Wraith Form v2"],"picked":"Unload","floor":16},{"not_picked":["Escape Plan+1","Dagger Throw+1","Setup"],"picked":"SKIP","floor":18},{"not_picked":["Flechettes+1","Finisher"],"picked":"All Out Attack","floor":19},{"not_picked":["Underhanded Strike","Dash"],"picked":"Bouncing Flask+1","floor":20}],"player_experience":45601,"relics_obtained":[{"floor":7,"key":"Toy Ornithopter"},{"floor":7,"key":"Gambling Chip"},{"floor":10,"key":"Blood Vial"},{"floor":10,"key":"Unceasing Top"}],"event_choices":[{"damage_healed":0,"gold_gain":0,"player_choice":"Trade","damage_taken":0,"relics_obtained":["NlothsMask"],"max_hp_gain":0,"max_hp_loss":0,"event_name":"FaceTrader","floor":4,"gold_loss":0},{"damage_healed":0,"gold_gain":0,"player_choice":"Fought Bandits","damage_taken":0,"max_hp_gain":0,"max_hp_loss":0,"event_name":"Masked Bandits","floor":22,"gold_loss":0}],"is_beta":false,"boss_relics":[{"not_picked":["Calling Bell","Runic Pyramid"],"picked":"SlaversCollar"}],"items_purged_floors":[],"is_endless":false,"potions_floor_spawned":[5,8,11,12,14,16,18],"killed_by":"Masked Bandits","ascension_level":0}}