{"host":"dntw6kil9p09eemm","time":1607716562,"event":{"mods":["BaseMod","Become a monster €›?Œ÷","Colored Powertips","Conspire","Hermit","Minty Spire (QoL Compilation)","Shop Mod","StSLib","The Alterego","The Runesmith"],"gold_per_floor":[115,134,150,162,162,195,212,212,266,266,295,310,325,171,171,273,273,287,305,320,2,21,21,53,53,53,53,53,153,167,186,186,289,289,301,316,332,348,367,367,367,367,367,367,167,167,178,195,195,195],"floor_reached":51,"playtime":3717,"items_purged":[],"score":740,"play_id":"0b01e730-f918-4f73-81c8-a5a5ffbdf0a2","local_time":"20201212045602","is_ascension_mode":false,"campfire_choices":[{"floor":8.0,"key":"REST"},{"floor":10.0,"key":"REST"},{"floor":15.0,"key":"REST"},{"data":"1","floor":23.0,"key":"LIFT"},{"data":"2","floor":25.0,"key":"LIFT"},{"data":"3","floor":27.0,"key":"LIFT"},{"floor":32.0,"key":"REST"},{"floor":40.0,"key":"REST"},{"data":"alterego_mod:Palingenesis","floor":42.0,"key":"SMITH"},{"data":"alterego_mod:DeftHands","floor":44.0,"key":"SMITH"},{"floor":49,"key":"REST"}],"circlet_count":0,"master_deck":["alterego_mod:Strike","alterego_mod:Strike","alterego_mod:Strike","alterego_mod:Strike","alterego_mod:Defend","alterego_mod:Defend","alterego_mod:Defend+1","alterego_mod:Defend+1","alterego_mod:Impale","alterego_mod:BigMeatyClaws","alterego_mod:BrynhildrsRune","alterego_mod:Jiggle","alterego_mod:1TonWallop+1","alterego_mod:Undulate","alterego_mod:Cooking","alterego_mod:Lingerie","alterego_mod:DeftHands+1","alterego_mod:Collar","alterego_mod:Undulate","alterego_mod:RocketPunch","alterego_mod:Weigh","alterego_mod:Collar+1","alterego_mod:Exercise","alterego_mod:Undulate","alterego_mod:Bounce","alterego_mod:Rip","alterego_mod:Cooking","alterego_mod:GoddessCore+1","alterego_mod:Schoolgirl","alterego_mod:Palingenesis+1","alterego_mod:TrashNCrash","alterego_mod:Exercise+1","alterego_mod:BiFurious+1","alterego_mod:SakuraPetals+1","alterego_mod:Undulate+1","Writhe","alterego_mod:1TonWallop+1","Trip","Dramatic Entrance+1","alterego_mod:Rip","alterego_mod:Jiggle"],"relics":["alterego_mod:MasochisticConstitution","MealTicket","Vajra","War Paint","Mercury Hourglass","MerchantsRug","conspire:SpecialSausage","Girya","Bag of Preparation","alterego_mod:FleetingLove","Molten Egg 2","SlaversCollar","Pear","Mummified Hand"],"acts_visited":["Exordium","TheCity","TheBeyond"],"potions_floor_usage":[],"damage_taken":[{"damage":1.0,"enemies":"conspire:RoseBush","floor":1.0,"turns":7.0},{"damage":14.0,"enemies":"Cultist","floor":2.0,"turns":6.0},{"damage":3.0,"enemies":"2 Louse","floor":3.0,"turns":5.0},{"damage":24.0,"enemies":"Large Slime","floor":4.0,"turns":5.0},{"damage":50.0,"enemies":"Lagavulin","floor":6.0,"turns":11.0},{"damage":4.0,"enemies":"Blue Slaver","floor":7.0,"turns":4.0},{"damage":26.0,"enemies":"Gremlin Nob","floor":11.0,"turns":6.0},{"damage":3.0,"enemies":"2 Fungi Beasts","floor":12.0,"turns":3.0},{"damage":7.0,"enemies":"Large Slime","floor":13.0,"turns":6.0},{"damage":68.0,"enemies":"Hexaghost","floor":16.0,"turns":12.0},{"damage":12.0,"enemies":"2 Thieves","floor":18.0,"turns":2.0},{"damage":3.0,"enemies":"3 Byrds","floor":19.0,"turns":4.0},{"damage":38.0,"enemies":"Centurion and Healer","floor":20.0,"turns":4.0},{"damage":15.0,"enemies":"Snake Plant","floor":22.0,"turns":4.0},{"damage":3.0,"enemies":"Colosseum Slavers","floor":29.0,"turns":2.0},{"damage":3.0,"enemies":"Colosseum Nobs","floor":29.0,"turns":3.0},{"damage":6.0,"enemies":"Shelled Parasite and Fungi","floor":30.0,"turns":3.0},{"damage":13.0,"enemies":"Chosen and Byrds","floor":31.0,"turns":3.0},{"damage":78.0,"enemies":"Collector","floor":33.0,"turns":8.0},{"damage":25.0,"enemies":"Orb Walker","floor":35.0,"turns":4.0},{"damage":27.0,"enemies":"3 Darklings","floor":36.0,"turns":5.0},{"damage":25.0,"enemies":"Writhing Mass","floor":37.0,"turns":5.0},{"damage":16.0,"enemies":"4 Shapes","floor":38.0,"turns":5.0},{"damage":19.0,"enemies":"3 Darklings","floor":39.0,"turns":4.0},{"damage":22,"enemies":"Spire Growth","floor":47,"turns":3},{"damage":30,"enemies":"Maw","floor":48,"turns":6},{"damage":84,"enemies":"Donu and Deca","floor":50,"turns":6}],"seed_played":"5156836573897916600","potions_obtained":[{"floor":2.0,"key":"LiquidBronze"},{"floor":4.0,"key":"SmokeBomb"},{"floor":6.0,"key":"EssenceOfSteel"},{"floor":12.0,"key":"Explosive Potion"},{"floor":16.0,"key":"SteroidPotion"},{"floor":18.0,"key":"BlessingOfTheForge"},{"floor":29.0,"key":"Ancient Potion"},{"floor":30.0,"key":"PowerPotion"},{"floor":33.0,"key":"SteroidPotion"},{"floor":35.0,"key":"LiquidMemories"},{"floor":37.0,"key":"Weak Potion"},{"floor":39.0,"key":"SmokeBomb"}],"is_trial":false,"path_per_floor":["M","M","M","M","?","E","M","R","T","R","E","M","M","$","R","B",null,"M","M","M","$","M","R","$","R","T","R","?","?","M","M","R","B",null,"M","M","M","M","M","R","?","R","T","R","$","?","M","M","R","B",null],"character_chosen":"The_Alterego","items_purchased":["MerchantsRug","alterego_mod:Bounce","Girya","alterego_mod:1TonWallop+1","Mummified Hand"],"campfire_rested":6,"item_purchase_floors":[14,21,21,45,45],"current_hp_per_floor":[71,65,73,50,50,4,4,26,26,48,33,31,28,43,66,9,80,69,70,36,51,40,40,55,55,55,55,55,68,66,57,83,12,89,75,55,37,39,27,55,79,79,89,89,104,99,81,58,89,12],"gold":195,"neow_bonus":"RANDOM_COMMON_RELIC","is_daily":false,"chose_seed":false,"campfire_upgraded":2,"win_rate":0.0,"timestamp":1607716562,"path_taken":["M","M","M","M","?","E","M","R","T","R","E","?","M","?","R","BOSS","M","M","M","$","M","R","?","R","T","R","?","?","M","M","R","BOSS","M","M","M","M","M","R","?","R","T","R","$","?","M","M","R","BOSS"],"items_purchased_type":["Relic","Card","Relic","Card","Relic"],"build_version":"2020-11-30","purchased_purges":0,"victory":true,"max_hp_per_floor":[71,72,73,74,74,75,76,76,76,76,77,78,79,79,79,80,80,81,82,83,83,84,84,84,84,84,84,84,86,87,88,88,89,89,90,91,92,93,94,94,94,94,104,104,104,104,105,106,106,107],"card_choices":[{"not_picked":["alterego_mod:Complex","alterego_mod:Skirt"],"picked":"alterego_mod:Jiggle","floor":1.0},{"not_picked":["alterego_mod:BiFurious","alterego_mod:ChallengeComplete"],"picked":"alterego_mod:1TonWallop","floor":2.0},{"not_picked":["alterego_mod:SakuraLabyrinth","alterego_mod:1TonWallop"],"picked":"alterego_mod:Undulate","floor":3.0},{"not_picked":["alterego_mod:TrashNCrash","alterego_mod:Complex"],"picked":"alterego_mod:Cooking","floor":4.0},{"not_picked":["alterego_mod:Stockings","alterego_mod:Swimsuit"],"picked":"alterego_mod:Lingerie","floor":6.0},{"not_picked":["alterego_mod:Valkyrie","alterego_mod:DestructionOfProperty"],"picked":"alterego_mod:DeftHands","floor":7.0},{"not_picked":["alterego_mod:SuperDuperMasochism","alterego_mod:TrashNCrash"],"picked":"alterego_mod:Collar","floor":11.0},{"not_picked":["alterego_mod:HighServant","alterego_mod:Jiggle"],"picked":"alterego_mod:Undulate","floor":12.0},{"not_picked":["alterego_mod:Skirt","alterego_mod:Punishment"],"picked":"alterego_mod:RocketPunch","floor":13.0},{"not_picked":["alterego_mod:Vow","alterego_mod:Valkyrie"],"picked":"alterego_mod:Weigh","floor":16.0},{"not_picked":["alterego_mod:SakuraFive","alterego_mod:HighServant"],"picked":"alterego_mod:Collar+1","floor":18.0},{"not_picked":["alterego_mod:SakuraPetals","alterego_mod:Collar"],"picked":"alterego_mod:Exercise","floor":19.0},{"not_picked":["alterego_mod:Cushion","alterego_mod:RidiculouslyBig"],"picked":"alterego_mod:Undulate","floor":20.0},{"not_picked":["alterego_mod:BiFurious","alterego_mod:Birthday"],"picked":"alterego_mod:Rip","floor":22.0},{"not_picked":["alterego_mod:BeGentle+1","alterego_mod:Santa"],"picked":"alterego_mod:Cooking","floor":29.0},{"not_picked":["alterego_mod:Skirt+1","alterego_mod:Pet"],"picked":"alterego_mod:GoddessCore+1","floor":30.0},{"not_picked":["alterego_mod:MaintainEyeContact","alterego_mod:Undulate+1"],"picked":"alterego_mod:Schoolgirl","floor":31.0},{"not_picked":["alterego_mod:VirginLaserPalladion+1","alterego_mod:InsideBaseball"],"picked":"alterego_mod:Palingenesis","floor":33.0},{"not_picked":["alterego_mod:Punishment","alterego_mod:PurpleHair"],"picked":"alterego_mod:TrashNCrash","floor":35.0},{"not_picked":["alterego_mod:Crossover","alterego_mod:DiscoLights+1"],"picked":"alterego_mod:Exercise+1","floor":36.0},{"not_picked":["alterego_mod:Mirror+1","alterego_mod:Cycle+1"],"picked":"alterego_mod:BiFurious+1","floor":37.0},{"not_picked":["alterego_mod:BreastValley","alterego_mod:GoddessCore+1"],"picked":"alterego_mod:SakuraPetals+1","floor":38.0},{"not_picked":["alterego_mod:PurpleHair+1","alterego_mod:Crossover"],"picked":"alterego_mod:Undulate+1","floor":39.0},{"not_picked":["Mind Blast+1","Impatience"],"picked":"Trip","floor":46.0},{"not_picked":["Discovery","Transmutation"],"picked":"Dramatic Entrance+1","floor":46.0},{"not_picked":["alterego_mod:Cycle","alterego_mod:DiscoLights"],"picked":"alterego_mod:Rip","floor":47},{"not_picked":["alterego_mod:PurpleHair","alterego_mod:DustData+1"],"picked":"alterego_mod:Jiggle","floor":48}],"player_experience":158814,"relics_obtained":[{"floor":6.0,"key":"Vajra"},{"floor":9.0,"key":"War Paint"},{"floor":11.0,"key":"Mercury Hourglass"},{"floor":26.0,"key":"Bag of Preparation"},{"floor":29.0,"key":"WingedGreaves"},{"floor":29.0,"key":"Molten Egg 2"},{"floor":43.0,"key":"Pear"}],"event_choices":[{"damage_healed":0.0,"max_hp_gain":0.0,"max_hp_loss":0.0,"gold_gain":0.0,"event_name":"Upgrade Shrine","player_choice":"Upgraded","floor":5.0,"gold_loss":0.0,"damage_taken":0.0,"cards_upgraded":["alterego_mod:1TonWallop"]},{"damage_healed":0.0,"max_hp_gain":0.0,"max_hp_loss":0.0,"gold_gain":0.0,"event_name":"Secret Garden","player_choice":"Choice 1","floor":28.0,"gold_loss":0.0,"damage_taken":0.0,"relics_obtained":["alterego_mod:FleetingLove"]},{"damage_healed":0.0,"max_hp_gain":0.0,"max_hp_loss":0.0,"gold_gain":0.0,"event_name":"Colosseum","player_choice":"Fight","floor":29.0,"gold_loss":0.0,"damage_taken":0.0},{"damage_healed":0.0,"max_hp_gain":0.0,"max_hp_loss":0.0,"gold_gain":0.0,"event_name":"Colosseum","player_choice":"Fought Nobs","floor":29.0,"gold_loss":0.0,"damage_taken":0.0},{"damage_healed":24.0,"max_hp_gain":0.0,"max_hp_loss":0.0,"gold_gain":0.0,"event_name":"Winding Halls","player_choice":"Writhe","floor":41.0,"gold_loss":0.0,"damage_taken":0.0,"cards_obtained":["Writhe"]},{"damage_healed":0.0,"max_hp_gain":0.0,"max_hp_loss":0.0,"gold_gain":0.0,"event_name":"SensoryStone","player_choice":"Memory 2","floor":46.0,"gold_loss":0.0,"damage_taken":5.0}],"is_beta":false,"boss_relics":[{"not_picked":["Velvet Choker","conspire:SeveredTorchhead"],"picked":"conspire:SpecialSausage"},{"not_picked":["Empty Cage","Philosopher\u0027s Stone"],"picked":"SlaversCollar"}],"items_purged_floors":[],"is_endless":false,"potions_floor_spawned":[2,4,6,12,16,18,29,30,33,35,37,39],"ascension_level":0}}