{"host":"wbohk4batowjmcix","time":1607644866,"event":{"mods":["BaseMod","BetterRewards","StSLib","Card Forge","GifTheSpireLib","Shop Mod","Minty Spire (QoL Compilation)","Uncapped","Shade Mod","The Necromancer","The Cursed","The Runesmith","Act Like it!","Hallownest"],"gold_per_floor":[3115,3115,2423,2440,2458,2458,2478,2504,2504,2533,2035,2035,2055,2074,2074,2174,2174,2190,2190,2203,2221,2237,2564,2564,2596,2650,2650,2666,2666,2488,2533,2533,2636,2636,2649,2660,2680,2694,2694,2729,2579,2607,2680,1973,1973,1986,1556,1586,1586,1686,1686,1686,1302,1331,1331],"floor_reached":56,"playtime":3559,"items_purged":["Strike_G","Survivor"],"score":1946,"play_id":"3e9138fd-4f85-4dd5-8af7-8b823e08c7df","local_time":"20201210180106","is_ascension_mode":true,"campfire_choices":[{"floor":6,"key":"RECALL"},{"data":"A Thousand Cuts","floor":12,"key":"SMITH"},{"data":"Blur","floor":15,"key":"SMITH"},{"data":"Blade Dance","floor":24,"key":"SMITH"},{"floor":27,"key":"REST"},{"floor":29,"key":"REST"},{"floor":32,"key":"REST"},{"floor":45,"key":"REST"},{"floor":49,"key":"REST"},{"data":"Adrenaline","floor":52,"key":"SMITH"}],"circlet_count":0,"master_deck":["Backflip+1","Accuracy+1","A Thousand Cuts+1","Blur+1","Adrenaline+1","Blade Dance+1","Accuracy+1","Blade Dance+1","Accuracy+1","Adrenaline+1"],"relics":["Ring of the Snake","Hammer of Thor","Seething Fire","Anvil of the Gods","NeowsBlessing","Ice Cream","Hallownest:DreamNailRelic","MerchantsRug","Anchor","Question Card","Orichalcum","Ninja Scroll","TwistedFunnel","WristBlade","Old Coin","Paper Crane","Omamori","Bag of Preparation","Runic Pyramid","Hallownest:BeastSealRelic","Whetstone","Hallownest:SoulVesselRelic","MealTicket","Kunai","TheAbacus","The Specimen","Singing Bowl","Membership Card","Tough Bandages","Bottled Tornado","Regal Pillow","Frozen Eye","Mercury Hourglass","Toy Ornithopter","Medical Kit"],"acts_visited":["Exordium","Hallownest:Greenpath","Hallownest:CityofTears","TheEnding"],"potions_floor_usage":[8,8,8,53,55,55],"damage_taken":[{"damage":0,"enemies":"Hallownest:monsterHuskWarrior","floor":1,"turns":1},{"damage":0,"enemies":"Hallownest:monsterHuskGuard","floor":4,"turns":1},{"damage":0,"enemies":"2_ Uuma","floor":5,"turns":1},{"damage":13,"enemies":"Hallownest:Guard_and_Warrior","floor":7,"turns":9},{"damage":0,"enemies":"Hallownest:eliteMossKnight","floor":8,"turns":7},{"damage":0,"enemies":"Hallownest:eliteCrystalGuardian","floor":10,"turns":8},{"damage":0,"enemies":"Hallownest:MossCreep_and_Mosskin","floor":13,"turns":4},{"damage":0,"enemies":"Hallownest:1_Baldur_1_Crawlid_1_Warrior","floor":14,"turns":2},{"damage":0,"enemies":"Hallownest:BossFalseKnight","floor":16,"turns":9},{"damage":0,"enemies":"Hallownest:2_Mistakes","floor":18,"turns":3},{"damage":0,"enemies":"Hallownest:3_Youths","floor":20,"turns":3},{"damage":0,"enemies":"Hallownest:Master_and_Novice","floor":21,"turns":2},{"damage":0,"enemies":"Hallownest:monsterShrumalOgre","floor":22,"turns":2},{"damage":0,"enemies":"Hallownest:Nosk","floor":23,"turns":5},{"damage":0,"enemies":"Hallownest:eliteWatcherKnight","floor":25,"turns":6},{"damage":0,"enemies":"Hallownest:3_Mistakes","floor":28,"turns":2},{"damage":0,"enemies":"Hallownest:Glutton_and_Coward","floor":31,"turns":1},{"damage":0,"enemies":"Hallownest:BossGrimm","floor":33,"turns":6},{"damage":0,"enemies":"Hallownest:3_Siblings","floor":35,"turns":2},{"damage":0,"enemies":"Hallownest:Shield_Heavy","floor":36,"turns":2},{"damage":0,"enemies":"Hallownest:2_Wandering_and_1_Horned","floor":37,"turns":4},{"damage":0,"enemies":"Hallownest:Shield_Sturdy","floor":38,"turns":3},{"damage":0,"enemies":"Hallownest:StalkingDevout","floor":40,"turns":3},{"damage":0,"enemies":"Hallownest:eliteHiveKnight","floor":42,"turns":4},{"damage":0,"enemies":"Hallownest:monsterPrimalAspid","floor":46,"turns":2},{"damage":0,"enemies":"Hallownest:StalkingDevout","floor":48,"turns":3},{"damage":0,"enemies":"Hallownest:BossHollowKnight","floor":50,"turns":5},{"damage":0,"enemies":"Shield and Spear","floor":54,"turns":1},{"damage":0,"enemies":"The Heart","floor":55,"turns":5}],"seed_played":"-7239972531937744009","potions_obtained":[{"floor":1,"key":"Strength Potion"},{"floor":4,"key":"DistilledChaos"},{"floor":7,"key":"PowerPotion"},{"floor":14,"key":"Strength Potion"},{"floor":18,"key":"Dexterity Potion"},{"floor":20,"key":"Explosive Potion"},{"floor":21,"key":"Swift Potion"},{"floor":25,"key":"Block Potion"}],"is_trial":false,"path_per_floor":["M","?","$","M","M","R","M","E","T","E","$","R","M","M","R","B",null,"M","?","M","M","M","E","R","E","T","R","M","R","$","M","R","B",null,"M","M","M","M","?","E","?","E","T","$","R","M","$","E","R","B",null,"R","$","E","B",null],"character_chosen":"THE_SILENT","items_purchased":["MerchantsRug","Anchor","Question Card","Accuracy","Ninja Scroll","TwistedFunnel","Bag of Preparation","Accuracy","TheAbacus","The Specimen","Singing Bowl","Membership Card","Energy Potion","Tough Bandages","Bottled Tornado","Calipers","Frozen Eye","Mercury Hourglass","Fruit Juice"],"campfire_rested":5,"item_purchase_floors":[3,3,3,3,11,11,30,30,44,44,44,47,47,47,47,53,53,53,53],"current_hp_per_floor":[70,70,70,70,70,70,57,57,57,57,57,57,57,57,57,57,70,70,70,70,70,70,70,70,70,70,70,70,70,70,70,70,70,70,70,70,70,70,70,70,70,70,70,70,70,72,72,74,74,74,74,74,79,81,81],"gold":1331,"neow_bonus":"THREE_ENEMY_KILL","is_daily":false,"chose_seed":false,"campfire_upgraded":4,"win_rate":0,"timestamp":1607644866,"path_taken":["M","?","$","M","M","R","M","E","T","E","?","R","M","M","R","BOSS","M","?","?","?","M","E","R","E","T","R","M","R","$","M","R","BOSS","M","?","M","M","?","E","?","E","T","$","R","M","$","E","R","BOSS","R","$","E","BOSS"],"build_version":"2020-11-30","purchased_purges":2,"victory":true,"max_hp_per_floor":[70,70,70,70,70,70,70,70,70,70,70,70,70,70,70,70,70,70,70,70,70,70,70,70,70,70,70,70,70,70,70,70,70,70,70,70,70,70,70,70,70,70,70,70,70,72,72,74,74,74,74,74,79,81,81],"card_choices":[{"not_picked":["Acrobatics","Dash"],"picked":"Backflip","floor":1},{"not_picked":["Dodge and Roll","Deflect","Poisoned Stab","Outmaneuver"],"picked":"SKIP","floor":4},{"not_picked":["Flying Knee","Eviscerate","Reflex"],"picked":"Quick Slash","floor":5},{"not_picked":["Bouncing Flask","Bane","Dagger Throw"],"picked":"A Thousand Cuts","floor":7},{"not_picked":["Poisoned Stab","Dagger Spray","Endless Agony"],"picked":"Blur","floor":8},{"not_picked":["PiercingWail","All Out Attack","Concentrate","Riddle With Holes"],"picked":"SKIP","floor":10},{"not_picked":["Riddle With Holes","Tactician","Deflect","Backflip"],"picked":"SKIP","floor":13},{"not_picked":["Blur","Crippling Poison","Blade Dance","Calculated Gamble"],"picked":"SKIP","floor":14},{"not_picked":["Night Terror","Malaise","Corpse Explosion"],"picked":"Adrenaline","floor":16},{"not_picked":["Dagger Throw","Underhanded Strike","Predator+1","Eviscerate"],"picked":"SKIP","floor":18},{"not_picked":["Setup","Poisoned Stab+1","Catalyst+1","Deflect+1"],"picked":"SKIP","floor":20},{"not_picked":["Dash","Caltrops","Poisoned Stab","Quick Slash"],"picked":"SKIP","floor":21},{"not_picked":["Setup","Dodge and Roll","Quick Slash+1","Sucker Punch"],"picked":"SKIP","floor":22},{"not_picked":["PiercingWail","Dagger Throw","Sucker Punch","Night Terror"],"picked":"SKIP","floor":23},{"not_picked":["Flying Knee+1","Finisher","Underhanded Strike","Sucker Punch"],"picked":"SKIP","floor":25},{"not_picked":["Endless Agony","Slice","Quick Slash","Backflip"],"picked":"SKIP","floor":28},{"not_picked":["Slice","Dodge and Roll","Sucker Punch+1","Flying Knee+1"],"picked":"SKIP","floor":31},{"not_picked":["Noxious Fumes","Backflip+1","Outmaneuver+1","Deflect"],"picked":"SKIP","floor":35},{"not_picked":["Crippling Poison+1","Deadly Poison","Backflip+1","Footwork"],"picked":"SKIP","floor":36},{"not_picked":["Bane","Cloak And Dagger","Acrobatics+1"],"picked":"Blade Dance+1","floor":37},{"not_picked":["Dodge and Roll","Quick Slash","Calculated Gamble+1"],"picked":"Accuracy+1","floor":38},{"not_picked":["Wraith Form v2","Quick Slash+1","Slice","A Thousand Cuts"],"picked":"SKIP","floor":40},{"not_picked":["Dodge and Roll+1","Bullet Time","Bane+1","Outmaneuver+1"],"picked":"SKIP","floor":42},{"not_picked":["Poisoned Stab","Distraction+1","Dagger Throw","Sucker Punch"],"picked":"Singing Bowl","floor":46},{"not_picked":["Outmaneuver+1","Tactician+1","Backflip","Dodge and Roll+1"],"picked":"Singing Bowl","floor":48},{"not_picked":["Venomology","Malaise","Burst"],"picked":"Adrenaline","floor":50},{"not_picked":["PiercingWail+1","Flying Knee","Poisoned Stab+1","Cloak And Dagger"],"picked":"Singing Bowl","floor":54}],"player_experience":383764,"relics_obtained":[{"floor":8,"key":"Orichalcum"},{"floor":10,"key":"Bottled Flame"},{"floor":23,"key":"Old Coin"},{"floor":25,"key":"Paper Crane"},{"floor":26,"key":"Omamori"},{"floor":40,"key":"Whetstone"},{"floor":42,"key":"MealTicket"},{"floor":43,"key":"Kunai"},{"floor":48,"key":"Regal Pillow"},{"floor":54,"key":"Toy Ornithopter"}],"event_choices":[],"is_beta":false,"boss_relics":[{"not_picked":["SlaversCollar","Runic Dome"],"picked":"WristBlade"},{"not_picked":["Velvet Choker","Snecko Eye"],"picked":"Runic Pyramid"}],"items_purged_floors":[3,11],"is_endless":false,"potions_floor_spawned":[1,4,7,14,18,20,21,25,33,35,38,50,54],"ascension_level":3}}