{"host":"mvlqq966zh3ccmv5","time":1607727578,"event":{"mods":["AchievementEnabler","BaseMod","DeckTracker","Minty Spire (QoL Compilation)","SuperFastMode"],"gold_per_floor":[113,36,36,36,47,60,60,87,87,12,25,25,40,53,53,152,152,169,169,95,106,121,121,121,121,146,162,162,176,191,202,202,305,305,346,246,246,17,28,56,56,56,56],"floor_reached":42,"playtime":949,"items_purged":["Defend_P","Defend_P","Defend_P"],"score":455,"play_id":"e65b94c9-6fe7-4786-a40c-357effeb4815","local_time":"20201212075938","is_ascension_mode":false,"campfire_choices":[{"data":"Eruption","floor":7.0,"key":"SMITH"},{"data":"Wish","floor":12.0,"key":"SMITH"},{"data":"ClearTheMind","floor":15.0,"key":"SMITH"},{"floor":23.0,"key":"REST"},{"data":"Vault","floor":25.0,"key":"SMITH"},{"data":"MentalFortress","floor":32.0,"key":"SMITH"}],"circlet_count":0,"master_deck":["Strike_P","Eruption+1","Vigilance","MentalFortress+1","FlurryOfBlows","Wish+1","ClearTheMind+1","DeusExMachina","FearNoEvil","Vault+1","WreathOfFlame","ReachHeaven","Ghostly","Ghostly","Ghostly","Ghostly","Ghostly","Thinking Ahead"],"relics":["Philosopher\u0027s Stone"],"acts_visited":["Exordium","TheCity","TheBeyond"],"potions_floor_usage":[],"damage_taken":[{"damage":0.0,"enemies":"2 Louse","floor":1.0,"turns":2.0},{"damage":0.0,"enemies":"Small Slimes","floor":5.0,"turns":3.0},{"damage":9.0,"enemies":"Jaw Worm","floor":6.0,"turns":4.0},{"damage":10.0,"enemies":"Lagavulin","floor":8.0,"turns":5.0},{"damage":7.0,"enemies":"Exordium Wildlife","floor":11.0,"turns":3.0},{"damage":0.0,"enemies":"Large Slime","floor":13.0,"turns":3.0},{"damage":0.0,"enemies":"Blue Slaver","floor":14.0,"turns":5.0},{"damage":20.0,"enemies":"Slime Boss","floor":16.0,"turns":7.0},{"damage":11.0,"enemies":"Shell Parasite","floor":18.0,"turns":4.0},{"damage":13.0,"enemies":"Spheric Guardian","floor":21.0,"turns":4.0},{"damage":20.0,"enemies":"Cultist and Chosen","floor":22.0,"turns":6.0},{"damage":9.0,"enemies":"Chosen and Byrds","floor":27.0,"turns":4.0},{"damage":0.0,"enemies":"Shelled Parasite and Fungi","floor":29.0,"turns":6.0},{"damage":6.0,"enemies":"Centurion and Healer","floor":30.0,"turns":5.0},{"damage":6.0,"enemies":"Snake Plant","floor":31.0,"turns":4.0},{"damage":8.0,"enemies":"Collector","floor":33.0,"turns":7.0},{"damage":0.0,"enemies":"3 Shapes","floor":35.0,"turns":4.0},{"damage":1.0,"enemies":"Orb Walker","floor":39.0,"turns":5.0},{"damage":31.0,"enemies":"Nemesis","floor":40.0,"turns":7.0},{"damage":3,"enemies":"Sphere and 2 Shapes","floor":42,"turns":4}],"seed_played":"-2770977084234952559","potions_obtained":[{"floor":6.0,"key":"PowerPotion"},{"floor":8.0,"key":"SteroidPotion"},{"floor":16.0,"key":"LiquidBronze"},{"floor":22.0,"key":"SteroidPotion"},{"floor":29.0,"key":"AttackPotion"},{"floor":31.0,"key":"DistilledChaos"},{"floor":33.0,"key":"Block Potion"},{"floor":39.0,"key":"DuplicationPotion"},{"floor":40.0,"key":"BottledMiracle"}],"is_trial":false,"path_per_floor":["M","$","?","?","M","M","R","E","T","$","M","R","M","M","R","B",null,"M","?","$","M","M","R","?","R","T","M","?","M","M","M","R","B",null,"M","$","?","$","M","E","?","M"],"character_chosen":"WATCHER","items_purchased":["MentalFortress","FearNoEvil","Fruit Juice"],"campfire_rested":1,"item_purchase_floors":[2,20,38],"current_hp_per_floor":[72,72,65,65,65,56,56,46,46,46,39,39,39,39,39,19,72,61,61,61,48,28,49,49,49,49,40,36,36,30,24,24,16,36,36,36,36,41,40,9,9,6,6],"gold":56,"neow_bonus":"BOSS_RELIC","is_daily":false,"chose_seed":false,"campfire_upgraded":5,"win_rate":0.0,"timestamp":1607727578,"path_taken":["M","$","?","?","?","M","R","E","T","$","M","R","M","M","R","BOSS","M","?","$","M","M","R","?","R","T","M","?","M","M","M","R","BOSS","M","$","?","$","M","E","?","M"],"items_purchased_type":["Card","Card","Potion"],"build_version":"2020-11-30","purchased_purges":3,"victory":false,"max_hp_per_floor":[72,72,72,72,72,72,72,72,72,72,72,72,72,72,72,72,72,72,72,72,72,72,72,72,72,72,72,36,36,36,36,36,36,36,36,36,36,41,41,41,41,41,41],"card_choices":[{"not_picked":["Evaluate","Indignation","Consecrate"],"picked":"SKIP","floor":1.0},{"not_picked":["SignatureMove","CrushJoints"],"picked":"FlurryOfBlows","floor":5.0},{"not_picked":["ThirdEye","EmptyFist","Consecrate"],"picked":"SKIP","floor":6.0},{"not_picked":["CrushJoints","FlurryOfBlows","SignatureMove"],"picked":"SKIP","floor":8.0},{"not_picked":["Prostrate","Indignation"],"picked":"Wish","floor":11.0},{"not_picked":["ThirdEye","Prostrate","Consecrate"],"picked":"SKIP","floor":13.0},{"not_picked":["SandsOfTime","FollowUp"],"picked":"ClearTheMind","floor":14.0},{"not_picked":["Alpha","Establishment"],"picked":"DeusExMachina","floor":16.0},{"not_picked":["CrushJoints+1","EmptyFist","CutThroughFate"],"picked":"SKIP","floor":18.0},{"not_picked":["Evaluate","ReachHeaven+1","CutThroughFate"],"picked":"SKIP","floor":21.0},{"not_picked":["SashWhip","EmptyFist+1"],"picked":"Vault","floor":22.0},{"not_picked":["FlurryOfBlows","WreathOfFlame","Meditate"],"picked":"SKIP","floor":27.0},{"not_picked":["SandsOfTime","WheelKick","JustLucky"],"picked":"SKIP","floor":29.0},{"not_picked":["SignatureMove","CrushJoints","Prostrate"],"picked":"SKIP","floor":30.0},{"not_picked":["JustLucky","CutThroughFate+1","Prostrate+1"],"picked":"SKIP","floor":31.0},{"not_picked":["EmptyFist+1","EmptyBody","Nirvana"],"picked":"SKIP","floor":35.0},{"not_picked":["WheelKick+1","Sanctity+1","Wireheading"],"picked":"SKIP","floor":39.0},{"not_picked":["ThirdEye","Worship+1","BowlingBash"],"picked":"SKIP","floor":40.0},{"not_picked":["Trip","Flash of Steel"],"picked":"Thinking Ahead","floor":41.0}],"player_experience":193388,"relics_obtained":[],"event_choices":[{"cards_removed":["Strike_P"],"damage_healed":0.0,"max_hp_gain":0.0,"max_hp_loss":0.0,"gold_gain":0.0,"event_name":"Golden Wing","player_choice":"Card Removal","floor":3.0,"gold_loss":0.0,"damage_taken":7.0},{"damage_healed":0.0,"max_hp_gain":0.0,"max_hp_loss":0.0,"gold_gain":0.0,"event_name":"Scrap Ooze","player_choice":"Fled","floor":4.0,"gold_loss":0.0,"damage_taken":0.0},{"cards_removed":["Strike_P"],"damage_healed":0.0,"max_hp_gain":0.0,"max_hp_loss":0.0,"gold_gain":0.0,"event_name":"Back to Basics","player_choice":"Elegance","floor":19.0,"gold_loss":0.0,"damage_taken":0.0},{"damage_healed":0.0,"max_hp_gain":0.0,"max_hp_loss":0.0,"gold_gain":0.0,"cards_transformed":["Defend_P","Strike_P"],"event_name":"Drug Dealer","player_choice":"Became Test Subject","floor":24.0,"gold_loss":0.0,"damage_taken":0.0,"cards_obtained":["WreathOfFlame","ReachHeaven"]},{"damage_healed":0.0,"max_hp_gain":0.0,"max_hp_loss":36.0,"gold_gain":0.0,"event_name":"Ghosts","player_choice":"Became a Ghost","floor":28.0,"gold_loss":0.0,"damage_taken":0.0,"cards_obtained":["Ghostly","Ghostly","Ghostly","Ghostly","Ghostly"]},{"damage_healed":0.0,"max_hp_gain":0.0,"max_hp_loss":0.0,"gold_gain":0.0,"event_name":"Tomb of Lord Red Mask","player_choice":"Ignored","floor":37.0,"gold_loss":0.0,"damage_taken":0.0},{"damage_healed":0.0,"max_hp_gain":0.0,"max_hp_loss":0.0,"gold_gain":0.0,"event_name":"SensoryStone","player_choice":"Memory 1","floor":41.0,"gold_loss":0.0,"damage_taken":0.0}],"is_beta":false,"boss_relics":[{"not_picked":["SacredBark","Pandora\u0027s Box","Tiny House"]},{"not_picked":["Calling Bell","Empty Cage","Coffee Dripper"]}],"items_purged_floors":[10,36,38],"is_endless":false,"potions_floor_spawned":[6,8,16,22,29,31,33,39,40],"killed_by":"Sphere and 2 Shapes","ascension_level":0}}