{"host":"v52ntiwll8g9892u","time":1607695374,"event":{"mods":["Aspiration","BaseMod","Marisa£®ÏF”Í°°ƒß¿Ì…≥£©","Minty Spire (QoL Compilation)","StSLib","The Bug Knight"],"gold_per_floor":[12,22,33,45,65,96,96,131,183,194,212,212,238,6,6,82,82,97,110,110,110,123,149,149,182,230,244,264,164,164,191,191,268,268,283,283,302,313,313,342,342,375,375,392,392,402,436,223,223,223,223,223,223,2,31,31],"floor_reached":57,"playtime":2518,"items_purged":["Defend_P","Shame","Defend_P","Strike_P"],"score":3198,"play_id":"24539605-768c-4719-b6ae-0f3680c7bfdf","local_time":"20201211220254","is_ascension_mode":true,"campfire_choices":[{"data":"TalkToTheHand","floor":7.0,"key":"SMITH"},{"data":"BowlingBash","floor":15.0,"key":"SMITH"},{"data":"Ragnarok","floor":24.0,"key":"SMITH"},{"data":"True Grit","floor":30.0,"key":"SMITH"},{"data":"InnerPeace","floor":32.0,"key":"SMITH"},{"floor":41.0,"key":"RECALL"},{"data":"TalkToTheHand","floor":45.0,"key":"SMITH"},{"data":"Indignation","floor":49.0,"key":"SMITH"},{"data":"Ghostly","floor":53.0,"key":"SMITH"}],"circlet_count":0,"master_deck":["AscendersBane","Strike_P","Strike_P+1","Eruption+1","Vigilance+1","CutThroughFate+1","Indignation+1","TalkToTheHand+1","BowlingBash+1","InnerPeace+1","TalkToTheHand+1","Ragnarok+1","Ghostly","Ghostly+1","Ghostly+1","True Grit+1","LessonLearned+1","Second Wind+1","Battle Trance+1","Dropkick"],"relics":["PureWater","Incense Burner","Whetstone","Happy Flower","Blue Candle","TheAbacus","aspiration:IroncladSkillbook","Nunchaku","InkBottle","Bag of Marbles","FossilizedHelix","aspiration:PoetsPen_weak","Ice Cream","Smiling Mask","Prayer Wheel","Singing Bowl","War Paint","Anchor","Damaru"],"acts_visited":["Exordium","TheCity","TheBeyond","TheEnding"],"potions_floor_usage":[56],"damage_taken":[{"damage":0.0,"enemies":"Cultist","floor":1.0,"turns":2.0},{"damage":2.0,"enemies":"Small Slimes","floor":2.0,"turns":3.0},{"damage":0.0,"enemies":"2 Louse","floor":3.0,"turns":2.0},{"damage":1.0,"enemies":"Looter","floor":4.0,"turns":4.0},{"damage":10.0,"enemies":"Lots of Slimes","floor":5.0,"turns":3.0},{"damage":2.0,"enemies":"3 Sentries","floor":6.0,"turns":6.0},{"damage":4.0,"enemies":"Lagavulin","floor":8.0,"turns":6.0},{"damage":2.0,"enemies":"Exordium Wildlife","floor":10.0,"turns":2.0},{"damage":1.0,"enemies":"Red Slaver","floor":11.0,"turns":2.0},{"damage":10.0,"enemies":"3 Sentries","floor":13.0,"turns":3.0},{"damage":4.0,"enemies":"Hexaghost","floor":16.0,"turns":8.0},{"damage":17.0,"enemies":"3 Byrds","floor":18.0,"turns":4.0},{"damage":0.0,"enemies":"2 Thieves","floor":19.0,"turns":1.0},{"damage":6.0,"enemies":"Chosen and Byrds","floor":22.0,"turns":5.0},{"damage":1.0,"enemies":"Book of Stabbing","floor":23.0,"turns":5.0},{"damage":3.0,"enemies":"Slavers","floor":25.0,"turns":6.0},{"damage":0.0,"enemies":"Cultist and Chosen","floor":27.0,"turns":3.0},{"damage":0.0,"enemies":"Snake Plant","floor":28.0,"turns":1.0},{"damage":0.0,"enemies":"Book of Stabbing","floor":31.0,"turns":2.0},{"damage":0.0,"enemies":"Automaton","floor":33.0,"turns":4.0},{"damage":0.0,"enemies":"3 Shapes","floor":35.0,"turns":4.0},{"damage":0.0,"enemies":"Orb Walker","floor":37.0,"turns":1.0},{"damage":0.0,"enemies":"Writhing Mass","floor":38.0,"turns":3.0},{"damage":1.0,"enemies":"Reptomancer","floor":40.0,"turns":3.0},{"damage":0.0,"enemies":"Giant Head","floor":42.0,"turns":5.0},{"damage":0.0,"enemies":"Spire Growth","floor":44.0,"turns":3.0},{"damage":2.0,"enemies":"Sphere and 2 Shapes","floor":46.0,"turns":3.0},{"damage":0.0,"enemies":"Reptomancer","floor":47.0,"turns":4.0},{"damage":1.0,"enemies":"Donu and Deca","floor":50.0,"turns":6.0},{"damage":18.0,"enemies":"Awakened One","floor":51.0,"turns":8.0},{"damage":0.0,"enemies":"Shield and Spear","floor":55.0,"turns":5.0},{"damage":0,"enemies":"The Heart","floor":56,"turns":7}],"seed_played":"6271038163940796639","potions_obtained":[{"floor":4.0,"key":"BlessingOfTheForge"},{"floor":5.0,"key":"SteroidPotion"},{"floor":11.0,"key":"SteroidPotion"},{"floor":13.0,"key":"GamblersBrew"},{"floor":18.0,"key":"SmokeBomb"},{"floor":22.0,"key":"DistilledChaos"},{"floor":27.0,"key":"PowerPotion"},{"floor":33.0,"key":"Explosive Potion"},{"floor":37.0,"key":"Fire Potion"},{"floor":46.0,"key":"SkillPotion"}],"is_trial":false,"path_per_floor":["M","M","M","M","M","E","R","E","T","M","M","?","E","$","R","B",null,"M","M","?","?","M","E","R","E","T","M","M","$","R","E","R","B",null,"M","?","M","M","?","E","R","E","T","M","R","M","E","$","R","B","B",null,"R","$","E","B",null],"character_chosen":"WATCHER","items_purchased":["TheAbacus","War Paint","Anchor"],"campfire_rested":0,"item_purchase_floors":[14,48,54],"current_hp_per_floor":[61,59,59,58,48,46,46,42,42,40,39,32,22,22,22,18,56,43,47,34,34,32,34,34,34,34,34,34,34,34,34,34,34,34,34,34,34,34,34,34,34,34,34,34,34,34,34,34,34,34,20,31,31,31,34,34],"gold":31,"neow_bonus":"ONE_RARE_RELIC","is_daily":false,"chose_seed":false,"campfire_upgraded":8,"win_rate":0.0,"timestamp":1607695374,"path_taken":["M","?","M","M","M","E","R","E","T","M","M","?","E","$","R","BOSS","M","M","?","?","M","E","R","E","T","M","M","$","R","E","R","BOSS","M","?","M","?","?","E","R","E","T","M","R","M","E","$","R","BOSS","BOSS","R","$","E","BOSS"],"items_purchased_type":["Relic","Relic","Relic"],"build_version":"2020-11-30","purchased_purges":4,"victory":true,"max_hp_per_floor":[68,68,68,68,68,68,68,68,68,68,68,68,68,68,68,68,68,68,68,34,34,34,34,34,34,34,34,34,34,34,34,34,34,34,34,34,34,34,34,34,34,34,34,34,34,34,34,34,34,34,34,34,34,34,34,34],"card_choices":[{"not_picked":["JustLucky","Evaluate"],"picked":"CutThroughFate","floor":1.0},{"not_picked":["Worship","Weave","CrushJoints"],"picked":"SKIP","floor":2.0},{"not_picked":["EmptyBody","Indignation","JustLucky"],"picked":"SKIP","floor":3.0},{"not_picked":["EmptyBody","JustLucky"],"picked":"Indignation","floor":3.0},{"not_picked":["FlyingSleeves","Consecrate","Evaluate"],"picked":"SKIP","floor":4.0},{"not_picked":["ClearTheMind","Consecrate","SashWhip"],"picked":"SKIP","floor":5.0},{"not_picked":["CutThroughFate","SandsOfTime"],"picked":"TalkToTheHand","floor":6.0},{"not_picked":["FlurryOfBlows","Weave"],"picked":"BowlingBash","floor":8.0},{"not_picked":["EmptyBody","Crescendo"],"picked":"InnerPeace","floor":10.0},{"not_picked":["BowlingBash","CutThroughFate","Crescendo"],"picked":"SKIP","floor":11.0},{"not_picked":["CarveReality","ThirdEye"],"picked":"TalkToTheHand","floor":13.0},{"not_picked":["DevaForm","SpiritShield"],"picked":"Ragnarok","floor":16.0},{"not_picked":["SignatureMove","FollowUp+1","Sentinel","EmptyBody"],"picked":"SKIP","floor":18.0},{"not_picked":["Whirlwind","Evaluate","Conclude","ReachHeaven"],"picked":"SKIP","floor":19.0},{"not_picked":["Consecrate","Clash","BattleHymn"],"picked":"True Grit","floor":22.0},{"not_picked":["Warcry","PathToVictory","Armaments","Immolate"],"picked":"SKIP","floor":23.0},{"not_picked":["Swivel+1","Consecrate","ClearTheMind","Warcry"],"picked":"SKIP","floor":25.0},{"not_picked":["SashWhip","EmptyFist","FlurryOfBlows","Perseverance"],"picked":"SKIP","floor":27.0},{"not_picked":["Whirlwind","FlurryOfBlows","SandsOfTime","Evolve"],"picked":"SKIP","floor":28.0},{"not_picked":["Weave","Intimidate","SpiritShield","Warcry"],"picked":"SKIP","floor":31.0},{"not_picked":["Offering","Ragnarok","Reaper"],"picked":"LessonLearned","floor":33.0},{"not_picked":["Anger","Warcry+1","Rupture+1","MentalFortress"],"picked":"SKIP","floor":35.0},{"not_picked":["Sword Boomerang","Metallicize+1","EmptyBody","Clothesline"],"picked":"SKIP","floor":37.0},{"not_picked":["FlurryOfBlows","Headbutt+1","Bloodletting","True Grit"],"picked":"SKIP","floor":38.0},{"not_picked":["SashWhip","BowlingBash","Armaments","Blood for Blood"],"picked":"SKIP","floor":40.0},{"not_picked":["Pray","Dual Wield","SashWhip","Collect"],"picked":"SKIP","floor":42.0},{"not_picked":["Evaluate","Cleave","Clash"],"picked":"Second Wind","floor":44.0},{"not_picked":["Halt","Whirlwind","Omniscience","FlyingSleeves"],"picked":"SKIP","floor":44.0},{"not_picked":["Seeing Red","Worship","Shrug It Off","Iron Wave"],"picked":"SKIP","floor":46.0},{"not_picked":["FlurryOfBlows","Wild Strike","Dual Wield","Pommel Strike"],"picked":"SKIP","floor":46.0},{"not_picked":["Reckless Charge","Shrug It Off","WaveOfTheHand"],"picked":"Battle Trance+1","floor":47.0},{"not_picked":["ClearTheMind","Flex","ConjureBlade"],"picked":"Dropkick","floor":55.0}],"player_experience":1235939,"relics_obtained":[{"floor":6.0,"key":"Whetstone"},{"floor":8.0,"key":"Happy Flower"},{"floor":13.0,"key":"Blue Candle"},{"floor":23.0,"key":"Nunchaku"},{"floor":25.0,"key":"InkBottle"},{"floor":26.0,"key":"Bag of Marbles"},{"floor":31.0,"key":"FossilizedHelix"},{"floor":40.0,"key":"Ice Cream"},{"floor":42.0,"key":"Smiling Mask"},{"floor":43.0,"key":"Prayer Wheel"},{"floor":47.0,"key":"Singing Bowl"},{"floor":55.0,"key":"Damaru"}],"event_choices":[{"cards_removed":["Defend_P"],"damage_healed":0.0,"max_hp_gain":0.0,"max_hp_loss":0.0,"gold_gain":0.0,"event_name":"Golden Wing","player_choice":"Card Removal","floor":12.0,"gold_loss":0.0,"damage_taken":7.0},{"damage_healed":0.0,"max_hp_gain":0.0,"max_hp_loss":34.0,"gold_gain":0.0,"event_name":"Ghosts","player_choice":"Became a Ghost","floor":20.0,"gold_loss":0.0,"damage_taken":0.0,"cards_obtained":["Ghostly","Ghostly","Ghostly"]},{"cards_removed":["Defend_P"],"damage_healed":0.0,"max_hp_gain":0.0,"max_hp_loss":0.0,"gold_gain":0.0,"event_name":"Purifier","player_choice":"Purged","floor":36.0,"gold_loss":0.0,"damage_taken":0.0},{"cards_removed":["Strike_P"],"damage_healed":0.0,"max_hp_gain":0.0,"max_hp_loss":0.0,"gold_gain":0.0,"event_name":"Falling","player_choice":"Removed Attack","floor":39.0,"gold_loss":0.0,"damage_taken":0.0}],"is_beta":false,"boss_relics":[{"not_picked":["SlaversCollar","Velvet Choker"],"picked":"aspiration:IroncladSkillbook"},{"not_picked":["aspiration:SecretTechniqueScroll","Pandora\u0027s Box"],"picked":"aspiration:PoetsPen_weak"}],"items_purged_floors":[14,29,48,54],"is_endless":false,"potions_floor_spawned":[4,5,11,13,18,22,27,33,37,40,46,47],"ascension_level":20}}