{"host":"usewcu4ohw2wtmxk","time":1607645588,"event":{"mods":["AchievementEnabler","BaseMod","BetterRewards","Colored Powertips","Minty Spire (QoL Compilation)","Permanent Neow","Quick Restart","Relic Sorter","Relic Stats","Shop Mod","StSLib","UnlockEverythingMod"],"gold_per_floor":[110,120,45,45,57,57,57,73,99,24,24,24,59,109,109,109,109],"floor_reached":16,"playtime":266,"items_purged":["Strike_G"],"score":196,"play_id":"921025b0-85ec-41d9-a404-044a604c6b95","local_time":"20201211081308","is_ascension_mode":true,"campfire_choices":[{"data":"Neutralize","floor":7.0,"key":"SMITH"},{"data":"Footwork","floor":12,"key":"SMITH"},{"data":"Reflex","floor":15,"key":"SMITH"}],"circlet_count":0,"master_deck":["AscendersBane","Strike_G","Strike_G+1","Strike_G","Defend_G","Defend_G","Defend_G","Defend_G","Defend_G","Survivor","Neutralize+1","Dramatic Entrance+1","Footwork+1","Backflip","Reflex+1","Slice"],"relics":["Ring of the Snake","Akabeko","Happy Flower"],"acts_visited":["Exordium"],"potions_floor_usage":[],"damage_taken":[{"damage":2.0,"enemies":"Jaw Worm","floor":1.0,"turns":4.0},{"damage":0.0,"enemies":"2 Louse","floor":2.0,"turns":4.0},{"damage":0.0,"enemies":"Small Slimes","floor":5.0,"turns":4.0},{"damage":0.0,"enemies":"3 Louse","floor":8.0,"turns":2.0},{"damage":20,"enemies":"3 Sentries","floor":13,"turns":13},{"damage":0,"enemies":"Hexaghost","floor":16,"turns":1}],"seed_played":"6523146518590648625","potions_obtained":[{"floor":5.0,"key":"EntropicBrew"},{"floor":8.0,"key":"SteroidPotion"},{"floor":13,"key":"LiquidMemories"}],"is_trial":false,"path_per_floor":["M","M","?","?","M","?","R","M","T","$","$","R","E","?","R","B"],"character_chosen":"THE_SILENT","items_purchased":[],"campfire_rested":0,"item_purchase_floors":[],"current_hp_per_floor":[57,57,57,62,62,41,41,41,41,41,41,41,21,21,21,21,21],"gold":109,"neow_bonus":"RANDOM_COLORLESS","is_daily":false,"chose_seed":false,"campfire_upgraded":3,"win_rate":0.0,"timestamp":1607645588,"path_taken":["M","M","?","?","M","?","R","M","T","$","?","R","E","?","R","BOSS"],"items_purchased_type":[],"build_version":"2020-11-30","purchased_purges":1,"victory":false,"max_hp_per_floor":[66,66,66,71,71,71,71,71,71,71,71,71,71,71,71,71,71],"relic_stats":{"Happy Flower":[0],"counters":[6,28],"obtain_stats":[{"Happy Flower":13,"Akabeko":9,"Ring of the Snake":0},{"Happy Flower":5,"Akabeko":4,"Ring of the Snake":0},{"Happy Flower":27,"Akabeko":14,"Ring of the Snake":0}],"Ring of the Snake":[12]},"card_choices":[{"not_picked":["Finesse","Flash of Steel"],"picked":"Dramatic Entrance","floor":0.0},{"not_picked":["PiercingWail","Escape Plan"],"picked":"Footwork","floor":1.0},{"not_picked":["Accuracy","Poisoned Stab"],"picked":"Backflip","floor":2.0},{"not_picked":["Quick Slash","Leg Sweep"],"picked":"Reflex","floor":5.0},{"not_picked":["Riddle With Holes","Sucker Punch","Outmaneuver"],"picked":"SKIP","floor":8.0},{"not_picked":["Poisoned Stab","Deflect"],"picked":"Slice","floor":13}],"player_experience":237625,"relics_obtained":[{"floor":9.0,"key":"Akabeko"},{"floor":13,"key":"Happy Flower"}],"event_choices":[{"cards_removed":["Strike_G"],"damage_healed":0.0,"max_hp_gain":0.0,"max_hp_loss":0.0,"gold_gain":0.0,"event_name":"The Cleric","player_choice":"Card Removal","floor":3.0,"gold_loss":75.0,"damage_taken":0.0},{"damage_healed":0.0,"max_hp_gain":5.0,"max_hp_loss":0.0,"gold_gain":0.0,"event_name":"Big Fish","player_choice":"Donut","floor":4.0,"gold_loss":0.0,"damage_taken":0.0},{"damage_healed":0.0,"max_hp_gain":0.0,"max_hp_loss":0.0,"gold_gain":0.0,"event_name":"Shining Light","player_choice":"Entered Light","floor":6.0,"gold_loss":0.0,"damage_taken":21.0,"cards_upgraded":["Dramatic Entrance","Strike_G"]},{"damage_healed":0,"gold_gain":50,"player_choice":"Pray","damage_taken":0,"max_hp_gain":0,"max_hp_loss":0,"event_name":"Golden Shrine","floor":14,"gold_loss":0}],"is_beta":false,"boss_relics":[],"items_purged_floors":[10],"is_endless":false,"potions_floor_spawned":[5,8,13],"killed_by":"Hexaghost","ascension_level":20}}