{"host":"1mv6gj0zv8k9e9tz","time":1607678481,"event":{"mods":["AchievementEnabler","BaseMod","Better Third Choice","Colored Map","KOR Keyword Fix","Minty Spire (QoL Compilation)","Permanent Neow","Rare Cards Sparkle","StSLib"],"gold_per_floor":[113,123,123,136,136,136,161,185,185,185,201,201,232,251,251,370,370,389,18,0,0,18,18,51,51,102,102,116,137,137,137,137],"floor_reached":31,"playtime":1313,"items_purged":["Strike_G"],"score":398,"play_id":"99af3039-633c-45dc-908c-66d3375eef10","local_time":"20201211182121","is_ascension_mode":true,"campfire_choices":[{"data":"Crippling Poison","floor":6,"key":"SMITH"},{"data":"Deflect","floor":10,"key":"SMITH"},{"data":"Deadly Poison","floor":15,"key":"SMITH"},{"floor":23,"key":"DIG"},{"data":"Well Laid Plans","floor":27,"key":"SMITH"}],"circlet_count":0,"master_deck":["AscendersBane","Strike_G","Strike_G","Strike_G","Strike_G","Defend_G","Defend_G","Defend_G","Defend_G","Defend_G","Survivor","Neutralize","Crippling Poison+1","Cloak And Dagger","Deflect+1","Caltrops","Deadly Poison+1","Escape Plan","PiercingWail","After Image","Well Laid Plans+1","Backflip","Deflect+1","Backflip"],"relics":["Sozu","Golden Idol","Question Card","Kunai","Velvet Choker","Shovel","Lizard Tail","Pantograph","Blue Candle","Snake Skull","Boot"],"acts_visited":["Exordium","TheCity"],"potions_floor_usage":[],"damage_taken":[{"damage":2,"enemies":"Small Slimes","floor":1,"turns":5},{"damage":1,"enemies":"Jaw Worm","floor":2,"turns":4},{"damage":0,"enemies":"Cultist","floor":4,"turns":5},{"damage":9,"enemies":"Large Slime","floor":7,"turns":9},{"damage":0,"enemies":"2 Fungi Beasts","floor":8,"turns":3},{"damage":6,"enemies":"Exordium Thugs","floor":11,"turns":4},{"damage":11,"enemies":"3 Sentries","floor":13,"turns":13},{"damage":0,"enemies":"Looter","floor":14,"turns":3},{"damage":18,"enemies":"The Guardian","floor":16,"turns":11},{"damage":20,"enemies":"Chosen","floor":18,"turns":6},{"damage":9,"enemies":"Spheric Guardian","floor":22,"turns":5},{"damage":32,"enemies":"Slavers","floor":24,"turns":8},{"damage":5,"enemies":"Shelled Parasite and Fungi","floor":28,"turns":6},{"damage":14,"enemies":"Centurion and Healer","floor":29,"turns":8},{"damage":18,"enemies":"3 Cultists","floor":31,"turns":4}],"seed_played":"8621824875276949292","potions_obtained":[],"is_trial":false,"path_per_floor":["M","M","?","M","?","R","M","M","T","R","M","?","E","M","R","B",null,"M","$","?","T","M","R","E","$","T","R","M","M","?","M"],"character_chosen":"THE_SILENT","items_purchased":["Shovel"],"campfire_rested":0,"item_purchase_floors":[19],"current_hp_per_floor":[61,60,43,43,43,43,34,34,34,34,28,33,22,22,22,4,57,37,37,37,37,28,28,35,35,35,35,30,16,16,0,0],"gold":137,"neow_bonus":"BOSS_RELIC","is_daily":false,"chose_seed":false,"campfire_upgraded":4,"win_rate":0.0,"timestamp":1607678481,"path_taken":["M","M","?","M","?","R","?","M","T","R","M","?","E","M","R","BOSS","M","$","?","?","M","R","E","$","T","R","M","M","?","M"],"items_purchased_type":["Relic"],"build_version":"2020-11-30","purchased_purges":1,"victory":false,"max_hp_per_floor":[70,70,70,70,70,70,70,70,70,70,70,75,75,75,75,75,75,75,75,75,75,75,75,75,75,75,75,75,75,75,75,75],"card_choices":[{"not_picked":["Dagger Spray","Cloak And Dagger"],"picked":"Crippling Poison","floor":1},{"not_picked":["Sucker Punch","Bane","Flying Knee"],"picked":"SKIP","floor":2},{"not_picked":["Expertise","Heel Hook"],"picked":"Cloak And Dagger","floor":4},{"not_picked":["Dagger Spray","Calculated Gamble"],"picked":"Deflect","floor":7},{"not_picked":["Skewer","Flechettes"],"picked":"Caltrops","floor":8},{"not_picked":["Quick Slash","Flechettes","PiercingWail"],"picked":"Deadly Poison","floor":11},{"not_picked":["Glass Knife","Prepared","Skewer"],"picked":"Escape Plan","floor":13},{"not_picked":["Tactician","Choke","Escape Plan"],"picked":"PiercingWail","floor":14},{"not_picked":["Unload","A Thousand Cuts","Malaise"],"picked":"After Image","floor":16},{"not_picked":["Dagger Throw+1","Outmaneuver","Slice"],"picked":"Well Laid Plans","floor":18},{"not_picked":["Slice","Cloak And Dagger+1","Quick Slash"],"picked":"Backflip","floor":22},{"not_picked":["Quick Slash","Dagger Spray","Outmaneuver+1"],"picked":"Deflect+1","floor":24},{"not_picked":["Dagger Throw","Finisher","Deflect"],"picked":"Backflip","floor":28},{"not_picked":["Setup+1","All Out Attack","Prepared","Underhanded Strike"],"picked":"SKIP","floor":29}],"player_experience":453721,"relics_obtained":[{"floor":9,"key":"Question Card"},{"floor":13,"key":"Kunai"},{"floor":21,"key":"Lizard Tail"},{"floor":23,"key":"Pantograph"},{"floor":24,"key":"Blue Candle"},{"floor":26,"key":"Snake Skull"}],"event_choices":[{"damage_healed":0,"gold_gain":0,"player_choice":"Take Damage","damage_taken":17,"relics_obtained":["Golden Idol"],"max_hp_gain":0,"max_hp_loss":0,"event_name":"Golden Idol","floor":3,"gold_loss":0},{"damage_healed":0,"gold_gain":0,"player_choice":"Bought 0 Potions","damage_taken":0,"max_hp_gain":0,"max_hp_loss":0,"event_name":"The Woman in Blue","floor":5,"gold_loss":0},{"damage_healed":0,"gold_gain":0,"player_choice":"Donut","damage_taken":0,"max_hp_gain":5,"max_hp_loss":0,"event_name":"Big Fish","floor":12,"gold_loss":0},{"damage_healed":0,"gold_gain":0,"player_choice":"Paid Fearfully","damage_taken":0,"max_hp_gain":0,"max_hp_loss":0,"event_name":"Masked Bandits","floor":20,"gold_loss":18},{"damage_healed":0,"gold_gain":0,"player_choice":"Opened","damage_taken":0,"relics_obtained":["Boot"],"max_hp_gain":0,"max_hp_loss":0,"event_name":"The Mausoleum","floor":30,"gold_loss":0}],"is_beta":false,"boss_relics":[{"not_picked":["Fusion Hammer","Philosopher\u0027s Stone"],"picked":"Velvet Choker"}],"items_purged_floors":[19],"is_endless":false,"potions_floor_spawned":[1,2,4,14,22,29],"killed_by":"3 Cultists","ascension_level":11}}