{"host":"kmq7aw60w430zvtx","time":1607689465,"event":{"mods":["BaseMod","Downfall","GifTheSpireLib","Hermit","Hubris","Minty Spire (QoL Compilation)","Replay The Spire","StSLib","The Construct","The Cursed","The Hierophant","The Jungle","The Necromancer","The Runesmith"],"gold_per_floor":[113,188,188,204,219,249,249,40,40,40,69,69,87,87,87,186,186,204,7,20,20,20,47,47,47],"floor_reached":24,"playtime":2186,"items_purged":["ReplayTheSpireMod:Doomed"],"score":266,"play_id":"7190d0b0-f4ee-4ab2-9802-ed714341704d","local_time":"20201211132425","is_ascension_mode":true,"campfire_choices":[{"data":"Life Link","floor":7,"key":"SMITH"},{"floor":12,"key":"REST"},{"data":"Feel No Pain","floor":15,"key":"SMITH"}],"circlet_count":0,"master_deck":["Strike_R","Strike_R","Strike_R","Strike_R","Defend_R","Defend_R","Defend_R","Defend_R","Bash","Eclipse","Shrug It Off","Sword Boomerang","Life Link+1","Armaments+1","Feel No Pain+1","Combust","Combust","Deep Breath","Fiend Fire","Infernal Blade","Brutality","Battle Trance","Cleave+1","Whirlwind+1"],"relics":["Burning Blood","Bottled Lightning","Chameleon Ring","Painkiller Herb","Toy Ornithopter","hubris:ChampionShield"],"acts_visited":["Exordium","TheCity"],"potions_floor_usage":[6,23,23,23],"damage_taken":[{"damage":5,"enemies":"Jaw Worm","floor":1,"turns":3},{"damage":10,"enemies":"Small Slimes","floor":4,"turns":3},{"damage":3,"enemies":"Cultist","floor":5,"turns":4},{"damage":29,"enemies":"Gremlin Nob","floor":6,"turns":4},{"damage":21,"enemies":"3 Sentries","floor":11,"turns":5},{"damage":9,"enemies":"Red Slaver","floor":13,"turns":3},{"damage":62,"enemies":"Fading Forest","floor":16,"turns":11},{"damage":45,"enemies":"2 Thieves","floor":18,"turns":4},{"damage":15,"enemies":"Chosen","floor":20,"turns":4},{"damage":45,"enemies":"Book of Stabbing","floor":23,"turns":4},{"damage":13,"enemies":"Snake Plant","floor":24,"turns":2}],"seed_played":"-1408130490088648452","potions_obtained":[{"floor":1,"key":"Venom Potion"},{"floor":13,"key":"Toxic Potion"},{"floor":20,"key":"DistilledChaos"}],"is_trial":false,"path_per_floor":["M","?","?","M","M","E","R","$","T","$","E","R","M","?","R","B",null,"?","T","?","?","?","E","?"],"character_chosen":"IRONCLAD","items_purchased":["Combust","Deep Breath","Toy Ornithopter","PowerPotion"],"campfire_rested":1,"item_purchase_floors":[8,8,19,19],"current_hp_per_floor":[80,69,69,65,68,45,45,45,45,45,30,54,51,51,51,20,80,41,41,32,32,32,8,0,0],"gold":47,"neow_bonus":"THREE_RARE_CARDS","is_daily":false,"chose_seed":false,"campfire_upgraded":2,"win_rate":0.0,"timestamp":1607689465,"path_taken":["M","?","?","?","M","E","R","$","T","?","E","R","?","?","R","BOSS","?","T","?","?","?","E","?"],"items_purchased_type":["Card","Card","Relic","Potion"],"build_version":"2020-11-30","purchased_purges":1,"victory":false,"max_hp_per_floor":[80,80,80,80,80,80,80,80,80,80,80,80,80,80,80,80,80,80,80,80,80,80,80,80,80],"card_choices":[{"not_picked":["Offering","Berserk"],"picked":"Eclipse","floor":0},{"not_picked":["Flex","ReplayTheSpireMod:Limb From Limb"],"picked":"Shrug It Off","floor":1},{"not_picked":["Entrench","Blood for Blood"],"picked":"Life Link","floor":4},{"not_picked":["Cleave","Twin Strike"],"picked":"Armaments","floor":5},{"not_picked":["Entrench","Warcry"],"picked":"Feel No Pain","floor":6},{"not_picked":["ReplayTheSpireMod:Stacked","Wild Strike"],"picked":"Fiend Fire","floor":11},{"not_picked":["Evolve","Body Slam"],"picked":"Infernal Blade","floor":13},{"not_picked":["Hemogenesis","Exhume"],"picked":"Brutality","floor":16},{"not_picked":["Clothesline","Body Slam"],"picked":"Battle Trance","floor":18},{"not_picked":["Twin Strike","Replay:Undeath\u0027s Touch"],"picked":"Cleave+1","floor":20},{"not_picked":["Run Through+1","Clothesline+1"],"picked":"Whirlwind+1","floor":23}],"player_experience":219948,"relics_obtained":[{"floor":6,"key":"Bottled Lightning"},{"floor":11,"key":"Chameleon Ring"},{"floor":23,"key":"hubris:ChampionShield"}],"event_choices":[{"damage_healed":0,"gold_gain":75,"player_choice":"Gather Gold","damage_taken":11,"max_hp_gain":0,"max_hp_loss":0,"event_name":"World of Goop","floor":2,"gold_loss":0},{"damage_healed":0,"gold_gain":0,"cards_transformed":["Strike_R"],"player_choice":"Transformed","damage_taken":0,"max_hp_gain":0,"max_hp_loss":0,"event_name":"Transmorgrifier","floor":3,"gold_loss":0,"cards_obtained":["Sword Boomerang"]}],"is_beta":false,"boss_relics":[{"not_picked":["Busted Crown","Replay:Drink Me"],"picked":"Painkiller Herb"}],"items_purged_floors":[8],"is_endless":false,"potions_floor_spawned":[1,13,20],"killed_by":"Snake Plant","ascension_level":4}}