{"host":"z9grmtg2w0nmz8n1","time":1607672645,"event":{"mods":["BaseMod","Better Third Choice","BetterRewards","CCEM","Colored Map","GifTheSpireLib","Hubris","Infinite Spire","Jedi Mod","Jorbs\u0027s Wanderer Trilogy","Minty Spire (QoL Compilation)","Permanent Neow","Replay The Spire","StSLib","Stuff the Spire","The Bug Knight"],"gold_per_floor":[116,134,209,209,227,257,257,275,275,151,179,179,179,196,196,296,296,316,316,316,316,316],"floor_reached":21,"playtime":1517,"items_purged":["Writhe"],"score":187,"play_id":"f2c2bd66-9de9-4c42-a879-732b10bc2b9f","local_time":"20201211054405","is_ascension_mode":false,"campfire_choices":[{"data":"stsjorbsmod:TinyHut","floor":7,"key":"SMITH"},{"data":"stsjorbsmod:Materialize","floor":13,"key":"SMITH"},{"floor":15,"key":"REST"}],"circlet_count":0,"master_deck":["stsjorbsmod:ForbiddenGrimoire+1","stsjorbsmod:Strike_Wanderer","stsjorbsmod:Strike_Wanderer+1","stsjorbsmod:Strike_Wanderer","stsjorbsmod:Strike_Wanderer","stsjorbsmod:Defend_Wanderer","stsjorbsmod:Defend_Wanderer","stsjorbsmod:Defend_Wanderer","stsjorbsmod:Defend_Wanderer","stsjorbsmod:FreshAdventure","stsjorbsmod:EyeOfTheStorm","stsjorbsmod:ChainLightning","stsjorbsmod:TinyHut+1","stsjorbsmod:BlackTentacles","stsjorbsmod:FindFamiliar","stsjorbsmod:Materialize+1","stsjorbsmod:Prestidigitation","stsjorbsmod:Inferno+1","stsjorbsmod:Channel","stsjorbsmod:Rediscovery","stsjorbsmod:BookOfTongues"],"relics":["stsjorbsmod:GrimoireRelic","hubris:DisguiseKit","Potion Belt","Replay:Wax Seal","Bottled Lightning","hubris:CrackedHourglass"],"acts_visited":["Exordium","TheCity"],"potions_floor_usage":[6,16],"damage_taken":[{"damage":0,"enemies":"Cultist","floor":1,"turns":4},{"damage":0,"enemies":"2 Louse","floor":2,"turns":2},{"damage":0,"enemies":"Small Slimes","floor":5,"turns":3},{"damage":13,"enemies":"3 Sentries","floor":6,"turns":6},{"damage":7,"enemies":"3 Louse","floor":8,"turns":2},{"damage":20,"enemies":"Lagavulin","floor":11,"turns":6},{"damage":4,"enemies":"Exordium Thugs","floor":14,"turns":5},{"damage":34,"enemies":"The Guardian","floor":16,"turns":13},{"damage":0,"enemies":"Shell Parasite","floor":18,"turns":4},{"damage":20,"enemies":"Spheric Guardian","floor":21,"turns":3}],"seed_played":"1822384328120716163","potions_obtained":[{"floor":5,"key":"EssenceOfSteel"},{"floor":11,"key":"Fire Potion"},{"floor":18,"key":"jedi:tentaclejuice"}],"is_trial":true,"path_per_floor":["M","M","?","?","M","E","R","M","T","$","E","?","R","M","R","B",null,"M","?","?","M"],"character_chosen":"WANDERER","items_purchased":["stsjorbsmod:Prestidigitation"],"campfire_rested":1,"item_purchase_floors":[10],"current_hp_per_floor":[68,68,57,57,59,49,49,43,43,43,26,26,26,29,50,16,70,70,18,18,0,0],"gold":316,"neow_bonus":"","is_daily":false,"chose_seed":false,"campfire_upgraded":2,"win_rate":0.0,"timestamp":1607672645,"path_taken":["M","M","?","?","M","E","R","M","T","$","E","?","R","M","R","BOSS","M","?","?","M"],"items_purchased_type":["Card"],"build_version":"2020-11-30","purchased_purges":1,"victory":false,"max_hp_per_floor":[68,68,68,68,68,68,68,68,68,68,68,68,68,70,70,70,70,70,70,70,70,70],"card_choices":[{"not_picked":["stsjorbsmod:Thorns","stsjorbsmod:ArcaneWeapon"],"picked":"stsjorbsmod:ChainLightning","floor":1},{"not_picked":["stsjorbsmod:FracturedMind","stsjorbsmod:Will"],"picked":"stsjorbsmod:TinyHut","floor":2},{"not_picked":["stsjorbsmod:BurningFlask","stsjorbsmod:Firebolt","Atom Bomb"],"picked":"stsjorbsmod:BlackTentacles","floor":5},{"not_picked":["stsjorbsmod:Message","stsjorbsmod:Mindworm","Concentrate"],"picked":"stsjorbsmod:FindFamiliar","floor":6},{"not_picked":["stsjorbsmod:Counterspell","stsjorbsmod:Index","Blur"],"picked":"stsjorbsmod:Materialize","floor":8},{"not_picked":["stsjorbsmod:MistyStep","stsjorbsmod:BookOfTongues","Die Die Die"],"picked":"stsjorbsmod:Inferno","floor":11},{"not_picked":["stsjorbsmod:TinyHut","stsjorbsmod:RayOfFrost","Deflect"],"picked":"stsjorbsmod:Channel","floor":14},{"not_picked":["stsjorbsmod:Withdraw","stsjorbsmod:Pyromancy","Glass Knife"],"picked":"stsjorbsmod:Rediscovery","floor":16},{"not_picked":["stsjorbsmod:FlameWard+1","stsjorbsmod:Thorns+1","StuffTheSpire:ReptileScales"],"picked":"stsjorbsmod:BookOfTongues","floor":18}],"player_experience":528568,"relics_obtained":[{"floor":6,"key":"Potion Belt"},{"floor":9,"key":"Replay:Wax Seal"},{"floor":11,"key":"Bottled Lightning"}],"event_choices":[{"damage_healed":0,"gold_gain":75,"player_choice":"Gold","damage_taken":11,"max_hp_gain":0,"max_hp_loss":0,"event_name":"betterThird:BetterGoop","floor":3,"gold_loss":0}],"is_beta":false,"boss_relics":[{"not_picked":["infinitespire:Cupcake","Cursed Key"],"picked":"hubris:CrackedHourglass"}],"items_purged_floors":[10],"is_endless":false,"potions_floor_spawned":[5,11,18],"killed_by":"Spheric Guardian","ascension_level":0}}