{"host":"07ljfmttuzqopd7f","time":1607678449,"event":{"mods":["2.2 Compatiblity","BaseMod","Block Reminder","Colored Map","Colored Powertips","Curses Come First","Hermit","Minty Spire (QoL Compilation)","Quick Restart","Random Character Button","Relic Stats","StSLib","The Cursed"],"gold_per_floor":[114,114,39,57,69,69,85,111,111,124,150,33,108,108,108,213,213,232,78,0,14,26,26,45,45,70,81,81,81],"floor_reached":28,"playtime":1540,"items_purged":["TheCursedMod:Defend_TheCursed","TheCursedMod:Defend_TheCursed"],"score":253,"play_id":"50e4d7bb-f977-429f-80d3-07b2dee00bbf","local_time":"20201211042049","is_ascension_mode":true,"campfire_choices":[{"data":"TheCursedMod:Evocation","floor":6,"key":"SMITH"},{"floor":15,"key":"REST"},{"floor":23,"key":"REST"}],"circlet_count":0,"master_deck":["TheCursedMod:Strike_TheCursed","TheCursedMod:Strike_TheCursed","TheCursedMod:Defend_TheCursed","TheCursedMod:Defend_TheCursed","TheCursedMod:CursedWand","TheCursedMod:CleanUpWorkshop","TheCursedMod:Dregs","TheCursedMod:AbyssShockwave","TheCursedMod:Evocation+1","TheCursedMod:RapidMovement","TheCursedMod:DemonicPact","TheCursedMod:SpreadPlague","TheCursedMod:LuckyCharm","Madness","TheCursedMod:SoulReap+1","TheCursedMod:LuckyCharm+1","TheCursedMod:LuckyCharm"],"relics":["Runic Pyramid","Dead Branch","Molten Egg 2","The Courier","HornCleat","Bag of Marbles","Empty Cage","Tiny Chest"],"acts_visited":["Exordium","TheCity"],"potions_floor_usage":[28],"damage_taken":[{"damage":0,"enemies":"Small Slimes","floor":1,"turns":5},{"damage":0,"enemies":"Cultist","floor":4,"turns":3},{"damage":0,"enemies":"2 Louse","floor":5,"turns":2},{"damage":3,"enemies":"Looter","floor":7,"turns":5},{"damage":6,"enemies":"Gremlin Nob","floor":8,"turns":3},{"damage":9,"enemies":"Large Slime","floor":10,"turns":6},{"damage":5,"enemies":"Lagavulin","floor":11,"turns":7},{"damage":55,"enemies":"The Guardian","floor":16,"turns":13},{"damage":33,"enemies":"Chosen","floor":18,"turns":6},{"damage":14,"enemies":"Spheric Guardian","floor":21,"turns":4},{"damage":19,"enemies":"Snake Plant","floor":22,"turns":4},{"damage":29,"enemies":"Snecko","floor":24,"turns":12},{"damage":14,"enemies":"Centurion and Healer","floor":27,"turns":8},{"damage":9,"enemies":"Slavers","floor":28,"turns":1}],"seed_played":"5385540632124053773","potions_obtained":[{"floor":4,"key":"FearPotion"},{"floor":5,"key":"Strength Potion"},{"floor":7,"key":"SteroidPotion"},{"floor":24,"key":"Weak Potion"}],"is_trial":false,"path_per_floor":["M","?","$","M","M","R","M","E","T","M","E","$","?","?","R","B",null,"M","$","?","M","M","R","M","$","T","M","E"],"character_chosen":"THE_CURSED","items_purchased":["Bag of Marbles","Madness"],"campfire_rested":2,"item_purchase_floors":[12,19],"current_hp_per_floor":[75,75,75,75,75,75,72,66,66,57,52,52,41,41,63,8,75,42,42,42,28,9,31,9,9,9,5,0,0],"gold":81,"neow_bonus":"BOSS_RELIC","is_daily":false,"chose_seed":false,"campfire_upgraded":1,"win_rate":0.0,"timestamp":1607678449,"path_taken":["M","?","?","M","M","R","M","E","T","M","E","$","?","?","R","BOSS","M","$","?","M","M","R","M","$","T","M","E"],"items_purchased_type":["Relic","Card"],"build_version":"2020-11-30","purchased_purges":2,"victory":false,"max_hp_per_floor":[75,75,75,75,75,75,75,75,75,75,75,75,75,75,75,75,75,75,75,75,75,75,75,75,75,75,75,75,75],"relic_stats":{"counters":[14,79],"Dead Branch":[125],"Tiny Chest":0,"obtain_stats":[{"TheCursedMod:BlackMagic101":0,"HornCleat":11,"Dead Branch":2,"Molten Egg 2":8,"Tiny Chest":26,"The Courier":9,"Bag of Marbles":12,"Empty Cage":17,"Runic Pyramid":0},{"TheCursedMod:BlackMagic101":0,"HornCleat":7,"Dead Branch":1,"Molten Egg 2":5,"Tiny Chest":12,"The Courier":5,"Bag of Marbles":7,"Empty Cage":8,"Runic Pyramid":0},{"TheCursedMod:BlackMagic101":0,"HornCleat":31,"Dead Branch":5,"Molten Egg 2":18,"Tiny Chest":70,"The Courier":18,"Bag of Marbles":31,"Empty Cage":44,"Runic Pyramid":0}]},"card_choices":[{"not_picked":["TheCursedMod:TacticalStrike","TheCursedMod:FleshFromBone"],"picked":"TheCursedMod:Wield","floor":1},{"not_picked":["TheCursedMod:CursedShiv","TheCursedMod:RapidMovement"],"picked":"TheCursedMod:AbyssShockwave","floor":4},{"not_picked":["TheCursedMod:SpitefulStrike","TheCursedMod:CircleOfFocus"],"picked":"TheCursedMod:Evocation","floor":5},{"not_picked":["TheCursedMod:Stretching","TheCursedMod:BloodBarrier"],"picked":"TheCursedMod:RapidMovement","floor":7},{"not_picked":["TheCursedMod:AbyssShockwave+1","TheCursedMod:Stretching"],"picked":"TheCursedMod:DemonicPact","floor":8},{"not_picked":["TheCursedMod:CircleOfFlame","TheCursedMod:CursedAmulet"],"picked":"TheCursedMod:SpreadPlague","floor":10},{"not_picked":["TheCursedMod:EmpowerCircles","TheCursedMod:CircleOfCorruption","TheCursedMod:AbyssShockwave+1"],"picked":"SKIP","floor":11},{"not_picked":["TheCursedMod:CursedStaff+1","TheCursedMod:TacticalStrike+1"],"picked":"TheCursedMod:LuckyCharm","floor":18},{"not_picked":["TheCursedMod:CursedBlade+1","TheCursedMod:CursedShiv+1","TheCursedMod:Obscuration"],"picked":"SKIP","floor":21},{"not_picked":["TheCursedMod:StingEye+1","TheCursedMod:CursedBlade+1"],"picked":"TheCursedMod:SoulReap+1","floor":22},{"not_picked":["TheCursedMod:CursedBlade+1","TheCursedMod:CursedBoomerang+1"],"picked":"TheCursedMod:LuckyCharm+1","floor":24},{"not_picked":["TheCursedMod:Stretching","TheCursedMod:Mangle+1"],"picked":"TheCursedMod:LuckyCharm","floor":27}],"player_experience":371057,"relics_obtained":[{"floor":8,"key":"Molten Egg 2"},{"floor":9,"key":"The Courier"},{"floor":11,"key":"HornCleat"},{"floor":26,"key":"Tiny Chest"}],"event_choices":[{"cards_removed":["TheCursedMod:Wield"],"damage_healed":0,"gold_gain":0,"player_choice":"Gave Card","damage_taken":0,"relics_obtained":["Dead Branch"],"max_hp_gain":0,"max_hp_loss":0,"event_name":"WeMeetAgain","floor":2,"gold_loss":0},{"damage_healed":0,"gold_gain":75,"player_choice":"Gather Gold","damage_taken":11,"max_hp_gain":0,"max_hp_loss":0,"event_name":"World of Goop","floor":13,"gold_loss":0},{"damage_healed":0,"gold_gain":0,"player_choice":"Ignored","damage_taken":0,"max_hp_gain":0,"max_hp_loss":0,"event_name":"Liars Game","floor":14,"gold_loss":0},{"damage_healed":0,"gold_gain":0,"player_choice":"Paid Fearfully","damage_taken":0,"max_hp_gain":0,"max_hp_loss":0,"event_name":"Masked Bandits","floor":20,"gold_loss":78}],"is_beta":false,"boss_relics":[{"not_picked":["Sozu","Busted Crown"],"picked":"Empty Cage"}],"items_purged_floors":[3,19],"is_endless":false,"potions_floor_spawned":[4,5,7,8,24,27],"killed_by":"Slavers","ascension_level":2}}