{"host":"6o1vh5lr98s0jjq7","time":1607650092,"event":{"mods":["2.2 Compatiblity","Act Like it!","Aspiration","BaseMod","Better Altar","Better Match","Better Note","Better Third Choice","Conspire","Downfall","Gensokyo","Hallownest","Infinite Spire","Marisa????????","Minty Spire (QoL Compilation)","Replay The Spire","StSLib","The Alterego","WarShipGirlsR/????R mod"],"gold_per_floor":[113,73,86,98,113,113,7,40,66,83,113,148,168,187,187,187,187],"floor_reached":16,"playtime":913,"items_purged":[],"score":131,"play_id":"c0d293bd-ca94-4223-aad2-c10df82c034b","local_time":"20201210192812","is_ascension_mode":true,"campfire_choices":[{"floor":6,"key":"RECALL"},{"floor":15,"key":"REST"}],"circlet_count":0,"master_deck":["Strike_MRS","Strike_MRS","Strike_MRS","Strike_MRS","Defend_MRS","Defend_MRS","Defend_MRS","Defend_MRS","MasterSpark","UpSweep","ShootingEcho","WitchLeyline","SuperPerseids","Orbital","MilkyWay","ChargeUpSpray","MeteoricShower","NonDirectionalLaser","MilkyWay","GalacticHalo","DC"],"relics":["MiniHakkero","Smiling Mask","aspiration:FetidBarrel","Akabeko","Potion Belt"],"acts_visited":["Exordium"],"potions_floor_usage":[3,4,12,12,16,16],"damage_taken":[{"damage":4,"enemies":"Jaw Worm","floor":1,"turns":3},{"damage":1,"enemies":"Cultist","floor":3,"turns":3},{"damage":1,"enemies":"infinitespire:Voidling","floor":4,"turns":2},{"damage":12,"enemies":"Lots of Slimes","floor":5,"turns":3},{"damage":25,"enemies":"3 Sentries","floor":8,"turns":5},{"damage":0,"enemies":"Large Slime","floor":10,"turns":2},{"damage":22,"enemies":"Lagavulin","floor":12,"turns":5},{"damage":0,"enemies":"Exordium Wildlife","floor":13,"turns":1},{"damage":0,"enemies":"Lots of Slimes","floor":14,"turns":1},{"damage":74,"enemies":"Slime Boss","floor":16,"turns":8}],"seed_played":"-876010622286832165","potions_obtained":[{"floor":2,"key":"FairyPotion"},{"floor":2,"key":"LiquidMemories"},{"floor":2,"key":"PowerPotion"},{"floor":3,"key":"sneckomod:MuddlingPotion"},{"floor":10,"key":"Languid Potion"},{"floor":12,"key":"ColorlessPotion"},{"floor":13,"key":"SneckoOil"}],"is_trial":false,"path_per_floor":["M","?","M","M","M","R","$","E","T","M","?","E","M","M","R","B"],"character_chosen":"MARISA","items_purchased":["MilkyWay","ChargeUpSpray"],"campfire_rested":1,"item_purchase_floors":[7,7],"current_hp_per_floor":[71,71,70,69,57,57,57,32,32,32,32,10,10,10,32,0,0],"gold":187,"neow_bonus":"RANDOM_COMMON_RELIC","is_daily":false,"chose_seed":false,"campfire_upgraded":0,"win_rate":0.0,"timestamp":1607650092,"path_taken":["M","?","?","M","?","R","?","E","T","M","?","E","M","M","R","BOSS"],"items_purchased_type":["Card","Card"],"build_version":"2020-11-30","purchased_purges":0,"victory":false,"max_hp_per_floor":[75,75,75,75,75,75,75,75,75,75,75,75,75,75,75,75,75],"card_choices":[{"not_picked":["UnstableBomb","SporeBomb"],"picked":"ShootingEcho","floor":1},{"not_picked":["EarthLightRay","EnergyFlow"],"picked":"WitchLeyline","floor":3},{"not_picked":["MilkyWay","WitchLeyline"],"picked":"SuperPerseids","floor":4},{"not_picked":["IllusionStar","OrrerysSun"],"picked":"Orbital","floor":5},{"not_picked":["NonDirectionalLaser","WitchLeyline"],"picked":"MeteoricShower","floor":8},{"not_picked":["StarBarrage","SuperPerseids"],"picked":"NonDirectionalLaser","floor":10},{"not_picked":["Acceleration","MaximisePower"],"picked":"MilkyWay","floor":12},{"not_picked":["GrandCross","GravityBeat"],"picked":"GalacticHalo","floor":13},{"not_picked":["GravityBeat","WitchOfGreed"],"picked":"DC","floor":14}],"player_experience":176264,"relics_obtained":[{"floor":8,"key":"aspiration:FetidBarrel"},{"floor":9,"key":"Akabeko"},{"floor":12,"key":"Potion Belt"}],"event_choices":[{"damage_healed":0,"gold_gain":0,"player_choice":"Bought 3 Potions","damage_taken":0,"max_hp_gain":0,"max_hp_loss":0,"event_name":"The Woman in Blue","floor":2,"gold_loss":0},{"damage_healed":0,"gold_gain":30,"player_choice":"Searched \u00271\u0027 times","damage_taken":0,"max_hp_gain":0,"max_hp_loss":0,"event_name":"Dead Adventurer","floor":11,"gold_loss":0}],"is_beta":false,"boss_relics":[],"items_purged_floors":[],"is_endless":false,"potions_floor_spawned":[3,10,12,13],"killed_by":"Slime Boss","ascension_level":3}}