{"host":"ar7ngit67p83lwvr","time":1607666426,"event":{"mods":["BaseMod","StSLib","Minty Spire (QoL Compilation)","Hermit","Koishi","The Cursed","The Disciple","The Runesmith","The Servant 0.9.4"],"gold_per_floor":[114,114,129,129,129,129,129],"floor_reached":6,"playtime":418,"items_purged":[],"score":34,"play_id":"fd1bcf4c-481f-45ad-a55d-90358433f1b3","local_time":"20201210220026","daily_mods":["Heirloom","Flight","DeadlyEvents"],"is_ascension_mode":false,"campfire_choices":[],"circlet_count":0,"master_deck":["Strike_G","Strike_G","Strike_G","Strike_G","Strike_G","Defend_G","Defend_G","Defend_G","Defend_G","Defend_G","Survivor","Neutralize","Prepared","Backstab","Injury"],"special_seed":18607,"relics":["Ring of the Snake","Tough Bandages","White Beast Statue","Golden Idol"],"acts_visited":["Exordium"],"potions_floor_usage":[6],"damage_taken":[{"damage":3,"enemies":"2 Louse","floor":1,"turns":2},{"damage":4,"enemies":"Small Slimes","floor":3,"turns":5},{"damage":65,"enemies":"Lagavulin","floor":6,"turns":17}],"seed_played":"-551933171069321123","potions_obtained":[{"floor":3,"key":"GhostInAJar"}],"is_trial":false,"path_per_floor":["M","?","M","?","?","E"],"character_chosen":"THE_SILENT","items_purchased":[],"campfire_rested":0,"item_purchase_floors":[],"current_hp_per_floor":[67,64,60,60,60,0,0],"gold":129,"neow_bonus":"","is_daily":true,"chose_seed":false,"campfire_upgraded":0,"win_rate":0,"timestamp":1607666426,"path_taken":["M","?","M","?","?","E"],"build_version":"2020-11-30","purchased_purges":0,"victory":false,"max_hp_per_floor":[70,70,70,70,70,70,70],"card_choices":[{"not_picked":["PiercingWail","Dagger Throw"],"picked":"Prepared","floor":1},{"not_picked":["Underhanded Strike","Dodge and Roll"],"picked":"Backstab","floor":3}],"player_experience":143703,"relics_obtained":[],"event_choices":[{"damage_healed":0,"gold_gain":0,"player_choice":"Success","damage_taken":3,"relics_obtained":["White Beast Statue"],"max_hp_gain":0,"max_hp_loss":0,"event_name":"Scrap Ooze","floor":2,"gold_loss":0},{"damage_healed":0,"gold_gain":0,"player_choice":"Ignored","damage_taken":0,"max_hp_gain":0,"max_hp_loss":0,"event_name":"Liars Game","floor":4,"gold_loss":0},{"damage_healed":0,"gold_gain":0,"player_choice":"Take Wound","damage_taken":0,"relics_obtained":["Golden Idol"],"max_hp_gain":0,"max_hp_loss":0,"event_name":"Golden Idol","floor":5,"gold_loss":0,"cards_obtained":["Injury"]}],"is_beta":false,"boss_relics":[],"items_purged_floors":[],"is_endless":false,"potions_floor_spawned":[3],"killed_by":"Lagavulin","ascension_level":0}}