{"host":"diimjn7l8zzl9nqr","time":1607659770,"event":{"mods":["BaseMod","DeckTracker","Keyboard Shortcuts","Minty Spire (QoL Compilation)","Permanent Neow","Quick Restart","StSLib","SuperFastMode"],"gold_per_floor":[119,129,148,148,162,162,3,17,42,74,27,39,4,23,23,23,23],"floor_reached":16,"playtime":608,"items_purged":[],"score":142,"play_id":"ba4f97a0-c843-4f63-ba42-70a75484c693","local_time":"20201211130930","is_ascension_mode":true,"campfire_choices":[{"data":"Neutralize","floor":6,"key":"SMITH"},{"data":"Adrenaline","floor":15,"key":"SMITH"}],"circlet_count":0,"master_deck":["Strike_G","Strike_G","Strike_G","Strike_G","Strike_G","Defend_G","Defend_G","Defend_G","Defend_G","Defend_G","Survivor","Neutralize+1","Footwork","Well Laid Plans","Pain","Backflip","Die Die Die","PiercingWail","Cloak And Dagger","Adrenaline+1"],"relics":["Ring of the Snake","Anchor","WarpedTongs","Bag of Preparation"],"acts_visited":["Exordium"],"potions_floor_usage":[],"damage_taken":[{"damage":0,"enemies":"Cultist","floor":1,"turns":3},{"damage":2,"enemies":"Small Slimes","floor":2,"turns":4},{"damage":0,"enemies":"2 Louse","floor":3,"turns":3},{"damage":7,"enemies":"Exordium Wildlife","floor":5,"turns":9},{"damage":1,"enemies":"3 Louse","floor":8,"turns":1},{"damage":16,"enemies":"Lagavulin","floor":10,"turns":11},{"damage":23,"enemies":"Exordium Thugs","floor":12,"turns":8},{"damage":3,"enemies":"Blue Slaver","floor":14,"turns":4},{"damage":35,"enemies":"Slime Boss","floor":16,"turns":6}],"seed_played":"-6753400943302543743","potions_obtained":[{"floor":1,"key":"SmokeBomb"},{"floor":5,"key":"Fire Potion"},{"floor":8,"key":"Fire Potion"},{"floor":10,"key":"DistilledChaos"}],"is_trial":false,"path_per_floor":["M","M","M","?","M","R","$","M","T","E","$","M","?","M","R","B"],"character_chosen":"THE_SILENT","items_purchased":["Die Die Die","PiercingWail"],"campfire_rested":0,"item_purchase_floors":[7,11],"current_hp_per_floor":[70,68,68,68,61,61,61,60,60,44,44,21,38,35,35,0,0],"gold":23,"neow_bonus":"RANDOM_COMMON_RELIC","is_daily":false,"chose_seed":false,"campfire_upgraded":2,"win_rate":0.0,"timestamp":1607659770,"path_taken":["M","M","?","?","M","R","?","M","T","E","$","M","?","M","R","BOSS"],"items_purchased_type":["Card","Card"],"build_version":"2020-11-30","purchased_purges":0,"victory":false,"max_hp_per_floor":[70,70,70,70,70,70,70,70,70,70,70,70,70,70,70,70,70],"card_choices":[{"not_picked":["Finisher","Quick Slash"],"picked":"Footwork","floor":1},{"not_picked":["Acrobatics","Sucker Punch","Flying Knee"],"picked":"SKIP","floor":2},{"not_picked":["Predator","Eviscerate"],"picked":"Well Laid Plans","floor":3},{"not_picked":["Prepared","Underhanded Strike"],"picked":"Backflip","floor":5},{"not_picked":["Endless Agony","Finisher","Dagger Throw"],"picked":"SKIP","floor":8},{"not_picked":["Dash","Underhanded Strike","Eviscerate"],"picked":"SKIP","floor":10},{"not_picked":["Quick Slash","PiercingWail"],"picked":"Cloak And Dagger","floor":12},{"not_picked":["Escape Plan","Dagger Spray"],"picked":"Adrenaline","floor":14}],"player_experience":73056,"relics_obtained":[{"floor":10,"key":"Bag of Preparation"}],"event_choices":[{"damage_healed":0,"gold_gain":0,"player_choice":"Rummage","damage_taken":0,"relics_obtained":["WarpedTongs"],"max_hp_gain":0,"max_hp_loss":0,"event_name":"Accursed Blacksmith","floor":4,"gold_loss":0,"cards_obtained":["Pain"]},{"damage_healed":17,"gold_gain":0,"player_choice":"Healed","damage_taken":0,"max_hp_gain":0,"max_hp_loss":0,"event_name":"The Cleric","floor":13,"gold_loss":35}],"is_beta":false,"boss_relics":[],"items_purged_floors":[],"is_endless":false,"potions_floor_spawned":[1,5,8,10,12],"killed_by":"Slime Boss","ascension_level":2}}