{"host":"Jinnai","time":1607713536,"event":{"mods":["BaseMod","Bestiary","Block Reminder","Colored Map","Colored Powertips","Highlight Path","Keyboard Shortcuts","Minty Spire (QoL Compilation)","Quick Restart","Relic Stats"],"gold_per_floor":[110,35,52,52,52,82,82,99,124,144,164,164,196,209,209,285,285,299,309,309,325,67,102,102,102,102],"floor_reached":25,"playtime":1250,"items_purged":[],"score":649,"play_id":"1f3f6d0a-45f1-468e-91f8-001024dc4139","local_time":"20201211140536","is_ascension_mode":true,"campfire_choices":[{"data":"LessonLearned","floor":7,"key":"SMITH"},{"floor":12,"key":"REST"},{"floor":15,"key":"REST"},{"floor":24,"key":"REST"}],"circlet_count":0,"master_deck":["AscendersBane","Strike_P+1","Strike_P+1","Defend_P+1","Eruption+1","Vigilance+1","FollowUp","Consecrate+1","LessonLearned+1","Adaptation","Sanctity","Worship","Vault+1","WaveOfTheHand+1","CutThroughFate","Devotion","BowlingBash+1","Sanctity+1","DeusExMachina+1","FlurryOfBlows+1","ThirdEye","CrushJoints","Pray","Feed"],"relics":["PureWater","NeowsBlessing","Bronze Scales","Boot","Whetstone","Astrolabe","PrismaticShard","CloakClasp"],"acts_visited":["Exordium","TheCity"],"potions_floor_usage":[13,16],"damage_taken":[{"damage":0,"enemies":"2 Louse","floor":1,"turns":1},{"damage":0,"enemies":"Small Slimes","floor":3,"turns":1},{"damage":0,"enemies":"3 Sentries","floor":6,"turns":1},{"damage":11,"enemies":"Jaw Worm","floor":8,"turns":4},{"damage":8,"enemies":"Blue Slaver","floor":10,"turns":3},{"damage":19,"enemies":"Exordium Wildlife","floor":11,"turns":3},{"damage":0,"enemies":"Gremlin Nob","floor":13,"turns":3},{"damage":11,"enemies":"Exordium Thugs","floor":14,"turns":4},{"damage":0,"enemies":"Slime Boss","floor":16,"turns":7},{"damage":0,"enemies":"Chosen","floor":18,"turns":6},{"damage":20,"enemies":"Shell Parasite","floor":19,"turns":6},{"damage":27,"enemies":"Cultist and Chosen","floor":21,"turns":7},{"damage":12,"enemies":"Book of Stabbing","floor":23,"turns":6},{"damage":28,"enemies":"Sentry and Sphere","floor":25,"turns":3}],"seed_played":"-817496176265185862","potions_obtained":[{"floor":3,"key":"DuplicationPotion"},{"floor":6,"key":"AttackPotion"},{"floor":10,"key":"Strength Potion"},{"floor":18,"key":"BottledMiracle"}],"is_trial":false,"path_per_floor":["M","?","M","?","?","E","R","M","T","M","M","R","E","M","R","B",null,"M","M","?","M","$","E","R","M"],"character_chosen":"WATCHER","items_purchased":["Pray","PrismaticShard"],"campfire_rested":3,"item_purchase_floors":[22,22],"current_hp_per_floor":[61,61,61,61,61,61,61,50,50,42,23,43,43,32,52,52,64,64,44,44,17,17,5,25,0,0],"gold":102,"neow_bonus":"THREE_ENEMY_KILL","is_daily":false,"chose_seed":false,"campfire_upgraded":1,"win_rate":0.0,"timestamp":1607713536,"path_taken":["M","?","M","?","?","E","R","M","T","M","M","R","E","M","R","BOSS","M","M","?","M","$","E","R","M"],"items_purchased_type":["Card","Relic"],"build_version":"2020-12-07","purchased_purges":0,"victory":false,"max_hp_per_floor":[68,68,68,68,68,68,68,68,68,68,68,68,68,68,68,68,68,68,68,68,68,68,68,68,68,68],"relic_stats":{"counters":[14,55],"Bronze Scales":[78],"Astrolabe":["BowlingBash","Sanctity","DeusExMachina"],"CloakClasp":[7],"Whetstone":["Strike_P","Strike_P"],"Boot":[5],"obtain_stats":[{"NeowsBlessing":0,"Bronze Scales":6,"Astrolabe":17,"CloakClasp":23,"Whetstone":13,"PureWater":0,"Boot":9,"PrismaticShard":22},{"NeowsBlessing":0,"Bronze Scales":3,"Astrolabe":9,"CloakClasp":13,"Whetstone":7,"PureWater":0,"Boot":4,"PrismaticShard":12},{"NeowsBlessing":0,"Bronze Scales":3,"Astrolabe":27,"CloakClasp":52,"Whetstone":16,"PureWater":0,"Boot":7,"PrismaticShard":46}]},"card_choices":[{"not_picked":["Protect","Sanctity"],"picked":"FollowUp","floor":1},{"not_picked":["BowlingBash","JustLucky"],"picked":"Consecrate","floor":3},{"not_picked":["Pray","CrushJoints"],"picked":"Adaptation","floor":6},{"not_picked":["Prostrate","FlyingSleeves"],"picked":"Sanctity","floor":8},{"not_picked":["EmptyBody","FlurryOfBlows"],"picked":"Worship","floor":10},{"not_picked":["EmptyMind","Tantrum"],"picked":"Vault","floor":11},{"not_picked":["ClearTheMind","FollowUp"],"picked":"WaveOfTheHand","floor":13},{"not_picked":["FlurryOfBlows","SandsOfTime"],"picked":"CutThroughFate","floor":14},{"not_picked":["LessonLearned","SpiritShield"],"picked":"Devotion","floor":16},{"not_picked":["FollowUp","Evaluate"],"picked":"FlurryOfBlows","floor":18},{"not_picked":["Protect","Consecrate"],"picked":"ThirdEye","floor":19},{"not_picked":["FlurryOfBlows","DeceiveReality"],"picked":"CrushJoints","floor":21},{"not_picked":["Dodge and Roll","Thunderclap"],"picked":"Feed","floor":23}],"player_experience":1470286,"relics_obtained":[{"floor":6,"key":"Bronze Scales"},{"floor":9,"key":"Boot"},{"floor":13,"key":"Whetstone"},{"floor":23,"key":"CloakClasp"}],"event_choices":[{"cards_removed":["Defend_P"],"damage_healed":0,"gold_gain":0,"player_choice":"Card Removal","damage_taken":0,"max_hp_gain":0,"max_hp_loss":0,"event_name":"The Cleric","floor":2,"gold_loss":75},{"damage_healed":0,"gold_gain":0,"player_choice":"Ignored","damage_taken":0,"max_hp_gain":0,"max_hp_loss":0,"event_name":"Liars Game","floor":4,"gold_loss":0},{"damage_healed":0,"gold_gain":0,"cards_transformed":["Defend_P"],"player_choice":"Change","damage_taken":0,"max_hp_gain":0,"max_hp_loss":0,"event_name":"Living Wall","floor":5,"gold_loss":0,"cards_obtained":["LessonLearned"]},{"damage_healed":0,"gold_gain":0,"player_choice":"Ignored","damage_taken":0,"max_hp_gain":0,"max_hp_loss":0,"event_name":"Vampires","floor":20,"gold_loss":0}],"is_beta":true,"boss_relics":[{"not_picked":["Black Star","SlaversCollar"],"picked":"Astrolabe"}],"items_purged_floors":[],"is_endless":false,"potions_floor_spawned":[3,6,10,18],"killed_by":"Sentry and Sphere","ascension_level":19}}