{"host":"zaewvcigpm0efuvp","time":1607682784,"event":{"mods":["2.2 Compatiblity","AchievementEnabler","Act Like it!","Aspiration","Astrologer","Bard","BaseMod","Beaked The Cultist","Better Altar","Better Match","Better Note","Better Sensory Stone","Better Skull","Better Third Choice","BetterRewards","CCEM","Chen","Clawfect","Colored Map","Conspire","Decade(???)","Dota2Spire","Downfall","Friendly Minions","GifTheSpireLib","Googly Eyes","Halation","Hallownest","Hermit","Hero for Fun","Highlight Path","Hubris","Hunter ??","Infinite Spire","Jedi Mod","Jorbs\u0027s Wanderer Trilogy","Koishi","Luminous","Mad Scientist","Marisa????????","Mimic Mod","Minty Spire (QoL Compilation)","Permanent Neow","Prisma Mod","Reimu??????","Remilia_Scarlet Moed?????·?????3.3.5","Replay The Spire","Robot Space Explorer","Shade Mod","Shop Mod","Spicy Shops","StSLib","Stuff the Spire","Td1madao Mod","The Administrix","The Alterego","The Blackbeard","The Bladedancer","The Bug Knight","The Construct","The Cursed","The Disciple","The Dragon Tamer","The Exalted","The Gatherer","The Hayseed","The Hierophant","The IronCluck","The Jungle","The Mystic","The Necromancer","The Poker Player","The Problem Sleuth","The Runesmith","The Senshi","The Servant 0.9.4","The Spell Scribe","The Vixen","The Wild Card","The Witch","TheArtist","TheBandit","TheSwordswoman","Unceasing Turn Reminder","WarShipGirlsR/????R mod","Yuri Mod","Yuyuko","[IsaacMod]????","everything is the same but u backflip on backflip","slay the spire mod where everything is the same but ironclad has a cowboy hat","???????????mod","??????REMEMod"],"gold_per_floor":[109,122,132,132,142,168,188,217,251,251,264,275,275,308,308,411,411,430,430,430,447,460,460,460,460,460],"floor_reached":25,"playtime":1799,"items_purged":[],"score":275,"play_id":"e4110797-ba8c-423d-9dc1-7d7b2c978b05","local_time":"20201211113304","is_ascension_mode":false,"campfire_choices":[{"floor":10,"key":"REST"},{"floor":13,"key":"REST"},{"floor":15,"key":"REST"},{"floor":23,"key":"REST"}],"circlet_count":0,"master_deck":["Strike_G","Strike_G","Strike_G","Strike_G","Strike_G","Defend_G","Defend_G","Defend_G","Defend_G","Defend_G","Survivor","Neutralize","StuffTheSpire:Incantation","StuffTheSpire:Injection","Dagger Spray","StuffTheSpire:BumpUp","Deadly Poison","BinaryStars","Infinite Blades","Dodge and Roll","Caltrops","StuffTheSpire:Incantation","Dagger Spray","Blade Dance","Envenom","Mayhem+1","StuffTheSpire:BumpUp+1","conspire:DoublingDagger","Calculated Gamble+1","Mayhem+1"],"relics":["HushsDoor","KeepersGift","REME_ComplimentaryCards","infinitespire:Cupcake","infinitespire:Lucky Rock","PreservedInsect","StuffTheSpire:ForceGauntlet","Bromod:ArcaneConsequence","BookOfRevelations","Bromod:ArcaneGrace","GuppysTail","REME_HandOfSuture"],"acts_visited":["Exordium","TheCity"],"potions_floor_usage":[7,8,18],"damage_taken":[{"damage":0,"enemies":"Jaw Worm","floor":1,"turns":6},{"damage":0,"enemies":"Cultist","floor":2,"turns":4},{"damage":0,"enemies":"Small Slimes","floor":3,"turns":3},{"damage":7,"enemies":"Exordium Thugs","floor":5,"turns":3},{"damage":17,"enemies":"3 Sentries","floor":6,"turns":7},{"damage":9,"enemies":"Exordium Wildlife","floor":7,"turns":3},{"damage":5,"enemies":"Gremlin Nob","floor":8,"turns":3},{"damage":5,"enemies":"Lots of Slimes","floor":9,"turns":5},{"damage":19,"enemies":"Lots of Slimes","floor":11,"turns":3},{"damage":4,"enemies":"Exordium Thugs","floor":12,"turns":5},{"damage":18,"enemies":"Lagavulin","floor":14,"turns":4},{"damage":0,"enemies":"Fading Forest","floor":16,"turns":11},{"damage":0,"enemies":"Chosen","floor":18,"turns":5},{"damage":25,"enemies":"2 Thieves","floor":21,"turns":4},{"damage":17,"enemies":"Shelled Parasite and Fungi","floor":22,"turns":5},{"damage":100000006,"enemies":"Snecko","floor":25,"turns":3}],"seed_played":"2207360698549143428","potions_obtained":[{"floor":1,"key":"Dota2Spire:Clarity"},{"floor":2,"key":"Dexterity Potion"},{"floor":7,"key":"jedi:StrikingPotion"},{"floor":8,"key":"construct:ShiftPotion"},{"floor":16,"key":"Dexterity Potion"}],"is_trial":false,"path_per_floor":["M","M","M","?","M","E","M","E","MIM","R","M","M","R","E","R","B",null,"M","?","AVR","M","M","R","?","M"],"character_chosen":"THE_SILENT","items_purchased":["Mayhem","GuppysTail"],"campfire_rested":4,"item_purchase_floors":[17,17],"current_hp_per_floor":[70,70,70,55,48,31,22,17,12,33,14,10,31,13,34,54,55,55,55,55,33,18,34,34,0,0],"gold":460,"neow_bonus":"BOSS_RELIC","is_daily":false,"chose_seed":false,"campfire_upgraded":0,"win_rate":0.0,"timestamp":1607682784,"path_taken":["M","M","M","?","?","E","M","E","MIM","R","M","M","R","E","R","BOSS","M","?","AVR","M","M","R","?","M"],"items_purchased_type":["Card","Relic"],"build_version":"2020-11-30","purchased_purges":0,"victory":false,"max_hp_per_floor":[70,70,70,70,70,70,70,70,70,70,70,70,70,70,70,70,55,55,55,55,55,55,55,55,55,55],"card_choices":[{"not_picked":[],"picked":"SuicideKing","floor":0},{"not_picked":["Bomb","ReplayTheSpireMod:Speed Training"],"picked":"StuffTheSpire:Incantation","floor":1},{"not_picked":["ReplayTheSpireMod:Tripwire","Masterful Stab"],"picked":"StuffTheSpire:Injection","floor":2},{"not_picked":["StuffTheSpire:DoubleShiv","Heel Hook"],"picked":"Dagger Spray","floor":3},{"not_picked":["StuffTheSpire:Python","Draining Mist"],"picked":"StuffTheSpire:BumpUp","floor":5},{"not_picked":["hubris:SlightOfHand","Dodge and Roll"],"picked":"Deadly Poison","floor":6},{"not_picked":["Blur","hubris:Sniper"],"picked":"Infinite Blades","floor":7},{"not_picked":["StuffTheSpire:Injection","ReplayTheSpireMod:From All Sides"],"picked":"Dodge and Roll","floor":8},{"not_picked":["Crippling Poison","Bomb"],"picked":"Caltrops","floor":9},{"not_picked":["Endless Agony","Deflect"],"picked":"StuffTheSpire:Incantation","floor":11},{"not_picked":["Tactician","Deflect"],"picked":"Dagger Spray","floor":12},{"not_picked":["Hidden Blade","Underhanded Strike"],"picked":"Blade Dance","floor":14},{"not_picked":["jedi:brewingpoison","jedi:rejectivetoxin"],"picked":"Envenom","floor":16},{"not_picked":["Dagger Spray","StuffTheSpire:ClusterCrunch+1"],"picked":"StuffTheSpire:BumpUp+1","floor":18},{"not_picked":["Dodge and Roll","Expertise+1"],"picked":"conspire:DoublingDagger","floor":21},{"not_picked":["Escape Plan","jedi:acidrain"],"picked":"Calculated Gamble+1","floor":22}],"player_experience":7440,"relics_obtained":[{"floor":6,"key":"PreservedInsect"},{"floor":8,"key":"StuffTheSpire:ForceGauntlet"},{"floor":9,"key":"Bromod:ArcaneConsequence"},{"floor":14,"key":"BookOfRevelations"}],"event_choices":[{"damage_healed":0,"gold_gain":0,"player_choice":"Upgraded","damage_taken":0,"max_hp_gain":0,"max_hp_loss":0,"event_name":"Upgrade Shrine","floor":19,"gold_loss":0,"cards_upgraded":["Mayhem"]},{"damage_healed":0,"gold_gain":0,"player_choice":"Take","damage_taken":0,"max_hp_gain":0,"max_hp_loss":0,"event_name":"betterNote:BetterNote","floor":24,"gold_loss":0,"cards_obtained":["Mayhem"]}],"is_beta":false,"boss_relics":[{"not_picked":["HoveringKite","conspire:SpecialSausage"],"picked":"Bromod:ArcaneGrace"},{"not_picked":[]}],"items_purged_floors":[],"is_endless":false,"potions_floor_spawned":[1,2,7,8,16],"killed_by":"Snecko","ascension_level":0}}