{"host":"cuc3wnex0wexwxxi","time":1607724161,"event":{"mods":["BaseMod","BetterRewards","Colored Powertips","Minty Spire (QoL Compilation)","Relic Stats","StSLib"],"gold_per_floor":[119,131,141,161,175,201,201,228,228,243,256,256,256,271,271,376,376,394,404,404,222,22,22,34,34,34,34,34],"floor_reached":27,"playtime":1071,"items_purged":["Strike_R"],"score":341,"play_id":"db2d82cc-dbe9-4c8d-984b-bafef7c57ee2","local_time":"20201211170241","is_ascension_mode":true,"campfire_choices":[{"data":"Immolate","floor":7.0,"key":"SMITH"},{"data":"Rampage","floor":12.0,"key":"SMITH"},{"data":"Rampage","floor":15.0,"key":"SMITH"},{"data":"Juggernaut","floor":23.0,"key":"SMITH"},{"floor":25.0,"key":"REST"}],"circlet_count":0,"master_deck":["AscendersBane","Strike_R","Strike_R","Strike_R","Defend_R","Defend_R","Defend_R","Defend_R","Bash","Reaper","Seeing Red","Shrug It Off","Rage","Inflame","Immolate+1","Rampage+1","Clothesline","Rampage+1","Metallicize","Berserk+1","Warcry","Inflame","Juggernaut+1","Metallicize","Rage"],"relics":["Burning Blood","Ancient Tea Set","The Courier","HornCleat","Ice Cream","Empty Cage","Toxic Egg 2"],"acts_visited":["TheCity"],"potions_floor_usage":[27,27],"damage_taken":[{"damage":12.0,"enemies":"Jaw Worm","floor":1.0,"turns":3.0},{"damage":20.0,"enemies":"Small Slimes","floor":2.0,"turns":3.0},{"damage":6.0,"enemies":"Cultist","floor":3.0,"turns":3.0},{"damage":12.0,"enemies":"3 Louse","floor":4.0,"turns":3.0},{"damage":6.0,"enemies":"Looter","floor":5.0,"turns":3.0},{"damage":17.0,"enemies":"3 Sentries","floor":6.0,"turns":4.0},{"damage":21.0,"enemies":"Gremlin Nob","floor":8.0,"turns":4.0},{"damage":3.0,"enemies":"2 Fungi Beasts","floor":10.0,"turns":2.0},{"damage":0.0,"enemies":"Large Slime","floor":11.0,"turns":3.0},{"damage":3.0,"enemies":"Blue Slaver","floor":14.0,"turns":2.0},{"damage":50.0,"enemies":"The Guardian","floor":16.0,"turns":11.0},{"damage":27.0,"enemies":"2 Thieves","floor":18.0,"turns":3.0},{"damage":28.0,"enemies":"3 Byrds","floor":19.0,"turns":7.0},{"damage":20.0,"enemies":"3 Cultists","floor":24.0,"turns":4.0},{"damage":77,"enemies":"Book of Stabbing","floor":27,"turns":6}],"seed_played":"3279483278513946990","potions_obtained":[{"floor":1.0,"key":"BloodPotion"},{"floor":3.0,"key":"PowerPotion"},{"floor":5.0,"key":"Regen Potion"},{"floor":8.0,"key":"DuplicationPotion"},{"floor":11.0,"key":"ColorlessPotion"},{"floor":24.0,"key":"PowerPotion"}],"is_trial":false,"path_per_floor":["M","M","M","M","M","E","R","E","T","M","M","R","?","M","R","B",null,"M","M","?","$","$","R","M","R","T","E"],"character_chosen":"IRONCLAD","items_purchased":["Juggernaut","Metallicize","Rage","Fruit Juice"],"campfire_rested":1,"item_purchase_floors":[21,22,22,22],"current_hp_per_floor":[66,58,58,64,64,53,53,44,44,47,53,53,53,56,56,16,58,53,35,35,35,40,40,26,49,49,0,0],"gold":34,"neow_bonus":"THREE_RARE_CARDS","is_daily":false,"chose_seed":false,"campfire_upgraded":4,"win_rate":0.0,"timestamp":1607724161,"path_taken":["M","M","M","M","M","E","R","E","T","M","M","R","?","M","R","BOSS","M","M","?","?","$","R","M","R","T","E"],"items_purchased_type":["Card","Card","Card","Potion"],"build_version":"2020-11-30","purchased_purges":1,"victory":false,"max_hp_per_floor":[72,72,72,72,72,72,72,72,72,72,72,72,72,72,72,72,72,72,72,72,72,77,77,77,77,77,77,77],"relic_stats":{"counters":[15,61],"obtain_stats":[{"Ice Cream":13,"HornCleat":9,"The Courier":8,"Toxic Egg 2":26,"Ancient Tea Set":6,"Empty Cage":17,"Burning Blood":0},{"Ice Cream":9,"HornCleat":7,"The Courier":7,"Toxic Egg 2":14,"Ancient Tea Set":6,"Empty Cage":11,"Burning Blood":0},{"Ice Cream":28,"HornCleat":23,"The Courier":23,"Toxic Egg 2":55,"Ancient Tea Set":19,"Empty Cage":41,"Burning Blood":0}],"Burning Blood":84},"card_choices":[{"not_picked":["Exhume","Demon Form"],"picked":"Reaper","floor":0.0},{"not_picked":["Reckless Charge","Flame Barrier"],"picked":"Seeing Red","floor":1.0},{"not_picked":["Perfected Strike","True Grit"],"picked":"Shrug It Off","floor":2.0},{"not_picked":["Clothesline","Fire Breathing"],"picked":"Rage","floor":3.0},{"not_picked":["Evolve","True Grit"],"picked":"Inflame","floor":4.0},{"not_picked":["Havoc","Heavy Blade"],"picked":"Immolate","floor":5.0},{"not_picked":["Clash","Ghostly Armor","Uppercut"],"picked":"SKIP","floor":6.0},{"not_picked":["Thunderclap","Body Slam"],"picked":"Rampage","floor":8.0},{"not_picked":["Blood for Blood","Power Through"],"picked":"Clothesline","floor":10.0},{"not_picked":["Burning Pact","Pommel Strike"],"picked":"Rampage","floor":11.0},{"not_picked":["True Grit","Dropkick"],"picked":"Metallicize","floor":14.0},{"not_picked":["Fiend Fire","Limit Break"],"picked":"Berserk","floor":16.0},{"not_picked":["Sword Boomerang","Anger"],"picked":"Warcry","floor":18.0},{"not_picked":["Reckless Charge","Seeing Red+1"],"picked":"Inflame","floor":19.0},{"not_picked":["Heavy Blade","Anger","Sword Boomerang"],"picked":"SKIP","floor":24.0}],"player_experience":576140,"relics_obtained":[{"floor":6.0,"key":"Ancient Tea Set"},{"floor":8.0,"key":"The Courier"},{"floor":9.0,"key":"HornCleat"},{"floor":26.0,"key":"Toxic Egg 2"}],"event_choices":[{"damage_healed":0.0,"max_hp_gain":0.0,"max_hp_loss":0.0,"gold_gain":0.0,"event_name":"Big Fish","player_choice":"Box","floor":13.0,"gold_loss":0.0,"damage_taken":0.0,"relics_obtained":["Ice Cream"],"cards_obtained":["Regret"]},{"damage_healed":0.0,"max_hp_gain":0.0,"max_hp_loss":0.0,"gold_gain":0.0,"event_name":"Upgrade Shrine","player_choice":"Upgraded","floor":20.0,"gold_loss":0.0,"damage_taken":0.0,"cards_upgraded":["Berserk"]}],"is_beta":false,"boss_relics":[{"not_picked":["Tiny House","Pandora\u0027s Box"],"picked":"Empty Cage"}],"items_purged_floors":[21],"is_endless":false,"potions_floor_spawned":[1,3,5,8,11,24],"killed_by":"Book of Stabbing","ascension_level":10}}