{"host":"4amcrcg6ktw8dbzk","time":1607678425,"event":{"mods":["BaseMod","Dota2Spire","Minty Spire (QoL Compilation)","MostiFishMod","Spicy Shops","StSLib"],"gold_per_floor":[115,115,40,40,64,97,120,120,120,20,34,58,58,102,102,196,196,221,246,265,165,184,215,215,238,284,284,164,179,199,199,199,295,295,308,327,43,63,86,86,129,129,180,199,230,230,249,276,288,300,312,324,336,36,71,71],"floor_reached":57,"playtime":2874,"items_purged":["Strike_R","Defend_R","Strike_R","Strike_R"],"score":3367,"play_id":"5d7c641d-bd6f-4927-b092-17b2e8b05e33","local_time":"20201211172025","is_ascension_mode":true,"campfire_choices":[{"data":"Coolheaded","floor":13.0,"key":"SMITH"},{"data":"Bash","floor":15.0,"key":"SMITH"},{"floor":24,"key":"REST"},{"data":"Armaments","floor":32,"key":"SMITH"},{"data":"Burning Pact","floor":40,"key":"SMITH"},{"data":"MostiFishMod:SpreadingSpore","floor":42,"key":"SMITH"},{"floor":49,"key":"RECALL"},{"data":"Apotheosis","floor":53,"key":"SMITH"}],"circlet_count":0,"master_deck":["AscendersBane","Strike_R","Strike_R","Defend_R","Defend_R","Defend_R","Bash+1","MostiFishMod:BrokenBlackCloak","Coolheaded+1","Dodge and Roll","MostiFishMod:UltimateDefense","Evolve","DeceiveReality","True Grit","Armaments+1","Cloak And Dagger+1","Dropkick","MostiFishMod:SpreadingSpore+1","MostiFishMod:ButterFly","Blade Dance","Burning Pact+1","Choke+1","Apotheosis+1","Finesse"],"relics":["Burning Blood","DaveBox","BirthdayGift-Tetrahedron","Question Card","PrismaticShard","Golden Idol","Pear","Red Skull","Torii","Sundial","ImportantClient","SlaversCollar","Du-Vu Doll","ChiXiaoBlade","Dota2Spire:BattleFury","BionicSphere","Bag of Marbles","Vajra","MawBank","ImprovedEquipment","Strawberry"],"acts_visited":["TheCity","TheBeyond","TheEnding"],"potions_floor_usage":[56,56],"damage_taken":[{"damage":2.0,"enemies":"Small Slimes","floor":1.0,"turns":2.0},{"damage":8.0,"enemies":"Jaw Worm","floor":5.0,"turns":2.0},{"damage":6.0,"enemies":"Lagavulin","floor":6.0,"turns":4.0},{"damage":2.0,"enemies":"Cultist","floor":7.0,"turns":2.0},{"damage":3.0,"enemies":"Lots of Slimes","floor":11.0,"turns":2.0},{"damage":3.0,"enemies":"2 Fungi Beasts","floor":12.0,"turns":2.0},{"damage":7.0,"enemies":"3 Sentries","floor":14.0,"turns":4.0},{"damage":15.0,"enemies":"Hexaghost","floor":16.0,"turns":5.0},{"damage":4.0,"enemies":"Chosen","floor":18.0,"turns":3.0},{"damage":19.0,"enemies":"2 Thieves","floor":19.0,"turns":4.0},{"damage":6.0,"enemies":"Snecko","floor":20.0,"turns":4.0},{"damage":33,"enemies":"Shelled Parasite and Fungi","floor":22,"turns":4},{"damage":28,"enemies":"Book of Stabbing","floor":23,"turns":4},{"damage":24,"enemies":"Centurion and Healer","floor":25,"turns":4},{"damage":21,"enemies":"Snake Plant","floor":29,"turns":4},{"damage":4,"enemies":"Snecko","floor":30,"turns":3},{"damage":12,"enemies":"Champ","floor":33,"turns":7},{"damage":7,"enemies":"3 Shapes","floor":35,"turns":4},{"damage":2,"enemies":"Orb Walker","floor":36,"turns":2},{"damage":2,"enemies":"Jaw Worm Horde","floor":38,"turns":2},{"damage":6,"enemies":"Maw","floor":39,"turns":4},{"damage":2,"enemies":"Reptomancer","floor":41,"turns":2},{"damage":11,"enemies":"Transient","floor":44,"turns":6},{"damage":8,"enemies":"Giant Head","floor":45,"turns":5},{"damage":5,"enemies":"Sphere and 2 Shapes","floor":47,"turns":3},{"damage":8,"enemies":"Awakened One","floor":50,"turns":5},{"damage":5,"enemies":"Time Eater","floor":51,"turns":3},{"damage":6,"enemies":"Shield and Spear","floor":55,"turns":4},{"damage":8,"enemies":"The Heart","floor":56,"turns":5}],"seed_played":"-1821238889421464826","potions_obtained":[{"floor":1.0,"key":"LiquidBronze"},{"floor":5.0,"key":"EntropicBrew"},{"floor":19.0,"key":"EssenceOfSteel"}],"is_trial":false,"path_per_floor":["M","?","$","?","M","E","M","T","T","$","M","M","R","E","R","B",null,"M","M","M","$","M","E","R","M","T","?","$","M","M","?","R","B",null,"M","M","$","M","M","R","E","R","T","M","E","?","M","T","R","B","B",null,"R","$","E","B",null],"character_chosen":"IRONCLAD","items_purchased":["Burning Pact","Dota2Spire:BattleFury","ImprovedEquipment","CultistPotion"],"campfire_rested":1,"item_purchase_floors":[37,37,54,54],"current_hp_per_floor":[79,84,84,54,52,62,66,66,66,66,69,72,72,71,71,62,88,90,77,77,77,50,28,57,39,39,97,97,82,84,84,84,78,92,97,97,97,97,97,97,97,97,97,97,97,97,97,97,97,97,97,97,97,97,104,104],"gold":71,"neow_bonus":"TEN_PERCENT_HP_BONUS","is_daily":false,"chose_seed":false,"campfire_upgraded":6,"win_rate":0.0,"timestamp":1607678425,"path_taken":["M","?","$","?","M","E","M","?","T","$","M","?","R","E","R","BOSS","M","M","M","$","M","E","R","?","T","?","?","?","M","?","R","BOSS","M","M","$","M","M","R","E","R","T","M","E","?","M","?","R","BOSS","BOSS","R","$","E","BOSS"],"items_purchased_type":["Card","Relic","Relic","Potion"],"build_version":"2020-11-30","purchased_purges":4,"victory":true,"max_hp_per_floor":[82,87,87,87,87,97,97,97,97,97,97,97,97,97,97,97,97,97,97,97,97,97,97,97,97,97,97,97,97,97,97,97,97,97,97,97,97,97,97,97,97,97,97,97,97,97,97,97,97,97,97,97,97,97,104,104],"card_choices":[{"not_picked":["Rage","Uppercut"],"picked":"Feel No Pain","floor":1.0},{"not_picked":["Deflect","Evaluate","Steam","Blood for Blood"],"picked":"SKIP","floor":5.0},{"not_picked":["Poisoned Stab","MostiFishMod:BrandingRite","FollowUp"],"picked":"MostiFishMod:BrokenBlackCloak","floor":6.0},{"not_picked":["Halt","Predator","Anger","Acrobatics"],"picked":"SKIP","floor":7.0},{"not_picked":["Rebound","Cold Snap","Battle Trance"],"picked":"Coolheaded","floor":11.0},{"not_picked":["Consume","Perfected Strike","Caltrops","PiercingWail"],"picked":"SKIP","floor":12.0},{"not_picked":["Coolheaded","MostiFishMod:ActiveDefenseSystem","Iron Wave"],"picked":"Dodge and Roll","floor":14.0},{"not_picked":["Mayhem","MostiFishMod:Tomorrow","Impervious"],"picked":"MostiFishMod:UltimateDefense","floor":16.0},{"not_picked":["FollowUp","Forethought+1","Flying Knee","PiercingWail"],"picked":"SKIP","floor":18.0},{"not_picked":["Poisoned Stab+1","Gash","Prepared"],"picked":"Evolve","floor":19.0},{"not_picked":["ClearTheMind","Protect","DeceiveReality","Slice"],"picked":"SKIP","floor":20.0},{"not_picked":["ClearTheMind","Protect","Slice"],"picked":"DeceiveReality","floor":20.0},{"not_picked":["Compile Driver","Hologram","Beam Cell"],"picked":"True Grit","floor":22},{"not_picked":["ThirdEye","Pommel Strike","Headbutt","Heatsinks+1"],"picked":"SKIP","floor":23},{"not_picked":["Stack","Bane","Disarm"],"picked":"Armaments","floor":25},{"not_picked":["LessonLearned","BowlingBash","Discovery"],"picked":"Cloak And Dagger+1","floor":29},{"not_picked":["Underhanded Strike+1","Deadly Poison","CrushJoints+1"],"picked":"Dropkick","floor":30},{"not_picked":["Core Surge","MostiFishMod:FlyOverUtopia","MostiFishMod:WingOfPhoenix"],"picked":"MostiFishMod:SpreadingSpore","floor":33},{"not_picked":["Anger+1","Dagger Throw+1","Catalyst"],"picked":"MostiFishMod:ButterFly","floor":35},{"not_picked":["JustLucky","Hologram","CutThroughFate"],"picked":"Blade Dance","floor":36},{"not_picked":["Conserve Battery","Thunderclap+1","Clothesline","Pummel"],"picked":"SKIP","floor":38},{"not_picked":["Good Instincts","Dual Wield","Iron Wave","Pommel Strike"],"picked":"SKIP","floor":39},{"not_picked":["LessonLearned","Swivel","Gash+1","Protect"],"picked":"SKIP","floor":41},{"not_picked":["EmptyFist","Protect+1","Anger+1","Crescendo+1"],"picked":"SKIP","floor":44},{"not_picked":["Compile Driver+1","MostiFishMod:NewArrival","EmptyFist"],"picked":"Choke+1","floor":45},{"not_picked":["Dramatic Entrance","Chrysalis","Trip"],"picked":"Apotheosis","floor":46},{"not_picked":["Halt+1","Dark Embrace+1","Dodge and Roll","Consecrate"],"picked":"SKIP","floor":47},{"not_picked":["Clash","Infinite Blades","Streamline+1"],"picked":"Finesse","floor":55}],"player_experience":225264,"relics_obtained":[{"floor":1.0,"key":"Question Card"},{"floor":1.0,"key":"PrismaticShard"},{"floor":6.0,"key":"Pear"},{"floor":8.0,"key":"Red Skull"},{"floor":9.0,"key":"Torii"},{"floor":14.0,"key":"Sundial"},{"floor":16.0,"key":"ImportantClient"},{"floor":23,"key":"Du-Vu Doll"},{"floor":41,"key":"BionicSphere"},{"floor":43,"key":"Bag of Marbles"},{"floor":45,"key":"Vajra"},{"floor":48,"key":"MawBank"},{"floor":55,"key":"Strawberry"}],"event_choices":[{"damage_healed":0.0,"max_hp_gain":5.0,"max_hp_loss":0.0,"gold_gain":0.0,"event_name":"Big Fish","player_choice":"Donut","floor":2.0,"gold_loss":0.0,"damage_taken":0.0},{"damage_healed":0.0,"max_hp_gain":0.0,"max_hp_loss":0.0,"gold_gain":0.0,"event_name":"Golden Idol","player_choice":"Take Damage","floor":4.0,"gold_loss":0.0,"damage_taken":30.0,"relics_obtained":["Golden Idol"]},{"cards_removed":["Feel No Pain"],"damage_healed":58,"gold_gain":0,"player_choice":"Offered Uncommon","damage_taken":0,"max_hp_gain":0,"max_hp_loss":0,"event_name":"Bonfire Elementals","floor":27,"gold_loss":0},{"damage_healed":0,"gold_gain":0,"player_choice":"Ignored","damage_taken":0,"max_hp_gain":0,"max_hp_loss":0,"event_name":"Ghosts","floor":31,"gold_loss":0},{"damage_healed":0,"gold_gain":0,"player_choice":"Memory 1","damage_taken":0,"max_hp_gain":0,"max_hp_loss":0,"event_name":"SensoryStone","floor":46,"gold_loss":0}],"is_beta":false,"boss_relics":[{"not_picked":["HaiYi:Twilight","NightmareShop"],"picked":"SlaversCollar"},{"not_picked":["Dota2Spire:Bloodstone","JellyFishMachine"],"picked":"ChiXiaoBlade"}],"items_purged_floors":[3,10,21,28],"is_endless":false,"potions_floor_spawned":[1,5,14,18,19,22,29,30,35,38,44,45],"ascension_level":20}}