{"host":"rmsq46plbpwfbxcc","time":1607706965,"event":{"mods":["AchievementEnabler","BaseMod","Colored Map","DeckTracker","Minty Spire (QoL Compilation)","Permanent Neow","SuperFastMode"],"gold_per_floor":[111,67,67,78,78,78,105,105,131,131,406,70,70,81,81,157,157,170,215,215,250,260,317,317,353,379,416,478,478,538,579,579,579,579],"floor_reached":33,"playtime":866,"items_purged":["Regret"],"score":562,"play_id":"c7ae4cc7-88e2-4728-ac3b-4e846d03eef0","local_time":"20201212021605","is_ascension_mode":true,"campfire_choices":[{"data":"Neutralize","floor":6.0,"key":"SMITH"},{"data":"Flechettes","floor":8.0,"key":"SMITH"},{"data":"HandOfGreed","floor":13.0,"key":"SMITH"},{"data":"Blade Dance","floor":15.0,"key":"SMITH"},{"floor":24.0,"key":"REST"},{"data":"Cloak And Dagger","floor":29.0,"key":"SMITH"},{"floor":32,"key":"REST"}],"circlet_count":0,"master_deck":["AscendersBane","Strike_G","Strike_G","Strike_G","Strike_G","Strike_G","Defend_G","Defend_G","Defend_G","Defend_G","Defend_G","Survivor","Neutralize+1","Flechettes+1","Dash","Backstab","Infinite Blades","HandOfGreed+1","Blade Dance+1","Cloak And Dagger+1","Burst","Backflip","PiercingWail","PiercingWail+1","Finisher","Tactician+1"],"relics":["Ring of the Snake","NeowsBlessing","Mercury Hourglass","Snake Skull","WristBlade","Pear","Gremlin Horn","Centennial Puzzle","Frozen Egg 2"],"acts_visited":["Exordium","TheCity"],"potions_floor_usage":[33],"damage_taken":[{"damage":0.0,"enemies":"Cultist","floor":1.0,"turns":1.0},{"damage":0.0,"enemies":"Small Slimes","floor":4.0,"turns":1.0},{"damage":0.0,"enemies":"3 Sentries","floor":7.0,"turns":1.0},{"damage":0.0,"enemies":"2 Louse","floor":14.0,"turns":2.0},{"damage":34.0,"enemies":"The Guardian","floor":16.0,"turns":15.0},{"damage":0.0,"enemies":"Spheric Guardian","floor":18.0,"turns":1.0},{"damage":9.0,"enemies":"Shell Parasite","floor":19.0,"turns":4.0},{"damage":25.0,"enemies":"3 Cultists","floor":21.0,"turns":5.0},{"damage":10.0,"enemies":"Snecko","floor":22.0,"turns":3.0},{"damage":5.0,"enemies":"Slavers","floor":23.0,"turns":5.0},{"damage":0.0,"enemies":"Shelled Parasite and Fungi","floor":25.0,"turns":3.0},{"damage":0.0,"enemies":"3 Cultists","floor":27.0,"turns":4.0},{"damage":15.0,"enemies":"Chosen and Byrds","floor":28.0,"turns":5.0},{"damage":16.0,"enemies":"Book of Stabbing","floor":30.0,"turns":4.0},{"damage":1,"enemies":"Sentry and Sphere","floor":31,"turns":3},{"damage":60,"enemies":"Automaton","floor":33,"turns":6}],"seed_played":"-4354153564226503601","potions_obtained":[{"floor":7.0,"key":"DistilledChaos"},{"floor":14.0,"key":"Poison Potion"},{"floor":22.0,"key":"Energy Potion"},{"floor":23.0,"key":"DistilledChaos"},{"floor":25.0,"key":"Strength Potion"},{"floor":28.0,"key":"FearPotion"},{"floor":30.0,"key":"Strength Potion"}],"is_trial":false,"path_per_floor":["M","$","$","M","?","R","E","R","T","$","?","$","R","M","R","B",null,"M","M","T","M","M","E","R","M","T","M","M","R","E","M","R","B"],"character_chosen":"THE_SILENT","items_purchased":["Dash","HandOfGreed","Blade Dance"],"campfire_rested":2,"item_purchase_floors":[2,12,12],"current_hp_per_floor":[59,59,59,59,59,59,59,59,59,59,59,59,59,59,59,25,56,56,47,57,32,22,17,39,39,39,39,24,24,8,7,29,0,0],"gold":579,"neow_bonus":"THREE_ENEMY_KILL","is_daily":false,"chose_seed":false,"campfire_upgraded":5,"win_rate":0.0,"timestamp":1607706965,"path_taken":["M","?","$","M","?","R","E","R","T","$","?","$","R","M","R","BOSS","M","M","?","M","M","E","R","M","T","M","?","R","E","M","R","BOSS"],"items_purchased_type":["Card","Card","Card"],"build_version":"2020-11-30","purchased_purges":1,"victory":false,"max_hp_per_floor":[66,66,66,66,66,66,66,66,66,66,66,66,66,66,66,66,66,66,66,76,76,76,76,76,76,76,76,76,76,76,76,76,76,76],"card_choices":[{"not_picked":["Acrobatics","Concentrate"],"picked":"Flechettes","floor":1.0},{"not_picked":["Flying Knee","Caltrops"],"picked":"Backstab","floor":4.0},{"not_picked":["Bane","Outmaneuver"],"picked":"Infinite Blades","floor":7.0},{"not_picked":["Deflect","Underhanded Strike"],"picked":"Cloak And Dagger","floor":14.0},{"not_picked":["Unload","Grand Finale"],"picked":"Burst","floor":16.0},{"not_picked":["Quick Slash","Heel Hook+1"],"picked":"Backflip","floor":18.0},{"not_picked":["Deadly Poison","Quick Slash","Cloak And Dagger"],"picked":"SKIP","floor":19.0},{"not_picked":["Underhanded Strike","Poisoned Stab","Backflip"],"picked":"SKIP","floor":21.0},{"not_picked":["Sucker Punch","Flying Knee","Prepared"],"picked":"SKIP","floor":22.0},{"not_picked":["Masterful Stab","Infinite Blades","Deadly Poison"],"picked":"SKIP","floor":23.0},{"not_picked":["Malaise","Catalyst+1"],"picked":"PiercingWail","floor":25.0},{"not_picked":["Eviscerate+1","Backflip","Acrobatics"],"picked":"SKIP","floor":27.0},{"not_picked":["Slice","Leg Sweep"],"picked":"PiercingWail+1","floor":28.0},{"not_picked":["Predator+1","Flechettes"],"picked":"Finisher","floor":30.0},{"not_picked":["Eviscerate","Flying Knee+1"],"picked":"Tactician+1","floor":31}],"player_experience":1318027,"relics_obtained":[{"floor":7.0,"key":"Mercury Hourglass"},{"floor":9.0,"key":"Snake Skull"},{"floor":20.0,"key":"Pear"},{"floor":23.0,"key":"Gremlin Horn"},{"floor":26.0,"key":"Centennial Puzzle"},{"floor":30.0,"key":"Frozen Egg 2"}],"event_choices":[{"damage_healed":0.0,"max_hp_gain":0.0,"max_hp_loss":0.0,"gold_gain":0.0,"event_name":"Shining Light","player_choice":"Ignored","floor":5.0,"gold_loss":0.0,"damage_taken":0.0},{"damage_healed":0.0,"max_hp_gain":0.0,"max_hp_loss":0.0,"gold_gain":275.0,"event_name":"Golden Shrine","player_choice":"Desecrate","floor":11.0,"gold_loss":0.0,"damage_taken":0.0,"cards_obtained":["Regret"]}],"is_beta":false,"boss_relics":[{"not_picked":["Black Star","Calling Bell"],"picked":"WristBlade"}],"items_purged_floors":[12],"is_endless":false,"potions_floor_spawned":[7,14,22,23,25,28,30],"killed_by":"Automaton","ascension_level":16}}