{"host":"jm9833yuloeli2yd","time":1607648223,"event":{"mods":["BaseMod","StSLib","AchievementEnabler","Colored Map","Minty Spire (QoL Compilation)","Permanent Neow","SuperFastMode","Better Note","Better Altar","Better Match","Better Sensory Stone","Better Skull","DeckTracker","Better Vampires","Colored Powertips","Quick Restart"],"gold_per_floor":[118,128,140,152,170,170,184,212,212,212,244,244,244,255,255,333,333,345,364,382,71,91,116,41,69,69,69,88,119,136,148,148,226,226,238,249,266,266,279,279,314,334,334,345,374,385,385,385],"floor_reached":47,"playtime":5363,"items_purged":["Strike_B"],"score":1184,"play_id":"e96178fa-5591-414f-a783-148d13baee1b","local_time":"20201210195703","is_ascension_mode":true,"campfire_choices":[{"floor":6.0,"key":"REST"},{"floor":10.0,"key":"REST"},{"data":"Defragment","floor":15.0,"key":"SMITH"},{"data":"Buffer","floor":32.0,"key":"SMITH"},{"data":"Consume","floor":40.0,"key":"SMITH"}],"circlet_count":0,"master_deck":["AscendersBane","Strike_B","Strike_B","Defend_B","Defend_B","Defend_B","Defend_B","Zap","Dualcast","Sunder","Compile Driver","Leap","Cold Snap","Ball Lightning","Hologram","Defragment+1","Electrodynamics","Conserve Battery","Buffer+1","Capacitor","Glacier","Undo","Undo","Go for the Eyes","Biased Cognition","Amplify","Force Field","Consume+1","Pain","Static Discharge+1","Hologram+1","Blizzard","Defragment+1"],"special_seed":0,"relics":["Cracked Core","Gambling Chip","PreservedInsect","Symbiotic Virus","Meat on the Bone","Snecko Eye","TheAbacus","Unceasing Top","Ancient Tea Set","Mercury Hourglass","Nloth\u0027s Gift","Gremlin Horn","Philosopher\u0027s Stone","WarpedTongs","Anchor","Pocketwatch"],"acts_visited":["Exordium","TheCity","TheBeyond"],"potions_floor_usage":[47],"damage_taken":[{"damage":6.0,"enemies":"Cultist","floor":1.0,"turns":3.0},{"damage":4.0,"enemies":"2 Louse","floor":2.0,"turns":3.0},{"damage":7.0,"enemies":"Jaw Worm","floor":3.0,"turns":3.0},{"damage":24.0,"enemies":"Exordium Thugs","floor":4.0,"turns":6.0},{"damage":0.0,"enemies":"Exordium Wildlife","floor":5.0,"turns":3.0},{"damage":0.0,"enemies":"3 Louse","floor":7.0,"turns":3.0},{"damage":16.0,"enemies":"Lagavulin","floor":8.0,"turns":7.0},{"damage":24.0,"enemies":"3 Sentries","floor":11.0,"turns":7.0},{"damage":0.0,"enemies":"Lots of Slimes","floor":14.0,"turns":1.0},{"damage":31.0,"enemies":"The Guardian","floor":16.0,"turns":11.0},{"damage":22.0,"enemies":"Shell Parasite","floor":18.0,"turns":4.0},{"damage":7.0,"enemies":"3 Byrds","floor":19.0,"turns":3.0},{"damage":0.0,"enemies":"Snecko","floor":20.0,"turns":4.0},{"damage":16.0,"enemies":"Snake Plant","floor":22.0,"turns":4.0},{"damage":0.0,"enemies":"Gremlin Leader","floor":23.0,"turns":4.0},{"damage":1.0,"enemies":"Book of Stabbing","floor":25.0,"turns":7.0},{"damage":7.0,"enemies":"3 Cultists","floor":28.0,"turns":3.0},{"damage":34.0,"enemies":"Gremlin Leader","floor":29.0,"turns":5.0},{"damage":6.0,"enemies":"Shelled Parasite and Fungi","floor":30.0,"turns":5.0},{"damage":0.0,"enemies":"Snake Plant","floor":31.0,"turns":4.0},{"damage":19.0,"enemies":"Collector","floor":33.0,"turns":11.0},{"damage":0.0,"enemies":"3 Shapes","floor":35.0,"turns":3.0},{"damage":0.0,"enemies":"Orb Walker","floor":36.0,"turns":3.0},{"damage":0.0,"enemies":"4 Shapes","floor":37.0,"turns":3.0},{"damage":12.0,"enemies":"Transient","floor":39.0,"turns":6.0},{"damage":8.0,"enemies":"Giant Head","floor":41.0,"turns":6.0},{"damage":0.0,"enemies":"Jaw Worm Horde","floor":42.0,"turns":3.0},{"damage":11.0,"enemies":"3 Darklings","floor":44.0,"turns":2.0},{"damage":2.0,"enemies":"Reptomancer","floor":45.0,"turns":5.0},{"damage":3,"enemies":"Transient","floor":46,"turns":6},{"damage":24,"enemies":"Nemesis","floor":47,"turns":6}],"seed_played":"-7435342949968716029","potions_obtained":[{"floor":1.0,"key":"Ancient Potion"},{"floor":4.0,"key":"Energy Potion"},{"floor":7.0,"key":"DuplicationPotion"},{"floor":11.0,"key":"FairyPotion"},{"floor":16.0,"key":"BlessingOfTheForge"},{"floor":18.0,"key":"Regen Potion"},{"floor":23.0,"key":"EssenceOfDarkness"},{"floor":28.0,"key":"BlessingOfTheForge"},{"floor":29.0,"key":"Block Potion"},{"floor":30.0,"key":"PowerPotion"},{"floor":36.0,"key":"FearPotion"},{"floor":39.0,"key":"PotionOfCapacity"}],"is_trial":false,"path_per_floor":["M","M","M","M","M","R","M","E","T","R","E","?","T","M","R","B",null,"M","M","M","$","M","E","?","E","T","?","M","E","M","M","R","B",null,"M","M","M","?","M","R","E","M","T","M","E","M","E"],"character_chosen":"DEFECT","items_purchased":["Capacitor","TheAbacus"],"campfire_rested":2,"item_purchase_floors":[21,21],"current_hp_per_floor":[58,54,47,23,23,44,44,28,28,49,25,7,7,19,19,23,59,37,42,42,42,38,38,38,37,37,37,42,20,26,38,38,31,61,61,61,61,61,49,49,41,41,41,42,40,37,13,13],"gold":385,"neow_bonus":"THREE_CARDS","is_daily":false,"chose_seed":false,"campfire_upgraded":3,"win_rate":0,"timestamp":1607648223,"path_taken":["M","M","M","M","?","R","M","E","T","R","E","?","?","M","R","BOSS","M","M","M","$","M","E","?","E","T","?","M","E","M","?","R","BOSS","M","M","M","?","M","R","E","M","T","M","E","?","E"],"build_version":"2020-11-30","purchased_purges":1,"victory":false,"max_hp_per_floor":[71,71,71,71,71,71,71,71,71,71,71,71,71,71,71,71,71,71,71,71,71,71,71,71,71,71,71,71,71,71,71,71,71,71,71,71,71,71,71,71,71,71,71,71,71,71,71,71],"card_choices":[{"not_picked":["White Noise","Scrape"],"picked":"Sunder","floor":0.0},{"not_picked":["Steam","Leap"],"picked":"Compile Driver","floor":1.0},{"not_picked":["Scrape","Sweeping Beam"],"picked":"Leap","floor":2.0},{"not_picked":["Go for the Eyes","Fission"],"picked":"Cold Snap","floor":3.0},{"not_picked":["Beam Cell","Turbo"],"picked":"Ball Lightning","floor":4.0},{"not_picked":["Heatsinks","Melter"],"picked":"Hologram","floor":5.0},{"not_picked":["Fusion","Beam Cell","Turbo"],"picked":"SKIP","floor":7.0},{"not_picked":["Auto Shields","Barrage"],"picked":"Defragment","floor":8.0},{"not_picked":["Gash","Leap"],"picked":"Electrodynamics","floor":11.0},{"not_picked":["Consume","FTL"],"picked":"Conserve Battery","floor":14.0},{"not_picked":["Reboot","Machine Learning"],"picked":"Buffer","floor":16.0},{"not_picked":["Ball Lightning","Go for the Eyes","Compile Driver"],"picked":"SKIP","floor":18.0},{"not_picked":["Skim","Barrage","Fusion"],"picked":"SKIP","floor":19.0},{"not_picked":["Chill","Conserve Battery","Aggregate"],"picked":"SKIP","floor":20.0},{"not_picked":["Recycle","Cold Snap"],"picked":"Glacier","floor":22.0},{"not_picked":["Amplify","Ball Lightning+1"],"picked":"Undo","floor":23.0},{"not_picked":["Chill","Gash"],"picked":"Undo","floor":25.0},{"not_picked":["Chaos","Coolheaded"],"picked":"Go for the Eyes","floor":28.0},{"not_picked":["Glacier","Conserve Battery"],"picked":"Biased Cognition","floor":29.0},{"not_picked":["Streamline","Gash","Amplify"],"picked":"SKIP","floor":30.0},{"not_picked":["Ball Lightning","Turbo","Streamline"],"picked":"SKIP","floor":31.0},{"not_picked":["Machine Learning","Multi-Cast"],"picked":"Amplify","floor":33.0},{"not_picked":["Steam+1","Redo"],"picked":"Force Field","floor":35.0},{"not_picked":["Coolheaded","Compile Driver","Aggregate+1"],"picked":"SKIP","floor":36.0},{"not_picked":["Chill+1","Streamline+1"],"picked":"Consume","floor":37.0},{"not_picked":["Hyperbeam","Skim","Cold Snap+1"],"picked":"SKIP","floor":39.0},{"not_picked":["Blizzard","Beam Cell"],"picked":"Static Discharge+1","floor":41.0},{"not_picked":["BootSequence+1","Rip and Tear+1","Lockon"],"picked":"SKIP","floor":42.0},{"not_picked":["White Noise","Leap"],"picked":"Hologram+1","floor":44.0},{"not_picked":["Leap+1","Ball Lightning"],"picked":"Blizzard","floor":45.0},{"not_picked":["Creative AI","Stack+1"],"picked":"Defragment+1","floor":46}],"player_experience":1008869,"relics_obtained":[{"floor":8.0,"key":"Blue Candle"},{"floor":9.0,"key":"Gambling Chip"},{"floor":11.0,"key":"PreservedInsect"},{"floor":13.0,"key":"Meat on the Bone"},{"floor":23.0,"key":"Unceasing Top"},{"floor":25.0,"key":"Ancient Tea Set"},{"floor":26.0,"key":"Mercury Hourglass"},{"floor":29.0,"key":"Gremlin Horn"},{"floor":41.0,"key":"Anchor"},{"floor":45.0,"key":"Pocketwatch"}],"event_choices":[{"damage_healed":0.0,"max_hp_gain":0.0,"max_hp_loss":0.0,"gold_gain":0.0,"event_name":"Scrap Ooze","player_choice":"Success","floor":12.0,"gold_loss":0.0,"damage_taken":18.0,"relics_obtained":["Symbiotic Virus"]},{"cards_removed":["Strike_B"],"damage_healed":0.0,"max_hp_gain":0.0,"max_hp_loss":0.0,"gold_gain":0.0,"event_name":"Beggar","player_choice":"Gave Gold","floor":24.0,"gold_loss":75.0,"damage_taken":0.0},{"damage_healed":0.0,"max_hp_gain":0.0,"max_hp_loss":0.0,"gold_gain":0.0,"event_name":"N\u0027loth","player_choice":"Traded Relic","floor":27.0,"relics_lost":["Blue Candle"],"gold_loss":0.0,"damage_taken":0.0,"relics_obtained":["Nloth\u0027s Gift"]},{"damage_healed":0.0,"max_hp_gain":0.0,"max_hp_loss":0.0,"gold_gain":0.0,"event_name":"Accursed Blacksmith","player_choice":"Rummage","floor":38.0,"gold_loss":0.0,"damage_taken":0.0,"relics_obtained":["WarpedTongs"],"cards_obtained":["Pain"]}],"is_beta":false,"boss_relics":[{"not_picked":["Ectoplasm","SacredBark"],"picked":"Snecko Eye"},{"not_picked":["Calling Bell","Fusion Hammer"],"picked":"Philosopher\u0027s Stone"}],"items_purged_floors":[21],"is_endless":false,"potions_floor_spawned":[1,4,7,11,16,18,23,28,29,30,36,39,44,45],"killed_by":"Nemesis","ascension_level":20}}