{"host":"agela5aetnmltfvm","time":1607695886,"event":{"mods":["BaseMod","Colored Map","Jorbs\u0027s Wanderer Trilogy","Lobotomy","Minty Spire (QoL Compilation)","Replay The Spire","StSLib","The Hierophant","The Jungle","The Runesmith"],"gold_per_floor":[116,129,129,145,165,165,36,52,52,62,62,89,89,118,118,220,220,239,219,229,30,48,48,48],"floor_reached":23,"playtime":1098,"items_purged":["Runesmith:Defend_RS"],"score":228,"play_id":"1af870bc-a679-40ca-a183-bb86713d3b3f","local_time":"20201211221126","is_ascension_mode":false,"campfire_choices":[{"floor":6,"key":"REST"},{"data":"Runesmith:Firestorm","floor":11,"key":"SMITH"},{"data":"Runesmith:Fortify","floor":13,"key":"SMITH"},{"floor":15,"key":"REST"}],"circlet_count":0,"master_deck":["Runesmith:CraftFirestone","Runesmith:Fortify+1","Chrysalis","Runesmith:Firestorm+1","Runesmith:RunicBlueprint+1","Runesmith:GoWithTheFlow","Runesmith:OneForEveryone+1","Runesmith:ChaoticBlast","Runesmith:MetallurgicalResearch+1","Runesmith:EarthShield+1","Runesmith:CraftIndustria+1","Runesmith:Overpower","Runesmith:DoubleUp+1","Runesmith:Retool+1","Runesmith:UnstableHammer","Runesmith:FieryHammer","Runesmith:RuneHurl","Runesmith:Duplicate+1","Runesmith:RuneHurl"],"relics":["Runesmith:BrokenRuby","Toxic Egg 2","The Courier","Matryoshka","Frozen Egg 2","Pandora\u0027s Box","Mummified Hand"],"acts_visited":["Exordium","Exordium"],"potions_floor_usage":[12,14,23],"damage_taken":[{"damage":7,"enemies":"Cultist","floor":1,"turns":5},{"damage":0,"enemies":"Jaw Worm","floor":2,"turns":5},{"damage":0,"enemies":"2 Louse","floor":4,"turns":4},{"damage":12,"enemies":"2 Fungi Beasts","floor":5,"turns":4},{"damage":9,"enemies":"Blue Slaver","floor":8,"turns":4},{"damage":5,"enemies":"Looter","floor":10,"turns":3},{"damage":0,"enemies":"Lagavulin","floor":12,"turns":5},{"damage":21,"enemies":"Gremlin Nob","floor":14,"turns":5},{"damage":10,"enemies":"Slime Boss","floor":16,"turns":12},{"damage":3,"enemies":"theJungle:GiantWrat","floor":18,"turns":6},{"damage":29,"enemies":"Shell Parasite","floor":20,"turns":5},{"damage":21,"enemies":"theJungle:Snecko_Cultist_And_Trap","floor":22,"turns":6},{"damage":20,"enemies":"theJungle:Cassacara","floor":23,"turns":2}],"seed_played":"-4736425446469136992","potions_obtained":[{"floor":1,"key":"SpeedPotion"},{"floor":10,"key":"Strength Potion"},{"floor":12,"key":"Ancient Potion"},{"floor":16,"key":"LiquidBronze"},{"floor":19,"key":"Fire Potion"}],"is_trial":false,"path_per_floor":["M","M","?","M","M","R","$","M","T","M","R","E","R","E","R","B",null,"M","?","M","$","M","E"],"character_chosen":"RUNESMITH_CLASS","items_purchased":["Runesmith:OneForEveryone+1","Mummified Hand"],"campfire_rested":2,"item_purchase_floors":[7,21],"current_hp_per_floor":[42,42,30,30,18,39,39,30,30,25,25,25,25,4,25,15,70,67,67,38,38,17,0,0],"gold":48,"neow_bonus":"RANDOM_COLORLESS_2","is_daily":false,"chose_seed":false,"campfire_upgraded":2,"win_rate":0.0,"timestamp":1607695886,"path_taken":["M","M","?","M","M","R","$","M","T","M","R","E","R","E","R","BOSS","M","?","M","$","?","E"],"items_purchased_type":["Undefined","Relic"],"build_version":"2020-11-30","purchased_purges":1,"victory":false,"max_hp_per_floor":[70,70,70,70,70,70,70,70,70,70,70,70,70,70,70,70,70,70,70,70,70,70,70,70],"card_choices":[{"not_picked":["Transmutation","Thinking Ahead"],"picked":"Chrysalis","floor":0},{"not_picked":["Runesmith:HammerThrow","Runesmith:MakeshiftArmor","Runesmith:Repurpose"],"picked":"SKIP","floor":1},{"not_picked":["Runesmith:NegativeSpace","Runesmith:EarthShield"],"picked":"Runesmith:Firestorm","floor":2},{"not_picked":["Runesmith:Firestorm","Runesmith:CraftProtectio+1"],"picked":"Runesmith:RunicBlueprint+1","floor":4},{"not_picked":["Runesmith:MakeshiftArmor+1","Runesmith:ChiselStab"],"picked":"Runesmith:GoWithTheFlow","floor":5},{"not_picked":["Runesmith:MakeshiftArmor+1","Runesmith:Overpower","Runesmith:ShiftingStrike"],"picked":"SKIP","floor":8},{"not_picked":["Runesmith:Firestorm","Runesmith:EarthShield+1"],"picked":"Runesmith:ChaoticBlast","floor":10},{"not_picked":["Runesmith:RuneHurl","Runesmith:HeatExchange"],"picked":"Runesmith:MetallurgicalResearch+1","floor":12},{"not_picked":["Runesmith:GoWithTheFlow","Runesmith:HammerThrow"],"picked":"Runesmith:EarthShield+1","floor":14},{"not_picked":["Runesmith:ArcReactor+1","Runesmith:ReplicatingBarrier+1"],"picked":"Runesmith:CraftIndustria+1","floor":16},{"not_picked":["Runesmith:BackupBattery+1","Runesmith:UnstableHammer","Runesmith:Empowerment+1"],"picked":"SKIP","floor":18},{"not_picked":["Runesmith:ShiftingStrike","Runesmith:HeatExchange","Runesmith:CraftMagma+1"],"picked":"SKIP","floor":20},{"not_picked":["Runesmith:NegativeSpace+1","Runesmith:PoweredAnvil+1"],"picked":"Runesmith:RuneHurl","floor":22}],"player_experience":501474,"relics_obtained":[{"floor":9,"key":"The Courier"},{"floor":12,"key":"Matryoshka"},{"floor":14,"key":"Frozen Egg 2"}],"event_choices":[{"damage_healed":0,"gold_gain":0,"player_choice":"Success","damage_taken":12,"relics_obtained":["Toxic Egg 2"],"max_hp_gain":0,"max_hp_loss":0,"event_name":"Scrap Ooze","floor":3,"gold_loss":0},{"damage_healed":0,"gold_gain":0,"player_choice":"Bought 1 Potion","damage_taken":0,"max_hp_gain":0,"max_hp_loss":0,"event_name":"The Woman in Blue","floor":19,"gold_loss":0}],"is_beta":false,"boss_relics":[{"not_picked":["Cursed Key","Philosopher\u0027s Stone"],"picked":"Pandora\u0027s Box"}],"items_purged_floors":[7],"is_endless":false,"potions_floor_spawned":[1,10,12,16],"killed_by":"theJungle:Cassacara","ascension_level":0}}