{"host":"gkh5j5k5w4qf7k7n","time":1607694854,"event":{"mods":["2.2 Compatiblity","AchievementEnabler","BaseMod","Colored Map","Colored Powertips","GifTheSpireLib","Keyboard Shortcuts","Minty Spire (QoL Compilation)","Quick Restart","StSLib","SuperFastMode","The Construct","The Dragon Tamer","TheBandit","¡¼?Úª?ø«¡½REMEMod"],"gold_per_floor":[116,116,128,146,146,174,174,174,174,192,227,238,263,277,277,374,374,392,409,409,409,181,200,200,47,47,81,81,31,48,74,74,169,169,182,182,182,0,50,50,84,101,152,163,163,241,252,32,32,32,32],"floor_reached":50,"playtime":1571,"items_purged":["Writhe","construct:Strike_Gold"],"score":930,"play_id":"98b1a6cf-dcbf-41ff-b24f-bd37eb65d640","local_time":"20201211225414","is_ascension_mode":true,"campfire_choices":[{"data":"construct:PanicFire","floor":7.0,"key":"SMITH"},{"data":"construct:PanicFire+1","floor":15.0,"key":"SMITH"},{"floor":28.0,"key":"REST"},{"data":"construct:SuppressiveFire+1","floor":32.0,"key":"SMITH"},{"floor":40.0,"key":"RECALL"},{"floor":45.0,"key":"REST"},{"floor":49,"key":"REST"}],"circlet_count":0,"master_deck":["AscendersBane","construct:Strike_Gold","construct:Defend_Gold","construct:Defend_Gold+1","construct:Defend_Gold","construct:Defend_Gold","construct:DefenseMode+1","REME_TheLastStrike","construct:Synchronize","construct:PanicFire+2","construct:Enhance","construct:Synchronize","construct:Synchronize","construct:SuppressiveFire+2","construct:PanicFire+2","construct:GuardCore","construct:PointDefense","construct:GuardCore","Madness","Madness","construct:NuclearCore+1","construct:ScopeCore+1"],"relics":["construct:ClockworkPhoenix","construct:Challenge1","REME_ComplimentaryCards","NeowsBlessing","InkBottle","War Paint","Happy Flower","White Beast Statue","Empty Cage","Shovel","Anchor","MutagenicStrength","Membership Card","The Courier","Regal Pillow","Runic Pyramid","Red Mask","Thread and Needle","Letter Opener","Toxic Egg 2","Medical Kit","Dream Catcher","HornCleat"],"acts_visited":["Exordium","TheCity","TheBeyond"],"potions_floor_usage":[47,47,47,50],"damage_taken":[{"damage":0.0,"enemies":"Jaw Worm","floor":1.0,"turns":1.0},{"damage":0.0,"enemies":"Cultist","floor":3.0,"turns":1.0},{"damage":0.0,"enemies":"Small Slimes","floor":4.0,"turns":2.0},{"damage":0.0,"enemies":"Lagavulin","floor":6.0,"turns":8.0},{"damage":2.0,"enemies":"Red Slaver","floor":10.0,"turns":4.0},{"damage":13.0,"enemies":"3 Sentries","floor":11.0,"turns":5.0},{"damage":15.0,"enemies":"Looter","floor":12.0,"turns":4.0},{"damage":0.0,"enemies":"Lagavulin","floor":13.0,"turns":7.0},{"damage":2.0,"enemies":"3 Louse","floor":14.0,"turns":4.0},{"damage":26.0,"enemies":"Hexaghost","floor":16.0,"turns":10.0},{"damage":11.0,"enemies":"Shell Parasite","floor":18.0,"turns":5.0},{"damage":5.0,"enemies":"Chosen","floor":19.0,"turns":4.0},{"damage":11.0,"enemies":"Shelled Parasite and Fungi","floor":23.0,"turns":3.0},{"damage":14.0,"enemies":"Gremlin Leader","floor":27.0,"turns":3.0},{"damage":2.0,"enemies":"3 Cultists","floor":30.0,"turns":3.0},{"damage":21.0,"enemies":"Book of Stabbing","floor":31.0,"turns":6.0},{"damage":20.0,"enemies":"Automaton","floor":33.0,"turns":7.0},{"damage":7.0,"enemies":"Orb Walker","floor":35.0,"turns":5.0},{"damage":15.0,"enemies":"Mind Bloom Boss Battle","floor":39.0,"turns":5.0},{"damage":0.0,"enemies":"Giant Head","floor":41.0,"turns":9.0},{"damage":0.0,"enemies":"3 Shapes","floor":42.0,"turns":5.0},{"damage":19.0,"enemies":"Writhing Mass","floor":44.0,"turns":4.0},{"damage":66,"enemies":"Transient","floor":47,"turns":5},{"damage":58,"enemies":"Awakened One","floor":50,"turns":4}],"seed_played":"1901944246608260841","potions_obtained":[{"floor":3.0,"key":"Block Potion"},{"floor":4.0,"key":"SpeedPotion"},{"floor":10.0,"key":"Swift Potion"},{"floor":12.0,"key":"Dexterity Potion"},{"floor":14.0,"key":"Block Potion"},{"floor":16.0,"key":"DuplicationPotion"},{"floor":27.0,"key":"construct:ShiftPotion"},{"floor":30.0,"key":"EssenceOfSteel"},{"floor":31.0,"key":"Energy Potion"},{"floor":35.0,"key":"PowerPotion"},{"floor":41.0,"key":"Regen Potion"},{"floor":42.0,"key":"construct:MegaPotion"},{"floor":47,"key":"Regen Potion"}],"is_trial":false,"path_per_floor":["M","?","M","M","?","E","R","?","T","M","E","M","E","M","R","B",null,"M","M","?","?","$","M","?","$","T","E","R","$","M","E","R","B",null,"M","?","?","?","?","R","E","M","T","M","R","T","M","$","R","B"],"character_chosen":"THE_CONSTRUCT_MOD","items_purchased":["Anchor","Membership Card","Medical Kit","Dream Catcher","HornCleat"],"campfire_rested":3,"item_purchase_floors":[22,25,48,48,48],"current_hp_per_floor":[77,77,77,77,77,77,77,77,77,75,62,47,47,45,45,19,69,58,53,53,53,53,42,42,42,42,28,68,68,66,45,45,25,70,63,63,52,52,37,37,37,37,37,18,58,58,7,7,47,0,0],"gold":32,"neow_bonus":"THREE_ENEMY_KILL","is_daily":false,"chose_seed":false,"campfire_upgraded":3,"win_rate":0.0,"timestamp":1607694854,"path_taken":["M","?","?","M","?","E","R","?","T","M","E","?","E","M","R","BOSS","M","M","?","?","$","?","?","?","T","E","R","$","M","E","R","BOSS","M","?","?","?","?","R","E","M","T","?","R","?","M","$","R","BOSS"],"items_purchased_type":["Relic","Relic","Relic","Relic","Relic"],"build_version":"2020-11-30","purchased_purges":2,"victory":false,"max_hp_per_floor":[85,85,85,85,85,85,85,85,85,85,85,85,85,85,85,85,85,85,85,85,85,85,85,85,85,85,85,85,85,85,85,85,85,85,85,85,85,85,85,85,85,85,85,85,85,85,85,85,85,85,85],"card_choices":[{"not_picked":["construct:Disrupt","construct:Backfire","construct:FierceBash"],"picked":"SKIP","floor":1.0},{"not_picked":["construct:Dampening","construct:Missile","construct:Hazardproof"],"picked":"SKIP","floor":3.0},{"not_picked":["construct:FlammableFog","construct:OilSpill"],"picked":"construct:Synchronize","floor":4.0},{"not_picked":["construct:Reinforce","construct:Analyze"],"picked":"construct:PanicFire","floor":6.0},{"not_picked":["construct:SyphonStrike","construct:ScopeCore"],"picked":"construct:Enhance","floor":10.0},{"not_picked":["construct:SyphonStrike","construct:SuppressiveFire","construct:ReactiveShield"],"picked":"SKIP","floor":11.0},{"not_picked":["construct:Agitation","construct:ClusterMines","construct:SaveState"],"picked":"SKIP","floor":12.0},{"not_picked":["construct:Accumulate","construct:VentSteam"],"picked":"construct:Synchronize","floor":13.0},{"not_picked":["construct:ShiftingStance","construct:Overcharge","construct:Accumulate"],"picked":"SKIP","floor":14.0},{"not_picked":["construct:PhosphorStorm","construct:Analyze"],"picked":"construct:Synchronize","floor":18.0},{"not_picked":["construct:ShiftStrike","construct:Implosion"],"picked":"construct:SuppressiveFire+1","floor":19.0},{"not_picked":["construct:Boost","construct:CriticalHit"],"picked":"construct:GuardCore","floor":23.0},{"not_picked":["construct:Zapper","construct:BlazingSpeed"],"picked":"construct:PointDefense","floor":27.0},{"not_picked":["construct:FlammableFog+1","construct:Enhance+1"],"picked":"construct:GuardCore","floor":30.0},{"not_picked":["construct:CriticalHit+1","construct:Antimatter","construct:Forcefield+1"],"picked":"SKIP","floor":31.0},{"not_picked":["construct:ShiftStrike+1","construct:FlammableFog+1","construct:Rollout"],"picked":"SKIP","floor":35.0},{"not_picked":["construct:LaserCore+1","construct:ModeShift+1"],"picked":"construct:NuclearCore+1","floor":41.0},{"not_picked":["construct:FocusedBeam","construct:Forcefield","construct:ModeShift"],"picked":"SKIP","floor":42.0},{"not_picked":["construct:MoltenSmash","construct:FierceBash","construct:PhosphorStorm"],"picked":"SKIP","floor":44.0},{"not_picked":["construct:FlammableFog+1","construct:ClockworkEgg+1"],"picked":"construct:ScopeCore+1","floor":47}],"player_experience":923148,"relics_obtained":[{"floor":6.0,"key":"InkBottle"},{"floor":9.0,"key":"War Paint"},{"floor":11.0,"key":"Happy Flower"},{"floor":13.0,"key":"White Beast Statue"},{"floor":26.0,"key":"The Courier"},{"floor":27.0,"key":"Regal Pillow"},{"floor":39.0,"key":"Thread and Needle"},{"floor":41.0,"key":"Letter Opener"},{"floor":46.0,"key":"Toxic Egg 2"}],"event_choices":[{"cards_removed":["construct:Strike_Gold"],"damage_healed":0.0,"max_hp_gain":0.0,"max_hp_loss":0.0,"gold_gain":0.0,"event_name":"Bonfire Elementals","player_choice":"Offered Basic","floor":2.0,"gold_loss":0.0,"damage_taken":0.0},{"cards_removed":["construct:Strike_Gold"],"damage_healed":0.0,"max_hp_gain":0.0,"max_hp_loss":0.0,"gold_gain":0.0,"event_name":"Living Wall","player_choice":"Forget","floor":5.0,"gold_loss":0.0,"damage_taken":0.0},{"damage_healed":0.0,"max_hp_gain":0.0,"max_hp_loss":0.0,"gold_gain":0.0,"event_name":"The Woman in Blue","player_choice":"Bought 0 Potions","floor":8.0,"gold_loss":0.0,"damage_taken":0.0},{"damage_healed":0.0,"max_hp_gain":0.0,"max_hp_loss":0.0,"gold_gain":0.0,"event_name":"The Mausoleum","player_choice":"Opened","floor":20.0,"gold_loss":0.0,"damage_taken":0.0,"relics_obtained":["Shovel"],"cards_obtained":["Writhe"]},{"damage_healed":0.0,"max_hp_gain":0.0,"max_hp_loss":0.0,"gold_gain":0.0,"event_name":"Duplicator","player_choice":"Copied","floor":21.0,"gold_loss":0.0,"damage_taken":0.0,"cards_obtained":["construct:PanicFire"]},{"damage_healed":0.0,"max_hp_gain":0.0,"max_hp_loss":0.0,"gold_gain":0.0,"event_name":"Drug Dealer","player_choice":"Inject Mutagens","floor":24.0,"gold_loss":0.0,"damage_taken":0.0,"relics_obtained":["MutagenicStrength"]},{"cards_removed":["construct:Defend_Gold"],"damage_healed":0.0,"max_hp_gain":0.0,"max_hp_loss":0.0,"gold_gain":0.0,"event_name":"Falling","player_choice":"Removed Skill","floor":36.0,"gold_loss":0.0,"damage_taken":0.0},{"damage_healed":0.0,"max_hp_gain":0.0,"max_hp_loss":0.0,"gold_gain":0.0,"event_name":"Winding Halls","player_choice":"Embrace Madness","floor":37.0,"gold_loss":0.0,"damage_taken":11.0,"cards_obtained":["Madness","Madness"]},{"damage_healed":0.0,"max_hp_gain":0.0,"max_hp_loss":0.0,"gold_gain":0.0,"event_name":"Tomb of Lord Red Mask","player_choice":"Paid","floor":38.0,"gold_loss":182.0,"damage_taken":0.0,"relics_obtained":["Red Mask"]},{"damage_healed":0.0,"max_hp_gain":0.0,"max_hp_loss":0.0,"gold_gain":0.0,"event_name":"MindBloom","player_choice":"Fight","floor":39.0,"gold_loss":0.0,"damage_taken":0.0}],"is_beta":false,"boss_relics":[{"not_picked":["REME_LowDesire","Runic Dome"],"picked":"Empty Cage"},{"not_picked":["Pandora\u0027s Box","REME_DuelDisc"],"picked":"Runic Pyramid"}],"items_purged_floors":[22,29],"is_endless":false,"potions_floor_spawned":[3,4,10,12,14,16,18,19,23,27,30,31,33,35,39,41,42,44,47],"killed_by":"Awakened One","ascension_level":10}}