{"host":"ci7ivtocgfxh0ueo","time":1607664819,"event":{"mods":["BaseMod","GifTheSpireLib","Minty Spire (QoL Compilation)","StSLib"],"gold_per_floor":[119,119,119,188,205,233,233,15,15,31,31,61,72,91,91,168,168,179,104,26,26,26,26],"floor_reached":22,"playtime":571,"items_purged":[],"score":337,"play_id":"78e527e6-ae04-47a7-a981-96389bf376cd","local_time":"20201211133339","is_ascension_mode":true,"campfire_choices":[{"data":"Bash","floor":7,"key":"SMITH"},{"floor":15,"key":"REST"}],"circlet_count":0,"master_deck":["AscendersBane","Bash+1","Ghostly Armor","Bloodletting","Uppercut+1","Metallicize","Twin Strike","Armaments","Intimidate","Metallicize","Juggernaut","Ghostly Armor","Searing Blow","Immolate","Wild Strike","Bloodletting","Sentinel","Sentinel","Infernal Blade"],"relics":["Burning Blood","Letter Opener","Whetstone","Ornamental Fan","Pandora\u0027s Box"],"acts_visited":["Exordium","TheCity"],"potions_floor_usage":[6,10,14,16],"damage_taken":[{"damage":11,"enemies":"2 Louse","floor":1,"turns":4},{"damage":3,"enemies":"Cultist","floor":5,"turns":4},{"damage":40,"enemies":"3 Sentries","floor":6,"turns":12},{"damage":3,"enemies":"Jaw Worm","floor":10,"turns":2},{"damage":12,"enemies":"Red Slaver","floor":13,"turns":3},{"damage":16,"enemies":"Large Slime","floor":14,"turns":5},{"damage":32,"enemies":"The Guardian","floor":16,"turns":14},{"damage":24,"enemies":"Shell Parasite","floor":18,"turns":6},{"damage":47,"enemies":"Chosen","floor":22,"turns":5}],"seed_played":"-4639391705060547230","potions_obtained":[{"floor":5,"key":"SkillPotion"},{"floor":6,"key":"Swift Potion"},{"floor":14,"key":"Strength Potion"},{"floor":16,"key":"PowerPotion"}],"is_trial":false,"path_per_floor":["M","?","$","?","M","E","R","$","T","M","$","?","M","M","R","B",null,"M","?","$","?","M"],"character_chosen":"IRONCLAD","items_purchased":["Whetstone","Explosive Potion","Infernal Blade"],"campfire_rested":1,"item_purchase_floors":[8,8,20],"current_hp_per_floor":[63,63,63,63,66,32,32,32,32,35,35,35,29,19,41,15,60,42,42,42,42,0,0],"gold":26,"neow_bonus":"TRANSFORM_TWO_CARDS","is_daily":false,"chose_seed":false,"campfire_upgraded":1,"win_rate":0.0,"timestamp":1607664819,"path_taken":["M","?","?","?","M","E","R","$","T","?","?","?","M","M","R","BOSS","M","?","$","?","M"],"items_purchased_type":["Relic","Potion","Card"],"build_version":"2020-11-30","purchased_purges":0,"victory":false,"max_hp_per_floor":[75,75,75,75,75,75,75,75,75,75,75,75,75,75,75,75,75,75,75,75,75,75,75],"card_choices":[{"not_picked":["Perfected Strike","Havoc"],"picked":"Uppercut","floor":1},{"not_picked":["Wild Strike","Body Slam"],"picked":"Metallicize","floor":5},{"not_picked":["Body Slam","Heavy Blade"],"picked":"Twin Strike","floor":6},{"not_picked":["Warcry","Clothesline"],"picked":"Armaments","floor":10},{"not_picked":["Burning Pact","Havoc"],"picked":"Intimidate","floor":13},{"not_picked":["Impervious","Battle Trance"],"picked":"Metallicize","floor":14},{"not_picked":["Exhume","Berserk"],"picked":"Juggernaut","floor":16},{"not_picked":["Reckless Charge","Heavy Blade"],"picked":"Sentinel","floor":18}],"player_experience":1247561,"relics_obtained":[{"floor":6,"key":"Letter Opener"},{"floor":9,"key":"Ornamental Fan"}],"event_choices":[{"damage_healed":0,"gold_gain":0,"player_choice":"Upgraded","damage_taken":0,"max_hp_gain":0,"max_hp_loss":0,"event_name":"Upgrade Shrine","floor":2,"gold_loss":0,"cards_upgraded":["Uppercut"]},{"damage_healed":0,"gold_gain":69,"player_choice":"Gained Gold","damage_taken":0,"max_hp_gain":0,"max_hp_loss":0,"event_name":"Golden Wing","floor":4,"gold_loss":0},{"damage_healed":0,"gold_gain":30,"player_choice":"Searched \u00271\u0027 times","damage_taken":0,"max_hp_gain":0,"max_hp_loss":0,"event_name":"Dead Adventurer","floor":12,"gold_loss":0},{"cards_removed":["Doubt"],"damage_healed":0,"gold_gain":0,"player_choice":"Gave Gold","damage_taken":0,"max_hp_gain":0,"max_hp_loss":0,"event_name":"Beggar","floor":19,"gold_loss":75},{"cards_removed":["Sword Boomerang"],"damage_healed":0,"gold_gain":0,"player_choice":"Elegance","damage_taken":0,"max_hp_gain":0,"max_hp_loss":0,"event_name":"Back to Basics","floor":21,"gold_loss":0}],"is_beta":false,"boss_relics":[{"not_picked":["Busted Crown","Sozu"],"picked":"Pandora\u0027s Box"}],"items_purged_floors":[],"is_endless":false,"potions_floor_spawned":[5,6,14,16],"killed_by":"Chosen","ascension_level":17}}