{"host":"51f0ad793vly1w6u","time":1607682595,"event":{"mods":["BaseMod","Colored Map","DeckTracker","Minty Spire (QoL Compilation)","StSLib","SuperFastMode"],"gold_per_floor":[115,115,265,132,146,146,186,202,228,228,228,251,280,280,280],"floor_reached":14,"playtime":295,"items_purged":["Doubt"],"score":180,"play_id":"2f4bb2d8-144e-48be-b50e-7226b440f82f","local_time":"20201211192955","is_ascension_mode":true,"campfire_choices":[{"data":"Recycle","floor":6,"key":"SMITH"},{"floor":11,"key":"DIG"}],"circlet_count":0,"master_deck":["AscendersBane","Strike_B","Strike_B","Strike_B","Strike_B","Defend_B","Defend_B","Defend_B","Defend_B","Zap","Dualcast","Reprogram+1","Self Repair","Sweeping Beam","Recycle+1","Turbo","Hologram","Conserve Battery"],"relics":["Cracked Core","Potion Belt","Golden Idol","Pen Nib","Ancient Tea Set","Shovel","CeramicFish"],"acts_visited":["Exordium"],"potions_floor_usage":[7,14],"damage_taken":[{"damage":2,"enemies":"Jaw Worm","floor":1,"turns":6},{"damage":10,"enemies":"Small Slimes","floor":5,"turns":3},{"damage":11,"enemies":"Lagavulin","floor":7,"turns":9},{"damage":1,"enemies":"Cultist","floor":8,"turns":3},{"damage":22,"enemies":"Lots of Slimes","floor":12,"turns":4},{"damage":11,"enemies":"3 Louse","floor":13,"turns":3},{"damage":51,"enemies":"Gremlin Nob","floor":14,"turns":4}],"seed_played":"-822886410121419867","potions_obtained":[{"floor":1,"key":"PowerPotion"},{"floor":7,"key":"Energy Potion"},{"floor":8,"key":"EntropicBrew"},{"floor":13,"key":"AttackPotion"}],"is_trial":false,"path_per_floor":["M","?","?","$","M","R","E","M","T","T","R","M","M","E"],"character_chosen":"DEFECT","items_purchased":["Sweeping Beam"],"campfire_rested":0,"item_purchase_floors":[4],"current_hp_per_floor":[62,62,62,62,59,59,55,61,61,61,61,46,42,0,0],"gold":280,"neow_bonus":"RANDOM_COMMON_RELIC","is_daily":false,"chose_seed":false,"campfire_upgraded":1,"win_rate":0.0,"timestamp":1607682595,"path_taken":["M","?","?","$","M","R","E","M","T","?","R","?","M","E"],"items_purchased_type":["Card"],"build_version":"2020-11-30","purchased_purges":1,"victory":false,"max_hp_per_floor":[71,64,64,64,64,64,64,64,64,64,64,64,64,64,64],"card_choices":[{"not_picked":["Steam","Force Field"],"picked":"Self Repair","floor":1},{"not_picked":["Sweeping Beam","Streamline"],"picked":"Recycle","floor":5},{"not_picked":["Lockon","Darkness","Creative AI"],"picked":"SKIP","floor":7},{"not_picked":["Compile Driver","Steam"],"picked":"Turbo","floor":8},{"not_picked":["Defragment","Capacitor"],"picked":"Hologram","floor":12},{"not_picked":["Redo","Compile Driver"],"picked":"Conserve Battery","floor":13}],"player_experience":1362675,"relics_obtained":[{"floor":7,"key":"Pen Nib"},{"floor":9,"key":"Ancient Tea Set"},{"floor":10,"key":"Shovel"},{"floor":11,"key":"CeramicFish"}],"event_choices":[{"damage_healed":0,"gold_gain":0,"player_choice":"Lose Max HP","damage_taken":0,"relics_obtained":["Golden Idol"],"max_hp_gain":0,"max_hp_loss":7,"event_name":"Golden Idol","floor":2,"gold_loss":0},{"damage_healed":0,"gold_gain":150,"player_choice":"AGREE","damage_taken":0,"max_hp_gain":0,"max_hp_loss":0,"event_name":"Liars Game","floor":3,"gold_loss":0,"cards_obtained":["Doubt"]}],"is_beta":false,"boss_relics":[],"items_purged_floors":[4],"is_endless":false,"potions_floor_spawned":[1,7,8,13],"killed_by":"Gremlin Nob","ascension_level":20}}