{"host":"sz8c8ni79nvzjmmg","time":1607673933,"event":{"mods":["AchievementEnabler","BaseMod","DeckTracker","Keyboard Shortcuts","Minty Spire (QoL Compilation)","SuperFastMode"],"gold_per_floor":[365,8,18,29,79,79,111,111,111,139,139,153,164,174,174,252,252,271,196,196,196,196,223,243,278,278,278,278],"floor_reached":27,"playtime":756,"items_purged":["Strike_G"],"score":572,"play_id":"df669cb1-2f6c-4bad-b2bd-310c3959375c","local_time":"20201211170533","is_ascension_mode":true,"campfire_choices":[{"data":"Prepared","floor":6.0,"key":"SMITH"},{"floor":8.0,"key":"REST"},{"data":"Tactician","floor":11.0,"key":"SMITH"},{"data":"Eviscerate","floor":15.0,"key":"SMITH"}],"circlet_count":0,"master_deck":["AscendersBane","Strike_G","Strike_G","Defend_G","Defend_G","Defend_G","Defend_G","Defend_G","Survivor","Neutralize","Prepared+1","Noxious Fumes+1","All Out Attack","Tactician+1","Backstab","Masterful Stab","Eviscerate+1","A Thousand Cuts+1","CurseOfTheBell","Backstab","Underhanded Strike","Well Laid Plans+1","Noxious Fumes+1","Catalyst"],"relics":["Ring of the Snake","Frozen Egg 2","Singing Bowl","Incense Burner","StrikeDummy","Calling Bell","Bag of Marbles","Kunai","FossilizedHelix","Lantern","Omamori","Eternal Feather"],"acts_visited":["Exordium","TheCity"],"potions_floor_usage":[25,27],"damage_taken":[{"damage":1.0,"enemies":"Small Slimes","floor":1.0,"turns":4.0},{"damage":1.0,"enemies":"Cultist","floor":3.0,"turns":4.0},{"damage":3.0,"enemies":"2 Louse","floor":4.0,"turns":4.0},{"damage":28.0,"enemies":"Gremlin Nob","floor":7.0,"turns":4.0},{"damage":22.0,"enemies":"3 Sentries","floor":10.0,"turns":5.0},{"damage":1.0,"enemies":"Blue Slaver","floor":12.0,"turns":2.0},{"damage":5.0,"enemies":"Gremlin Gang","floor":13.0,"turns":6.0},{"damage":0.0,"enemies":"2 Fungi Beasts","floor":14.0,"turns":3.0},{"damage":6.0,"enemies":"Slime Boss","floor":16.0,"turns":7.0},{"damage":0.0,"enemies":"2 Thieves","floor":18.0,"turns":4.0},{"damage":6,"enemies":"Gremlin Leader","floor":23,"turns":4},{"damage":2,"enemies":"Shell Parasite","floor":24,"turns":3},{"damage":0,"enemies":"Slavers","floor":25,"turns":5},{"damage":22,"enemies":"Gremlin Leader","floor":27,"turns":4}],"seed_played":"3961810053550601581","potions_obtained":[{"floor":3.0,"key":"Poison Potion"},{"floor":12.0,"key":"ColorlessPotion"},{"floor":13.0,"key":"ColorlessPotion"},{"floor":16.0,"key":"LiquidBronze"},{"floor":18.0,"key":"CunningPotion"},{"floor":25,"key":"Regen Potion"}],"is_trial":false,"path_per_floor":["M","$","M","M","?","R","E","R","T","E","R","M","M","M","R","B",null,"M","$","?","?","T","E","M","E","T","E"],"character_chosen":"THE_SILENT","items_purchased":["Frozen Egg 2","Noxious Fumes+1"],"campfire_rested":1,"item_purchase_floors":[2,2],"current_hp_per_floor":[58,58,57,54,54,54,26,44,44,24,24,23,20,20,20,14,52,54,54,54,54,54,48,46,46,46,36,36],"gold":278,"neow_bonus":"TWO_FIFTY_GOLD","is_daily":false,"chose_seed":false,"campfire_upgraded":3,"win_rate":0.0,"timestamp":1607673933,"path_taken":["M","$","M","M","?","R","E","R","T","E","R","M","M","M","R","BOSS","M","$","?","?","?","E","M","E","T","E"],"items_purchased_type":["Relic","Undefined"],"build_version":"2020-11-30","purchased_purges":1,"victory":false,"max_hp_per_floor":[60,60,60,60,60,60,60,60,60,62,62,62,64,64,64,64,64,66,66,66,66,66,66,66,66,66,66,66],"card_choices":[{"not_picked":["Bane","Underhanded Strike"],"picked":"Prepared","floor":1.0},{"not_picked":["Bane","Dodge and Roll"],"picked":"All Out Attack","floor":3.0},{"not_picked":["Underhanded Strike","Backflip"],"picked":"Tactician","floor":4.0},{"not_picked":["Prepared","Expertise"],"picked":"Backstab","floor":7.0},{"not_picked":["Storm of Steel","Outmaneuver","Cloak And Dagger"],"picked":"Singing Bowl","floor":10.0},{"not_picked":["Dodge and Roll","Quick Slash"],"picked":"Masterful Stab","floor":12.0},{"not_picked":["Bane","Dagger Throw","Sucker Punch"],"picked":"Singing Bowl","floor":13.0},{"not_picked":["Accuracy+1","Prepared"],"picked":"Eviscerate","floor":14.0},{"not_picked":["Storm of Steel","Die Die Die"],"picked":"A Thousand Cuts+1","floor":16.0},{"not_picked":["Dagger Spray","Blade Dance","Blur"],"picked":"Singing Bowl","floor":18.0},{"not_picked":["Underhanded Strike","Infinite Blades+1"],"picked":"Well Laid Plans+1","floor":23},{"not_picked":["Deflect","Dodge and Roll"],"picked":"Noxious Fumes+1","floor":24},{"not_picked":["Deflect","Cloak And Dagger"],"picked":"Catalyst","floor":25}],"player_experience":1190340,"relics_obtained":[{"floor":7.0,"key":"Singing Bowl"},{"floor":9.0,"key":"Incense Burner"},{"floor":10.0,"key":"StrikeDummy"},{"floor":17.0,"key":"Bag of Marbles"},{"floor":17.0,"key":"Kunai"},{"floor":17.0,"key":"FossilizedHelix"},{"floor":22.0,"key":"Lantern"},{"floor":23,"key":"Omamori"},{"floor":25,"key":"Eternal Feather"}],"event_choices":[{"damage_healed":0.0,"max_hp_gain":0.0,"max_hp_loss":0.0,"gold_gain":50.0,"event_name":"Golden Shrine","player_choice":"Pray","floor":5.0,"gold_loss":0.0,"damage_taken":0.0},{"damage_healed":0.0,"max_hp_gain":0.0,"max_hp_loss":0.0,"gold_gain":0.0,"event_name":"The Mausoleum","player_choice":"Ignored","floor":20.0,"gold_loss":0.0,"damage_taken":0.0},{"damage_healed":0.0,"max_hp_gain":0.0,"max_hp_loss":0.0,"gold_gain":0.0,"cards_transformed":["Strike_G","Strike_G"],"event_name":"Drug Dealer","player_choice":"Became Test Subject","floor":21.0,"gold_loss":0.0,"damage_taken":0.0,"cards_obtained":["Backstab","Underhanded Strike"]}],"is_beta":false,"boss_relics":[{"not_picked":["Velvet Choker","WristBlade"],"picked":"Calling Bell"}],"items_purged_floors":[19],"is_endless":false,"potions_floor_spawned":[3,12,13,16,18,25],"killed_by":"Gremlin Leader","ascension_level":20}}