{"host":"Jinnai","time":1607722784,"event":{"mods":["BaseMod","Bestiary","Block Reminder","Colored Map","Colored Powertips","Highlight Path","Keyboard Shortcuts","Minty Spire (QoL Compilation)","Quick Restart","Relic Stats"],"gold_per_floor":[116,130,154,171,190,190,220,233,259,269,4,14,28,54,54,127,127,144,69,86,104,134,134,134,134],"floor_reached":24,"playtime":2216,"items_purged":[],"score":413,"play_id":"5ed4ba8f-9e87-4b61-942e-30cfeea04f6b","local_time":"20201211163944","is_ascension_mode":true,"campfire_choices":[{"floor":6.0,"key":"REST"},{"floor":15.0,"key":"REST"},{"floor":23.0,"key":"REST"}],"circlet_count":0,"master_deck":["AscendersBane","Strike_P","Strike_P","Strike_P","Eruption","Vigilance","TalkToTheHand","TalkToTheHand","Swivel","BowlingBash","SpiritShield","WaveOfTheHand","FlurryOfBlows","Tantrum","EmptyBody","Indignation","Evaluate","Devotion","Scrawl","Vault+1","FearNoEvil+1","Adaptation+1","Scrawl","DeusExMachina","Adaptation","TalkToTheHand","WreathOfFlame"],"relics":["Black Star","Regal Pillow","Centennial Puzzle","Omamori","Orichalcum","Lee\u0027s Waffle","InkBottle","Yang","Astrolabe","Red Mask"],"acts_visited":["Exordium","TheCity"],"potions_floor_usage":[],"damage_taken":[{"damage":0.0,"enemies":"Cultist","floor":1.0,"turns":2.0},{"damage":7.0,"enemies":"Jaw Worm","floor":2.0,"turns":4.0},{"damage":4.0,"enemies":"Small Slimes","floor":4.0,"turns":4.0},{"damage":34.0,"enemies":"Exordium Thugs","floor":5.0,"turns":6.0},{"damage":19.0,"enemies":"3 Sentries","floor":7.0,"turns":10.0},{"damage":2.0,"enemies":"Lots of Slimes","floor":8.0,"turns":6.0},{"damage":7.0,"enemies":"Large Slime","floor":10.0,"turns":4.0},{"damage":0.0,"enemies":"Gremlin Gang","floor":12.0,"turns":4.0},{"damage":14.0,"enemies":"Exordium Wildlife","floor":13.0,"turns":4.0},{"damage":40.0,"enemies":"Lagavulin","floor":14.0,"turns":5.0},{"damage":31.0,"enemies":"The Guardian","floor":16.0,"turns":12.0},{"damage":2.0,"enemies":"Spheric Guardian","floor":18.0,"turns":4.0},{"damage":21.0,"enemies":"Shell Parasite","floor":20.0,"turns":5.0},{"damage":8.0,"enemies":"Snecko","floor":21.0,"turns":6.0},{"damage":13.0,"enemies":"Masked Bandits","floor":22.0,"turns":4.0},{"damage":61,"enemies":"Slavers","floor":24,"turns":3}],"seed_played":"-5456919555374132793","potions_obtained":[{"floor":1.0,"key":"Dexterity Potion"},{"floor":2.0,"key":"Energy Potion"},{"floor":5.0,"key":"Explosive Potion"},{"floor":13.0,"key":"Strength Potion"},{"floor":20.0,"key":"Explosive Potion"},{"floor":21.0,"key":"Block Potion"}],"is_trial":false,"path_per_floor":["M","M","T","M","M","R","E","M","T","M","$","M","M","E","R","B",null,"M","?","M","M","?","R","E"],"character_chosen":"WATCHER","items_purchased":["Lee\u0027s Waffle","Tantrum","EmptyBody"],"campfire_rested":3,"item_purchase_floors":[11,11,11],"current_hp_per_floor":[61,54,54,50,16,51,32,30,30,23,75,75,61,21,58,27,63,61,61,40,32,19,56,0,0],"gold":134,"neow_bonus":"BOSS_RELIC","is_daily":false,"chose_seed":false,"campfire_upgraded":0,"win_rate":0.0,"timestamp":1607722784,"path_taken":["M","?","?","M","M","R","E","M","T","M","?","M","?","E","R","BOSS","M","?","M","?","?","R","E"],"items_purchased_type":["Relic","Card","Card"],"build_version":"2020-12-07","purchased_purges":0,"victory":false,"max_hp_per_floor":[68,68,68,68,68,68,68,68,68,68,75,75,75,75,75,75,75,75,75,75,75,75,75,75,75],"relic_stats":{"Regal Pillow":45,"Centennial Puzzle":[30],"Lee\u0027s Waffle":52,"counters":[16,83],"Astrolabe":["Vault","FearNoEvil","Adaptation"],"Yang":[88],"Black Star":2,"Orichalcum":[24],"obtain_stats":[{"Regal Pillow":3,"Centennial Puzzle":7,"Lee\u0027s Waffle":11,"Astrolabe":17,"Yang":14,"Black Star":0,"Omamori":7,"Red Mask":22,"PureWater":0,"Orichalcum":9,"InkBottle":14},{"Regal Pillow":2,"Centennial Puzzle":5,"Lee\u0027s Waffle":7,"Astrolabe":11,"Yang":10,"Black Star":0,"Omamori":5,"Red Mask":15,"PureWater":0,"Orichalcum":6,"InkBottle":10},{"Regal Pillow":6,"Centennial Puzzle":26,"Lee\u0027s Waffle":36,"Astrolabe":61,"Yang":49,"Black Star":0,"Omamori":26,"Red Mask":80,"PureWater":0,"Orichalcum":32,"InkBottle":49}],"InkBottle":[13]},"card_choices":[{"not_picked":["Meditate","Consecrate"],"picked":"TalkToTheHand","floor":1.0},{"not_picked":["JustLucky","SashWhip"],"picked":"TalkToTheHand","floor":2.0},{"not_picked":["WreathOfFlame","Prostrate"],"picked":"Swivel","floor":4.0},{"not_picked":["ClearTheMind","Protect"],"picked":"BowlingBash","floor":5.0},{"not_picked":["ForeignInfluence","CrushJoints"],"picked":"SpiritShield","floor":7.0},{"not_picked":["CrushJoints","DeceiveReality"],"picked":"WaveOfTheHand","floor":8.0},{"not_picked":["SashWhip","Collect"],"picked":"FlurryOfBlows","floor":10.0},{"not_picked":["ClearTheMind","CarveReality"],"picked":"Indignation","floor":12.0},{"not_picked":["CrushJoints","Prostrate"],"picked":"Evaluate","floor":13.0},{"not_picked":["EmptyFist","ThirdEye"],"picked":"Devotion","floor":14.0},{"not_picked":["DeusExMachina","Alpha"],"picked":"Scrawl","floor":16.0},{"not_picked":["CarveReality","SashWhip","BowlingBash"],"picked":"SKIP","floor":18.0},{"not_picked":["PathToVictory","LikeWater"],"picked":"Adaptation","floor":20.0},{"not_picked":["Evaluate","BowlingBash"],"picked":"TalkToTheHand","floor":21.0},{"not_picked":["LikeWater","Protect"],"picked":"WreathOfFlame","floor":22.0}],"player_experience":1471833,"relics_obtained":[{"floor":3.0,"key":"Regal Pillow"},{"floor":7.0,"key":"Centennial Puzzle"},{"floor":7.0,"key":"Omamori"},{"floor":9.0,"key":"Orichalcum"},{"floor":14.0,"key":"InkBottle"},{"floor":14.0,"key":"Yang"},{"floor":22.0,"key":"Red Mask"}],"event_choices":[{"damage_healed":0.0,"max_hp_gain":0.0,"max_hp_loss":0.0,"gold_gain":0.0,"cards_transformed":["Defend_P","Defend_P"],"event_name":"Designer","player_choice":"Transformed Cards","floor":19.0,"gold_loss":75.0,"damage_taken":0.0,"cards_obtained":["Scrawl","DeusExMachina"]},{"damage_healed":0.0,"max_hp_gain":0.0,"max_hp_loss":0.0,"gold_gain":0.0,"event_name":"Masked Bandits","player_choice":"Fought Bandits","floor":22.0,"gold_loss":0.0,"damage_taken":0.0}],"is_beta":true,"boss_relics":[{"not_picked":["Runic Dome","Velvet Choker"],"picked":"Astrolabe"}],"items_purged_floors":[],"is_endless":false,"potions_floor_spawned":[1,2,5,13,20,21],"killed_by":"Slavers","ascension_level":19}}