{"host":"4kqw88srlhl37mck","time":1607660257,"event":{"mods":["BaseMod","Better Altar","Better Match","Better Note","Better Sensory Stone","Better Skull","Better Third Choice","Marisa（霧雨　魔理沙）","Minty Spire (QoL Compilation)","Quick Restart","Rare Cards Sparkle","StSLib","The Forsaken","The Servant 0.9.4"],"gold_per_floor":[14,0,11,24,24,55,55,90,139,150,163,163,16,16,16,115,115,129,109,109,109,126,126,126],"floor_reached":23,"playtime":1105,"items_purged":[],"score":201,"play_id":"d6f0aa34-979a-4802-8ab8-23194588ef93","local_time":"20201210201737","is_ascension_mode":false,"campfire_choices":[{"floor":7,"key":"REST"},{"floor":12,"key":"REST"},{"floor":15,"key":"REST"}],"circlet_count":0,"master_deck":["Strike_MRS","Strike_MRS","Strike_MRS","Strike_MRS","Defend_MRS","Defend_MRS","Defend_MRS","Defend_MRS","MasterSpark","UpSweep","GalacticHalo","DoubleSpark","SuperPerseids","PowerUp","PowerUp","theForsaken:PlagueCurse","PowerUp"],"relics":["MiniHakkero","Ice Cream","betterThird:SlimedRelic","Kunai","Nunchaku","Ancient Tea Set","Regal Pillow","theForsaken:PlagueMask","Busted Crown"],"acts_visited":["Exordium","TheCity"],"potions_floor_usage":[16],"damage_taken":[{"damage":0,"enemies":"Small Slimes","floor":1,"turns":3},{"damage":2,"enemies":"2 Louse","floor":3,"turns":3},{"damage":6,"enemies":"Jaw Worm","floor":4,"turns":4},{"damage":30,"enemies":"Gremlin Nob","floor":6,"turns":5},{"damage":25,"enemies":"3 Sentries","floor":8,"turns":11},{"damage":1,"enemies":"2 Fungi Beasts","floor":10,"turns":4},{"damage":5,"enemies":"Looter","floor":11,"turns":3},{"damage":17,"enemies":"Slime Boss","floor":16,"turns":10},{"damage":19,"enemies":"Spheric Guardian","floor":18,"turns":5},{"damage":9,"enemies":"2 Thieves","floor":19,"turns":4},{"damage":46,"enemies":"Chosen and Byrds","floor":22,"turns":9},{"damage":1,"enemies":"Gremlin Leader","floor":23,"turns":1}],"seed_played":"-4818241325775270033","potions_obtained":[{"floor":8,"key":"Ancient Potion"},{"floor":10,"key":"BottledSpark"},{"floor":18,"key":"Energy Potion"},{"floor":19,"key":"CultistPotion"}],"is_trial":false,"path_per_floor":["M","?","M","M","?","E","R","E","T","M","M","R","$","?","R","B",null,"M","M","?","$","M","E"],"character_chosen":"MARISA","items_purchased":["Regal Pillow"],"campfire_rested":3,"item_purchase_floors":[13],"current_hp_per_floor":[75,64,62,56,56,26,48,23,23,22,17,39,39,39,75,58,75,56,47,47,47,1,0,0],"gold":126,"neow_bonus":"ONE_RARE_RELIC","is_daily":false,"chose_seed":false,"campfire_upgraded":0,"win_rate":0.0,"timestamp":1607660257,"path_taken":["M","?","M","M","?","E","R","E","T","M","M","R","?","?","R","BOSS","M","M","?","?","M","E"],"items_purchased_type":["Relic"],"build_version":"2020-11-30","purchased_purges":0,"victory":false,"max_hp_per_floor":[75,75,75,75,75,75,75,75,75,75,75,75,75,75,75,75,75,75,75,75,75,75,75,75],"card_choices":[{"not_picked":["PowerUp","RefractionSpark"],"picked":"GalacticHalo","floor":1},{"not_picked":["OrrerysSun","DC"],"picked":"DoubleSpark","floor":3},{"not_picked":["EnergyFlow","NonDirectionalLaser"],"picked":"SuperPerseids","floor":4},{"not_picked":["SporeBomb","GravityBeat","StarBarrage"],"picked":"SKIP","floor":6},{"not_picked":["SporeBomb","6A","DragonMeteor"],"picked":"SKIP","floor":8},{"not_picked":["ChargingUp","DarkMatter"],"picked":"PowerUp","floor":10},{"not_picked":["EventHorizon","6A"],"picked":"PowerUp","floor":11},{"not_picked":["DragonMeteor"],"picked":"SKIP","floor":18},{"not_picked":["ShootingEcho+1"],"picked":"SKIP","floor":19},{"not_picked":[],"picked":"PowerUp","floor":22}],"player_experience":186033,"relics_obtained":[{"floor":6,"key":"Kunai"},{"floor":8,"key":"Nunchaku"},{"floor":9,"key":"Ancient Tea Set"}],"event_choices":[{"damage_healed":0,"gold_gain":0,"player_choice":"Slimed","damage_taken":11,"max_hp_gain":0,"max_hp_loss":0,"event_name":"betterThird:BetterGoop","floor":2,"gold_loss":14},{"damage_healed":0,"gold_gain":0,"player_choice":"Ignored","damage_taken":0,"max_hp_gain":0,"max_hp_loss":0,"event_name":"Golden Wing","floor":5,"gold_loss":0},{"damage_healed":0,"gold_gain":0,"player_choice":"Obtain Plague Curse","damage_taken":0,"max_hp_gain":0,"max_hp_loss":0,"event_name":"Plague Doctor","floor":14,"gold_loss":0,"cards_obtained":["theForsaken:PlagueCurse"]},{"damage_healed":0,"gold_gain":0,"player_choice":"Ignored","damage_taken":0,"max_hp_gain":0,"max_hp_loss":0,"event_name":"betterNote:BetterNote","floor":20,"gold_loss":0,"cards_obtained":["CutThroughFate"]}],"is_beta":false,"boss_relics":[{"not_picked":["Empty Cage","Philosopher\u0027s Stone"],"picked":"Busted Crown"}],"items_purged_floors":[],"is_endless":false,"potions_floor_spawned":[8,10,18,19],"killed_by":"Gremlin Leader","ascension_level":0}}