{"host":"kntpungskobv1jqb","time":1607694751,"event":{"mods":["BaseMod","Minty Spire (QoL Compilation)","Replay The Spire","StSLib","SuperFastMode"],"gold_per_floor":[116,133,143,143,143,143,168,168,216,245,102,102,277,26,26,100,100,114,7,7,25,25,25,45,45,68,85,103,103,21,40,40,113,113,29,129,76,76,76,76,88,88,88,88,88,102,137,37,37],"floor_reached":48,"playtime":1410,"items_purged":["Doubt"],"score":819,"play_id":"29423a1b-2158-4f2b-a5eb-6be1d8a337ed","local_time":"20201211215231","is_ascension_mode":true,"campfire_choices":[{"floor":6,"key":"REST"},{"floor":8,"key":"REST"},{"floor":12,"key":"REST"},{"data":"Berserk","floor":15,"key":"SMITH"},{"floor":23,"key":"REST"},{"data":"Limit Break","floor":32,"key":"SMITH"},{"data":"Reaper","floor":40,"key":"SMITH"},{"data":"Limit Break","floor":42,"key":"SMITH"},{"data":"Heavy Blade","floor":45,"key":"SMITH"}],"circlet_count":0,"master_deck":["AscendersBane","Strike_R","Strike_R","Strike_R","Strike_R","Defend_R","Defend_R+1","Defend_R","Bash","Combust","Iron Wave","Body Slam","Flex","Sword Boomerang","Demonic Infusion","Berserk+1","Infernal Blade+1","Limit Break+1","Rupture","ReplayTheSpireMod:IOU","Limit Break+1","Warcry+1","Heavy Blade+1","Pommel Strike","Rupture+1","Pommel Strike+1","Cleave","Reaper+1","Iron Wave+1","Twin Strike","Blood for Blood","Burning Pact+1","Delirium","Thunderclap","Sword Boomerang+1"],"relics":["Black Blood","Akabeko","Pen Nib","Quantum Egg","Brimstone","Replay:Wax Seal","Replay:WaspNest","DollysMirror","MutagenicStrength","Blood Vial","Anchor","Snecko Heart","MealTicket","Replay:PocketPolymizer","War Paint"],"acts_visited":["Exordium","TheCity","TheBeyond"],"potions_floor_usage":[33,33],"damage_taken":[{"damage":7,"enemies":"Cultist","floor":1,"turns":5},{"damage":11,"enemies":"Jaw Worm","floor":2,"turns":5},{"damage":6,"enemies":"2 Louse","floor":3,"turns":3},{"damage":42,"enemies":"Replay:BlueRogue","floor":7,"turns":8},{"damage":28,"enemies":"Gremlin Nob","floor":10,"turns":4},{"damage":42,"enemies":"Fading Forest","floor":16,"turns":11},{"damage":13,"enemies":"Spheric Guardian","floor":18,"turns":3},{"damage":48,"enemies":"Chosen","floor":21,"turns":4},{"damage":17,"enemies":"Centurion and Healer","floor":24,"turns":3},{"damage":21,"enemies":"Snake Plant","floor":27,"turns":2},{"damage":18,"enemies":"Cultist and Chosen","floor":28,"turns":3},{"damage":5,"enemies":"Centurion and Healer","floor":30,"turns":4},{"damage":2,"enemies":"Snecko","floor":31,"turns":3},{"damage":54,"enemies":"Collector","floor":33,"turns":7},{"damage":3,"enemies":"Orb Walker","floor":35,"turns":2},{"damage":16,"enemies":"3 Darklings","floor":41,"turns":4},{"damage":28,"enemies":"Jaw Worm Horde","floor":46,"turns":4},{"damage":56,"enemies":"Reptomancer","floor":47,"turns":3},{"damage":40,"enemies":"Maw","floor":48,"turns":3}],"seed_played":"8878336437956924918","potions_obtained":[{"floor":3,"key":"Reflective Coating"},{"floor":10,"key":"AttackPotion"},{"floor":30,"key":"Dexterity Potion"},{"floor":33,"key":"Fire Potion"},{"floor":41,"key":"GamblersBrew"},{"floor":46,"key":"Death Potion"}],"is_trial":false,"path_per_floor":["M","M","M","?","?","R","E","R","T","E","$","R","?","$","R","B",null,"M","$","?","M","?","R","M","$","T","M","M","?","M","M","R","B",null,"M","?","$","T","$","R","M","R","T","?","R","M","E","M"],"character_chosen":"IRONCLAD","items_purchased":["Brimstone","Replay:Wax Seal","Berserk","Infernal Blade+1","Replay:WaspNest","DollysMirror","Twin Strike"],"campfire_rested":4,"item_purchase_floors":[11,14,14,14,19,19,37],"current_hp_per_floor":[71,66,66,59,59,80,44,68,68,46,46,70,70,70,70,55,74,73,73,73,37,37,61,58,58,58,51,47,47,56,68,68,28,67,78,78,78,78,80,80,76,76,76,76,76,80,37,0,0],"gold":37,"neow_bonus":"THREE_CARDS","is_daily":false,"chose_seed":false,"campfire_upgraded":5,"win_rate":0.0,"timestamp":1607694751,"path_taken":["M","?","M","?","?","R","E","R","T","E","$","R","?","$","R","BOSS","M","$","?","M","?","R","M","?","T","?","M","?","M","M","R","BOSS","M","?","$","?","?","R","M","R","T","?","R","M","E","M"],"items_purchased_type":["Relic","Relic","Card","Undefined","Relic","Relic","Card"],"build_version":"2020-11-30","purchased_purges":1,"victory":false,"max_hp_per_floor":[80,80,80,80,80,80,80,80,80,80,80,80,80,80,80,80,80,80,80,80,80,80,80,80,80,80,80,80,80,80,80,80,80,80,80,80,80,80,80,80,80,80,80,80,80,80,80,80,80],"card_choices":[{"not_picked":["Wild Strike","Clash"],"picked":"Combust","floor":0},{"not_picked":["Wild Strike","Heavy Blade"],"picked":"Iron Wave","floor":1},{"not_picked":["Searing Blow","Dual Wield"],"picked":"Body Slam","floor":2},{"not_picked":["Perfected Strike","Clothesline"],"picked":"Flex","floor":3},{"not_picked":["Heavy Blade","Perfected Strike"],"picked":"Sword Boomerang","floor":7},{"not_picked":["Thunderclap","Blood for Blood"],"picked":"Demonic Infusion","floor":10},{"not_picked":["Replay:Many Hands","Demonic Infusion"],"picked":"Limit Break","floor":16},{"not_picked":["Seeing Red","ReplayTheSpireMod:Corrosion Curse"],"picked":"Rupture","floor":18},{"not_picked":["Clash","Evolve"],"picked":"Warcry","floor":21},{"not_picked":["Disarm","Warcry"],"picked":"Heavy Blade","floor":24},{"not_picked":["Rage","Shrug It Off"],"picked":"Pommel Strike","floor":27},{"not_picked":["Sword Boomerang","Shockwave"],"picked":"Rupture+1","floor":28},{"not_picked":["Dark Embrace","Run Through"],"picked":"Pommel Strike+1","floor":30},{"not_picked":["Sword Boomerang+1","Flex"],"picked":"Cleave","floor":31},{"not_picked":["Demon Form","Exhume"],"picked":"Reaper","floor":33},{"not_picked":["Clothesline","Armaments"],"picked":"Iron Wave+1","floor":35},{"not_picked":["Burning Pact","Iron Wave"],"picked":"Blood for Blood","floor":41},{"not_picked":["Clash+1","Combust"],"picked":"Thunderclap","floor":46},{"not_picked":["Dual Wield","Warcry"],"picked":"Sword Boomerang+1","floor":47}],"player_experience":443016,"relics_obtained":[{"floor":7,"key":"Akabeko"},{"floor":9,"key":"Pen Nib"},{"floor":10,"key":"Quantum Egg"},{"floor":26,"key":"Anchor"},{"floor":38,"key":"MealTicket"},{"floor":43,"key":"Replay:PocketPolymizer"},{"floor":47,"key":"War Paint"}],"event_choices":[{"cards_removed":["Strike_R"],"damage_healed":0,"gold_gain":0,"player_choice":"Card Removal","damage_taken":7,"max_hp_gain":0,"max_hp_loss":0,"event_name":"Golden Wing","floor":4,"gold_loss":0},{"damage_healed":0,"gold_gain":175,"player_choice":"AGREE","damage_taken":0,"max_hp_gain":0,"max_hp_loss":0,"event_name":"Liars Game","floor":13,"gold_loss":0,"cards_obtained":["Doubt"]},{"damage_healed":0,"gold_gain":0,"player_choice":"Inject Mutagens","damage_taken":0,"relics_obtained":["MutagenicStrength"],"max_hp_gain":0,"max_hp_loss":0,"event_name":"Drug Dealer","floor":20,"gold_loss":0},{"damage_healed":0,"gold_gain":0,"player_choice":"Stole Relic","damage_taken":0,"relics_obtained":["Blood Vial"],"max_hp_gain":0,"max_hp_loss":0,"event_name":"Addict","floor":22,"gold_loss":0,"cards_obtained":["Shame"]},{"damage_healed":0,"gold_gain":100,"player_choice":"Pray","damage_taken":0,"max_hp_gain":0,"max_hp_loss":0,"event_name":"Golden Shrine","floor":36,"gold_loss":0},{"damage_healed":0,"gold_gain":0,"cards_transformed":["Defend_R"],"player_choice":"Transformed","damage_taken":0,"max_hp_gain":0,"max_hp_loss":0,"event_name":"Transmorgrifier","floor":44,"gold_loss":0,"cards_obtained":["Burning Pact"]}],"is_beta":false,"boss_relics":[{"not_picked":["Mark of Pain","Painkiller Herb"],"picked":"Black Blood"},{"not_picked":["Coffee Dripper","Velvet Choker"],"picked":"Snecko Heart"}],"items_purged_floors":[14],"is_endless":false,"potions_floor_spawned":[3,10,27,30,33,41,46],"killed_by":"Maw","ascension_level":13}}