{"host":"9544bpadt41uu5ar","time":1607686807,"event":{"mods":["Act Like it!","Aspiration","BaseMod","Conspire","Gensokyo","Hallownest","Highlight Path","KinomotoSakuraMod(木之本樱)","KomeijiMod","Luminous","Marisa（F雨　魔理沙）","Minty Spire (QoL Compilation)","Reimu（博丽灵梦）","Remilia_Scarlet Moed（蕾米莉亚・斯卡雷特）3.3.5","Remilia（蕾米莉亚）","Replay The Spire","StSLib","The Bug Knight","The Gatherer","The Hierophant","The Servant 0.9.4","WarShipGirlsR/战舰少女R mod","Youmu（魂魄妖梦）","Yuyuko","【东方二次创作】八云紫mod","【遗物卡牌】REMEMod"],"gold_per_floor":[111,111,126,146,146,3,3,35,35,35,35,46,46,64,64,164,164,178,178,58,58,58],"floor_reached":21,"playtime":1310,"items_purged":[],"score":202,"play_id":"5cdefdbe-5a60-4745-b257-4e8b409d2165","local_time":"20201211194007","is_ascension_mode":false,"campfire_choices":[{"data":"Phantom Gift","floor":10,"key":"SMITH"},{"data":"Song of Papilio","floor":15,"key":"SMITH"}],"circlet_count":0,"master_deck":["Fantasy Butterflies","Fantasy Butterflies","Fantasy Butterflies","Fantasy Butterflies","Fantasy Butterflies","Dreamy Sakura","Dreamy Sakura","Dreamy Sakura","Dreamy Sakura","Dreamy Sakura","Deathly Ground","Unstable Ward","Gather the Spring","Phantom Gift+1","Trap Lamp","Serene Spring","Scenery of Papilio","Butterflies in Dream","Home of Suicide"],"relics":["Coronal","Yuyuko\u0027s fan","REME_ComplimentaryCards","NeowsBlessing","conspire:DecoderRing","Boot","Question Card","Blue Candle","conspire:SlowCooker","Gensokyo:SpiderMask"],"acts_visited":["Gensokyo:Gensokyo","Gensokyo:Gensokyoer"],"potions_floor_usage":[],"damage_taken":[{"damage":1,"enemies":"Gensokyo:Python","floor":1,"turns":1},{"damage":1,"enemies":"Gensokyo:Gryphon","floor":3,"turns":1},{"damage":1,"enemies":"Gensokyo:2_Kodama","floor":4,"turns":1},{"damage":4,"enemies":"Gensokyo:Cirno","floor":8,"turns":4},{"damage":16,"enemies":"Gensokyo:Kitsune","floor":12,"turns":3},{"damage":26,"enemies":"Gensokyo:LivingMonolith","floor":14,"turns":4},{"damage":76,"enemies":"Gensokyo:Kokoro","floor":16,"turns":13},{"damage":56,"enemies":"Gensokyo:AngelMirror","floor":18,"turns":4},{"damage":15,"enemies":"Gensokyo:3_Dogs","floor":21,"turns":1}],"seed_played":"6714348724929943936","potions_obtained":[{"floor":4,"key":"Fire Potion"},{"floor":8,"key":"LiquidBronze"},{"floor":12,"key":"Dexterity Potion"}],"is_trial":false,"path_per_floor":["M","T","M","M","?","$","?","E","T","R","T","M","?","M","R","B",null,"M","?","?","M"],"character_chosen":"YUYOKO","items_purchased":["Boot"],"campfire_rested":0,"item_purchase_floors":[6],"current_hp_per_floor":[39,39,39,39,39,39,40,36,36,36,36,29,29,14,14,14,40,14,14,14,0,0],"gold":58,"neow_bonus":"THREE_ENEMY_KILL","is_daily":false,"chose_seed":false,"campfire_upgraded":2,"win_rate":0.0,"timestamp":1607686807,"path_taken":["M","?","M","?","?","$","?","E","T","R","?","M","?","?","R","BOSS","M","?","?","M"],"items_purchased_type":["Relic"],"build_version":"2020-11-30","purchased_purges":0,"victory":false,"max_hp_per_floor":[40,40,40,40,40,40,40,40,40,40,40,40,40,40,40,40,40,40,40,40,40,40],"card_choices":[{"not_picked":["Open The Fan","Snow"],"picked":"Unstable Ward","floor":1},{"not_picked":["Phantom Gift","Unborn Light"],"picked":"Song of Papilio","floor":3},{"not_picked":["The Forgotten Winter","Reverse The Screen"],"picked":"Gather the Spring","floor":4},{"not_picked":["Phantom Butterflies","Unstable Ward"],"picked":"Phantom Gift","floor":8},{"not_picked":["City of Death","Gather the Spring","Sweet of Phantom"],"picked":"Trap Lamp","floor":12},{"not_picked":["Sakura Ward","The Forgotten Winter","Dancing Butterflies"],"picked":"Serene Spring","floor":14},{"not_picked":["Reunion after Death","Explore Ghostdom","Living to Die"],"picked":"Scenery of Papilio","floor":16},{"not_picked":["Open The Fan","Triple Snow","Ghostdom Sakura"],"picked":"Butterflies in Dream","floor":18}],"player_experience":56166,"relics_obtained":[{"floor":2,"key":"conspire:DecoderRing"},{"floor":8,"key":"Question Card"},{"floor":9,"key":"Blue Candle"}],"event_choices":[],"is_beta":false,"boss_relics":[{"not_picked":["aspiration:PoetsPen_weak","Painkiller Herb"],"picked":"conspire:SlowCooker"}],"items_purged_floors":[],"is_endless":false,"potions_floor_spawned":[4,8,12],"killed_by":"Gensokyo:3_Dogs","ascension_level":0}}