{"host":"63rwe7p34ct1i0qu","time":1607694508,"event":{"mods":["BaseMod","DeckTracker","Minty Spire (QoL Compilation)","Permanent Neow","Quick Restart","StSLib"],"gold_per_floor":[109,121,121,134,144,144,161,181,181,191,210,224,251,50,50,148,148,160,180,180,279,279,279,294,322,347,347,274,287,297,315,315,416,416,434,434,434,449,449,449,449,475,522,522,259,279,279,298,298,298,298],"floor_reached":50,"playtime":2203,"items_purged":["Zap"],"score":672,"play_id":"06b84858-54bf-497c-85ea-00af9ef355ee","local_time":"20201211224828","is_ascension_mode":true,"campfire_choices":[{"data":"Electrodynamics","floor":6.0,"key":"SMITH"},{"floor":15.0,"key":"REST"},{"floor":23.0,"key":"REST"},{"floor":27.0,"key":"REST"},{"data":"Reinforced Body","floor":32.0,"key":"SMITH"},{"floor":40,"key":"REST"},{"floor":44,"key":"REST"},{"floor":47,"key":"REST"},{"floor":49,"key":"REST"}],"circlet_count":0,"master_deck":["Dualcast","Static Discharge","Electrodynamics+1","Rainbow","Core Surge","Heatsinks","Meteor Strike+1","Multi-Cast","BootSequence","Recycle","Reinforced Body+1","Reboot","Leap","Chaos","Compile Driver+1","Echo Form","Self Repair","Redo","Seek","Capacitor+1","Chaos+1","Coolheaded+1","Chaos+1","Tempest+1","Doom and Gloom+1","Master of Strategy","White Noise","Barrage+1"],"relics":["Pandora\u0027s Box","Oddly Smooth Stone","Singing Bowl","Membership Card","Nuclear Battery","Bronze Scales","Blood Vial","Whetstone","DollysMirror","SlaversCollar","Gambling Chip","Ornamental Fan","Symbiotic Virus","Omamori","HandDrill","Boot"],"acts_visited":["Exordium","TheCity","TheBeyond"],"potions_floor_usage":[33,33,38,42,48,50,50],"damage_taken":[{"damage":6.0,"enemies":"Cultist","floor":1.0,"turns":3.0},{"damage":4.0,"enemies":"Small Slimes","floor":2.0,"turns":3.0},{"damage":5.0,"enemies":"2 Louse","floor":4.0,"turns":3.0},{"damage":11.0,"enemies":"Blue Slaver","floor":5.0,"turns":3.0},{"damage":0.0,"enemies":"Large Slime","floor":7.0,"turns":4.0},{"damage":12.0,"enemies":"Looter","floor":8.0,"turns":4.0},{"damage":0.0,"enemies":"Blue Slaver","floor":10.0,"turns":2.0},{"damage":4.0,"enemies":"Exordium Wildlife","floor":11.0,"turns":2.0},{"damage":1.0,"enemies":"Looter","floor":12.0,"turns":3.0},{"damage":12.0,"enemies":"Gremlin Nob","floor":13.0,"turns":4.0},{"damage":24.0,"enemies":"The Guardian","floor":16.0,"turns":13.0},{"damage":1.0,"enemies":"Shell Parasite","floor":18.0,"turns":5.0},{"damage":0.0,"enemies":"3 Byrds","floor":19.0,"turns":1.0},{"damage":13.0,"enemies":"Shelled Parasite and Fungi","floor":24.0,"turns":6.0},{"damage":23.0,"enemies":"Slavers","floor":25.0,"turns":2.0},{"damage":0.0,"enemies":"Snake Plant","floor":29.0,"turns":2.0},{"damage":0.0,"enemies":"Chosen and Byrds","floor":30.0,"turns":3.0},{"damage":10.0,"enemies":"Snecko","floor":31.0,"turns":3.0},{"damage":36,"enemies":"Champ","floor":33,"turns":8},{"damage":39,"enemies":"3 Darklings","floor":35,"turns":4},{"damage":0,"enemies":"3 Shapes","floor":38,"turns":2},{"damage":63,"enemies":"Giant Head","floor":42,"turns":10},{"damage":24,"enemies":"Sphere and 2 Shapes","floor":46,"turns":4},{"damage":51,"enemies":"Transient","floor":48,"turns":5},{"damage":47,"enemies":"Time Eater","floor":50,"turns":4}],"seed_played":"-6827141473033559188","potions_obtained":[{"floor":1.0,"key":"Block Potion"},{"floor":7.0,"key":"FearPotion"},{"floor":8.0,"key":"LiquidBronze"},{"floor":12.0,"key":"EssenceOfSteel"},{"floor":13.0,"key":"Block Potion"},{"floor":16.0,"key":"Fire Potion"},{"floor":18.0,"key":"Block Potion"},{"floor":19.0,"key":"AttackPotion"},{"floor":29.0,"key":"SkillPotion"},{"floor":30.0,"key":"FocusPotion"},{"floor":33,"key":"Swift Potion"},{"floor":35,"key":"GamblersBrew"},{"floor":42,"key":"PotionOfCapacity"}],"is_trial":false,"path_per_floor":["M","M","?","M","M","R","M","M","T","M","M","M","E","$","R","B",null,"M","M","?","?","T","R","M","E","T","R","$","M","M","M","R","B",null,"M","?","?","M","T","R","T","E","T","R","$","M","R","M","R","B"],"character_chosen":"DEFECT","items_purchased":["Membership Card","Self Repair","Redo","DollysMirror","EssenceOfDarkness","HandDrill","Boot","Explosive Potion"],"campfire_rested":7,"item_purchase_floors":[14,14,14,28,45,45,45,45],"current_hp_per_floor":[62,58,58,53,42,42,42,30,30,30,26,25,15,15,38,21,63,69,69,55,55,55,79,75,52,52,77,77,84,86,88,88,61,83,46,46,46,57,57,84,84,23,23,50,50,28,55,15,43,0,0],"gold":298,"neow_bonus":"BOSS_RELIC","is_daily":false,"chose_seed":false,"campfire_upgraded":2,"win_rate":0.0,"timestamp":1607694508,"path_taken":["M","?","?","?","M","R","M","M","T","M","M","M","E","$","R","BOSS","M","M","?","?","?","R","M","E","T","R","$","M","M","M","R","BOSS","M","?","?","M","?","R","?","E","T","R","?","?","R","M","R","BOSS"],"items_purchased_type":["Relic","Card","Card","Relic","Potion","Relic","Relic","Potion"],"build_version":"2020-11-30","purchased_purges":1,"victory":false,"max_hp_per_floor":[75,75,75,75,75,75,75,75,75,75,75,75,77,77,77,77,77,77,77,82,82,82,82,84,84,84,84,84,84,86,88,88,90,90,90,90,90,92,92,92,92,92,92,92,92,92,92,94,94,94,94],"card_choices":[{"not_picked":["Heatsinks","Sweeping Beam"],"picked":"BootSequence","floor":1.0},{"not_picked":["Barrage","Coolheaded"],"picked":"Recycle","floor":2.0},{"not_picked":["Double Energy","Sweeping Beam"],"picked":"Reinforced Body","floor":4.0},{"not_picked":["Hologram","Streamline","Sweeping Beam"],"picked":"SKIP","floor":5.0},{"not_picked":["Skim","Leap"],"picked":"Reboot","floor":7.0},{"not_picked":["Compile Driver","Beam Cell"],"picked":"Leap","floor":8.0},{"not_picked":["Coolheaded","Undo"],"picked":"Chaos","floor":10.0},{"not_picked":["Scrape","Rip and Tear"],"picked":"Compile Driver","floor":11.0},{"not_picked":["Force Field","Beam Cell"],"picked":"Echo Form","floor":12.0},{"not_picked":["Beam Cell","Compile Driver","Machine Learning"],"picked":"Singing Bowl","floor":13.0},{"not_picked":["All For One","Creative AI"],"picked":"Seek","floor":16.0},{"not_picked":["Steam+1","Go for the Eyes"],"picked":"Capacitor+1","floor":18.0},{"not_picked":["Steam","Turbo"],"picked":"Chaos+1","floor":19.0},{"not_picked":["Auto Shields","Beam Cell+1","Hologram"],"picked":"Singing Bowl","floor":24.0},{"not_picked":["Fission","BootSequence"],"picked":"Coolheaded+1","floor":25.0},{"not_picked":["Coolheaded","Leap"],"picked":"Tempest+1","floor":29.0},{"not_picked":["Cold Snap","Rebound","Stack"],"picked":"Singing Bowl","floor":30.0},{"not_picked":["Barrage","Gash+1","Redo"],"picked":"Singing Bowl","floor":31.0},{"not_picked":["All For One","Machine Learning","Echo Form"],"picked":"Singing Bowl","floor":33},{"not_picked":["Turbo","Streamline"],"picked":"Doom and Gloom+1","floor":35},{"not_picked":["Blind","Secret Technique"],"picked":"Master of Strategy","floor":37},{"not_picked":["Melter","Streamline","Turbo"],"picked":"Singing Bowl","floor":38},{"not_picked":["Gash+1","Go for the Eyes+1"],"picked":"White Noise","floor":42},{"not_picked":["Hologram+1","Coolheaded"],"picked":"Barrage+1","floor":46},{"not_picked":["Rip and Tear+1","Doom and Gloom+1","Compile Driver"],"picked":"Singing Bowl","floor":48}],"player_experience":1272699,"relics_obtained":[{"floor":9.0,"key":"Oddly Smooth Stone"},{"floor":13.0,"key":"Singing Bowl"},{"floor":22.0,"key":"Bronze Scales"},{"floor":25.0,"key":"Blood Vial"},{"floor":26.0,"key":"Whetstone"},{"floor":39,"key":"Gambling Chip"},{"floor":41,"key":"Ornamental Fan"},{"floor":42,"key":"Symbiotic Virus"},{"floor":43,"key":"Omamori"}],"event_choices":[{"cards_removed":["Heatsinks"],"damage_healed":0.0,"max_hp_gain":0.0,"max_hp_loss":0.0,"gold_gain":0.0,"event_name":"Wheel of Change","player_choice":"Card Removal","floor":3.0,"gold_loss":0.0,"damage_taken":0.0},{"damage_healed":0.0,"max_hp_gain":5.0,"max_hp_loss":0.0,"gold_gain":0.0,"event_name":"Forgotten Altar","player_choice":"Shed Blood","floor":20.0,"gold_loss":0.0,"damage_taken":19.0},{"damage_healed":0.0,"max_hp_gain":0.0,"max_hp_loss":0.0,"gold_gain":99.0,"event_name":"Nest","player_choice":"Stole From Cult","floor":21.0,"gold_loss":0.0,"damage_taken":0.0},{"damage_healed":0,"gold_gain":0,"player_choice":"Ignored","damage_taken":0,"max_hp_gain":0,"max_hp_loss":0,"event_name":"Mysterious Sphere","floor":36,"gold_loss":0},{"damage_healed":0,"gold_gain":0,"player_choice":"Memory 1","damage_taken":0,"max_hp_gain":0,"max_hp_loss":0,"event_name":"SensoryStone","floor":37,"gold_loss":0}],"is_beta":false,"boss_relics":[{"not_picked":["Snecko Eye","Coffee Dripper"],"picked":"Nuclear Battery"},{"not_picked":["Cursed Key","Busted Crown"],"picked":"SlaversCollar"}],"items_purged_floors":[45],"is_endless":false,"potions_floor_spawned":[1,7,8,12,13,16,18,19,29,30,33,35,42],"killed_by":"Time Eater","ascension_level":6}}