{"host":"7zb9v22qptw5vuf6","time":1607708910,"event":{"mods":["BaseMod","Luminous","Marisa（F雨　魔理沙）","Minty Spire (QoL Compilation)","Reimu（博丽灵梦）","Replay The Spire","Say the Spire","StSLib","The Jungle","Yuyuko","【东方二次创作】八云紫mod"],"gold_per_floor":[130,80,80,103,119,155,7,7,76,96,136,86,110,133,133,263,263,277,277,293,313,263,263,283,283,306,10,31,47,47,82,82,215,215,243,266,296,316,345,345,370,370,370,419,419,42,74,99,99,103,103,103,53,96,102],"floor_reached":56,"playtime":5140,"items_purged":["AT_purpleEX","AT_purpleEX","AT_purpleEX","Defend_purpleEX"],"score":1222,"play_id":"4f87140f-5671-4111-9b8c-72973a9f214e","local_time":"20201212014830","is_ascension_mode":false,"campfire_choices":[{"floor":8.0,"key":"REST"},{"data":"ContainerChange_purple","floor":23.0,"key":"SMITH"},{"data":"StretchesForeverDream_purple","floor":25.0,"key":"SMITH"},{"floor":32.0,"key":"REST"},{"data":"ProofOfUnderstanding_purple","floor":40.0,"key":"SMITH"},{"floor":42.0,"key":"RECALL"},{"data":"Fantasy_PerpetualMotionMachine_purple","floor":45.0,"key":"SMITH"},{"floor":49,"key":"REST"},{"data":"PositiveMatter_Antimatter_Universe_purple","floor":52,"key":"SMITH"}],"circlet_count":0,"master_deck":["Defend_purpleEX","Defend_purpleEX","Defend_purpleEX","Observe_purple_1","Observe_purple_2","RuleDissolution_purple","DimensionStaggered_purple","ContainerChange_purple+1","OmniscientAndOmnipotent_Monster_purple","StretchesForeverDream_purple+1","Mirror_FourBoundary_purple+1","Bait_HighSpeedFlying_purple","ProofOfUnderstanding_purple+1","SharpContractionReality_purple","OmniscientAndOmnipotent_Monster_purple","DimensionStaggered_purple","FragmentationRealm_purple","SharpContractionReality_purple+1","Fantasy_PerpetualMotionMachine_purple+1","Fancifulhole_purple","AbeCurse","Shallow_ocean_purpleEX","Line_surface_state_purple+1","WingOfChimera_purple","PositiveMatter_Antimatter_Universe_purple+1","Fantasy_PerpetualMotionMachine_purple"],"relics":["Boundary_crack","Memoryfragments_purpleEX","NeowsBlessing","Golden Idol","Smiling Mask","TheEssenceOfRealm","Question Card","RedLine:ReiMu","Replay:Bandana","Lizard Tail","Bottled Lightning","Abe\u0027s Treasure","Gremlin Horn","Strawberry","ThegodofHakurei_purpleEX","HornCleat"],"acts_visited":["Exordium","Exordium","TheBeyond","TheEnding"],"potions_floor_usage":[55],"damage_taken":[{"damage":0.0,"enemies":"Small Slimes","floor":1.0,"turns":1.0},{"damage":0.0,"enemies":"Jaw Worm","floor":4.0,"turns":1.0},{"damage":0.0,"enemies":"Cultist","floor":5.0,"turns":1.0},{"damage":33.0,"enemies":"3 Sentries","floor":6.0,"turns":23.0},{"damage":7.0,"enemies":"Exordium Thugs","floor":10.0,"turns":9.0},{"damage":19.0,"enemies":"Gremlin Nob","floor":11.0,"turns":4.0},{"damage":1.0,"enemies":"Gremlin Gang","floor":13.0,"turns":7.0},{"damage":11.0,"enemies":"Lots of Slimes","floor":14.0,"turns":8.0},{"damage":10.0,"enemies":"Hexaghost","floor":16.0,"turns":12.0},{"damage":0.0,"enemies":"theJungle:5_Spyders","floor":18.0,"turns":5.0},{"damage":16.0,"enemies":"theJungle:MUSHROOMGANG","floor":20.0,"turns":4.0},{"damage":8.0,"enemies":"theJungle:SlimyTreeVines","floor":21.0,"turns":5.0},{"damage":12.0,"enemies":"theJungle:2_Snecko_Cultists","floor":24.0,"turns":5.0},{"damage":12.0,"enemies":"theJungle:JungleHuntersEncounter","floor":28.0,"turns":4.0},{"damage":15.0,"enemies":"theJungle:2_Flameangoes","floor":29.0,"turns":5.0},{"damage":4.0,"enemies":"theJungle:Snecko_Cultist_And_Trap","floor":31.0,"turns":5.0},{"damage":0.0,"enemies":"theJungle:QueenSpyder","floor":33.0,"turns":8.0},{"damage":3.0,"enemies":"3 Darklings","floor":35.0,"turns":3.0},{"damage":11.0,"enemies":"3 Shapes","floor":36.0,"turns":3.0},{"damage":8.0,"enemies":"Sphere and 2 Shapes","floor":37.0,"turns":3.0},{"damage":0.0,"enemies":"Transient","floor":38.0,"turns":5.0},{"damage":3.0,"enemies":"Maw","floor":39.0,"turns":6.0},{"damage":4.0,"enemies":"Sphere and 2 Shapes","floor":41.0,"turns":3.0},{"damage":19.0,"enemies":"Reptomancer","floor":44.0,"turns":2.0},{"damage":21.0,"enemies":"3 Darklings","floor":47.0,"turns":2.0},{"damage":2,"enemies":"4 Shapes","floor":48,"turns":3},{"damage":28,"enemies":"Donu and Deca","floor":50,"turns":6},{"damage":29,"enemies":"Shield and Spear","floor":54,"turns":4},{"damage":24,"enemies":"The Heart","floor":55,"turns":7}],"seed_played":"3115823997673942080","potions_obtained":[{"floor":1.0,"key":"Elixir"},{"floor":5.0,"key":"ZuzhouPotion:ReiMu"},{"floor":10.0,"key":"DistilledChaos"},{"floor":14.0,"key":"Explosive Potion"},{"floor":20.0,"key":"ColorlessPotion"},{"floor":21.0,"key":"Fire Potion"},{"floor":24.0,"key":"Dexterity Potion"},{"floor":35.0,"key":"SteroidPotion"}],"is_trial":false,"path_per_floor":["M","?","?","M","M","E","$","R","T","M","E","$","M","M","R","B",null,"M","?","M","M","$","R","M","R","T","$","M","M","T","M","R","B",null,"M","M","M","M","M","R","M","R","T","E","R","$","M","M","R","B",null,"R","$","E","B",null],"character_chosen":"Youkari","items_purchased":["TheEssenceOfRealm","Lizard Tail","WingOfChimera_purple","ThegodofHakurei_purpleEX"],"campfire_rested":3,"item_purchase_floors":[7,27,46,46],"current_hp_per_floor":[70,70,53,57,57,29,29,50,50,48,31,31,35,27,48,43,70,70,70,57,59,59,59,50,50,50,50,40,30,30,30,51,55,70,70,63,58,61,63,63,62,62,62,53,53,53,35,38,61,36,77,77,77,53,30],"gold":102,"neow_bonus":"THREE_ENEMY_KILL","is_daily":false,"chose_seed":false,"campfire_upgraded":5,"win_rate":0.0,"timestamp":1607708910,"path_taken":["M","?","?","M","M","E","$","R","T","M","E","$","M","M","R","BOSS","M","?","M","M","$","R","?","R","T","$","M","M","?","M","R","BOSS","M","M","M","M","M","R","M","R","T","E","R","$","?","M","R","BOSS","R","$","E","BOSS"],"items_purchased_type":["Relic","Relic","Card","Relic"],"build_version":"2020-11-30","purchased_purges":4,"victory":true,"max_hp_per_floor":[70,70,70,70,70,70,70,70,70,70,70,70,70,70,70,70,70,70,70,70,70,70,70,70,70,70,70,70,70,70,70,70,70,70,70,70,70,70,70,70,70,70,70,77,77,77,77,77,77,77,77,77,77,77,77],"card_choices":[{"not_picked":["Mirror_WaveAndshot_purple","DarkRealmRedLine_purple"],"picked":"RuleDissolution_purple","floor":1.0},{"not_picked":["Line_surface_state_purple","WingOfChimera_purple"],"picked":"DimensionStaggered_purple","floor":4.0},{"not_picked":["Umbrella_purple","AdvanceAttack_purple"],"picked":"ContainerChange_purple","floor":5.0},{"not_picked":["PurpleNeedle_purple","Boundary_of_Extermination_purpleEX"],"picked":"OmniscientAndOmnipotent_Monster_purple","floor":6.0},{"not_picked":["Yakumo_Ran_purple","StateDuplicate_purple"],"picked":"StretchesForeverDream_purple","floor":10.0},{"not_picked":["Bait_Toxicbait_purple","Boundary_DynamicStaticEquilibrium_purple"],"picked":"Mirror_FourBoundary_purple","floor":11.0},{"not_picked":["AdvanceAttack_purple","SfantasyHide_purple","WatchEChange_purple","ContainerChange_purple"],"picked":"SKIP","floor":13.0},{"not_picked":["Boundary_DreamRealityDamnation_purple","MeetDecomposer_purple","StateDuplicate_purple"],"picked":"Bait_HighSpeedFlying_purple","floor":14.0},{"not_picked":["WangLiang_OokamiKakushi_purple","Fancifulhole_purple","KnowledgeAbilityRealm_purple"],"picked":"ProofOfUnderstanding_purple","floor":16.0},{"not_picked":["Mirror_FourBoundary_purple+1","Mirror_FormAndEmptin_purple","Charmbait_purple"],"picked":"SharpContractionReality_purple","floor":18.0},{"not_picked":["RealityDreamConfluencek_purple","Worldmountain_purple","RuleDissolution_purple"],"picked":"OmniscientAndOmnipotent_Monster_purple","floor":20.0},{"not_picked":["ExistenceContinue_purple","SfantasyHide_purple","StateErode_purple","MetroBOOM_purple"],"picked":"SKIP","floor":21.0},{"not_picked":["RealityDreamConfluencek_purple","PurpleNeedle_purple","Worldmountain_purple"],"picked":"DimensionStaggered_purple","floor":24.0},{"not_picked":["StateDuplicate_purple+1","Umbrella_purple","SharpContractionReality_purple"],"picked":"FragmentationRealm_purple","floor":28.0},{"not_picked":["Computing_the_future_purpleEX","Umbrella_purple+1","ExternalForce_HighSpeedFlying_purple"],"picked":"SharpContractionReality_purple+1","floor":29.0},{"not_picked":["Realm_recovery_purpleEX","Anti_communist_purple","Worldmountain_purple"],"picked":"Fantasy_PerpetualMotionMachine_purple","floor":31.0},{"not_picked":["Computing_the_future_purpleEX","Boundary_LifeAndDeath_purple","ContainerChange_purple"],"picked":"Fancifulhole_purple","floor":33.0},{"not_picked":["RuleDissolution_purple","SharpContractionReality_purple+1","Umbrella_purple+1"],"picked":"Shallow_ocean_purpleEX","floor":35.0},{"not_picked":["RuleDissolution_purple","SfantasyHide_purple","Bait_Toxicbait_purple"],"picked":"Line_surface_state_purple+1","floor":36.0},{"not_picked":["Boundary_of_Extermination_purpleEX+1","Worldmountain_purple+1","DarkRealmRedLine_purple","FragmentationRealm_purple+1"],"picked":"SKIP","floor":37.0},{"not_picked":["Worldmountain_purple+1","Realm_recovery_purpleEX+1","Shallow_ocean_purpleEX","RuleDissolution_purple"],"picked":"SKIP","floor":38.0},{"not_picked":["DimensionStaggered_purple","SfantasyHide_purple","Mirror_FormAndEmptin_purple","Worldmountain_purple+1"],"picked":"SKIP","floor":39.0},{"not_picked":["MetroBOOM_purple+1","Boundary_LightAndDark_purple","Umbrella_purple+1","DimensionStaggered_purple"],"picked":"SKIP","floor":41.0},{"not_picked":["Boundary_DynamicStaticEquilibrium_purple","Price_of_realm_purpleEX","MeetDecomposer_purple+1","Shallow_ocean_purpleEX"],"picked":"SKIP","floor":44.0},{"not_picked":["StateDuplicate_purple+1","Anti_communist_purple","OpenedBox_purple","Umbrella_purple"],"picked":"SKIP","floor":47.0},{"not_picked":["StateDuplicate_purple+1","Boundary_DreamRealityDamnation_purple+1","Fantasy_PerpetualMotionMachine_purple"],"picked":"PositiveMatter_Antimatter_Universe_purple","floor":48},{"not_picked":["ExternalForce_HighSpeedFlying_purple","Boundary_DynamicStaticEquilibrium_purple+1","Line_surface_state_purple"],"picked":"Fantasy_PerpetualMotionMachine_purple","floor":54}],"player_experience":215073,"relics_obtained":[{"floor":6.0,"key":"Smiling Mask"},{"floor":11.0,"key":"Question Card"},{"floor":26.0,"key":"Replay:Bandana"},{"floor":30.0,"key":"Bottled Lightning"},{"floor":43.0,"key":"Gremlin Horn"},{"floor":44.0,"key":"Strawberry"},{"floor":54,"key":"HornCleat"}],"event_choices":[{"cards_removed":["AT_purpleEX"],"damage_healed":0.0,"max_hp_gain":0.0,"max_hp_loss":0.0,"gold_gain":0.0,"event_name":"The Cleric","player_choice":"Card Removal","floor":2.0,"gold_loss":50.0,"damage_taken":0.0},{"damage_healed":0.0,"max_hp_gain":0.0,"max_hp_loss":0.0,"gold_gain":0.0,"event_name":"Golden Idol","player_choice":"Take Damage","floor":3.0,"gold_loss":0.0,"damage_taken":17.0,"relics_obtained":["Golden Idol"]},{"damage_healed":0.0,"max_hp_gain":0.0,"max_hp_loss":0.0,"gold_gain":0.0,"event_name":"NoteForYourself","player_choice":"Ignored","floor":19.0,"gold_loss":0.0,"damage_taken":0.0}],"is_beta":false,"boss_relics":[{"not_picked":["Kintsugi","Replay:Drink Me"],"picked":"RedLine:ReiMu"},{"not_picked":["Astrolabe","Pandora\u0027s Box"],"picked":"Abe\u0027s Treasure"}],"items_purged_floors":[12,22,46,53],"is_endless":false,"potions_floor_spawned":[1,5,10,14,20,21,24,29,35,39,41,48,54],"ascension_level":0}}