{"host":"7tvb1em0d2fx72q7","time":1607664608,"event":{"mods":["BaseMod","Challenge The Spire","Minty Spire (QoL Compilation)","StSLib","everything is the same but u backflip on backflip"],"gold_per_floor":[114,191,201,213,223,256,268,299,370,396,415,177,177,194,194,271,271,287,287,29,29,29,57,57,90,90,104,104,104],"floor_reached":28,"playtime":6380,"items_purged":["Defend_B","Shame"],"score":656,"play_id":"4103d9a9-c725-4f67-8d22-9231f422012f","local_time":"20201211003008","is_ascension_mode":true,"campfire_choices":[{"data":"Defragment","floor":13.0,"key":"SMITH"},{"data":"Doom and Gloom","floor":15.0,"key":"SMITH"}],"circlet_count":0,"master_deck":["AscendersBane","Strike_B+1","Strike_B+1","Strike_B+1","Strike_B+1","Defend_B+1","Defend_B+1","Defend_B+1","Zap","Dualcast","Self Repair","Self Repair","Undo","Ball Lightning","Fusion","Buffer","Reinforced Body","Force Field","Doom and Gloom+1","Defragment+1","Electrodynamics","Loop","Static Discharge","Capacitor","Loop"],"relics":["Snecko Eye","InkBottle","Ornamental Fan","Pear","StrikeDummy","Emotion Chip","Black Star","Kunai","Orrery","Torii","Bottled Lightning","Vajra","Singing Bowl"],"acts_visited":["Exordium","TheCity"],"potions_floor_usage":[23,23],"damage_taken":[{"damage":1.0,"enemies":"Cultist","floor":1.0,"turns":3.0},{"damage":0.0,"enemies":"2 Louse","floor":3.0,"turns":3.0},{"damage":10.0,"enemies":"Small Slimes","floor":4.0,"turns":4.0},{"damage":7.0,"enemies":"Looter","floor":5.0,"turns":4.0},{"damage":14.0,"enemies":"3 Sentries","floor":6.0,"turns":10.0},{"damage":9.0,"enemies":"Lots of Slimes","floor":7.0,"turns":7.0},{"damage":1.0,"enemies":"Lagavulin","floor":8.0,"turns":6.0},{"damage":35.0,"enemies":"Gremlin Nob","floor":10.0,"turns":5.0},{"damage":4.0,"enemies":"Blue Slaver","floor":11.0,"turns":4.0},{"damage":8.0,"enemies":"3 Louse","floor":14.0,"turns":4.0},{"damage":0.0,"enemies":"The Guardian","floor":16.0,"turns":8.0},{"damage":0.0,"enemies":"Spheric Guardian","floor":18.0,"turns":3.0},{"damage":40,"enemies":"Gremlin Leader","floor":23,"turns":7},{"damage":36,"enemies":"Book of Stabbing","floor":25,"turns":5},{"damage":12,"enemies":"3 Byrds","floor":27,"turns":3},{"damage":32,"enemies":"Slavers","floor":28,"turns":3}],"seed_played":"2434646064507683756","potions_obtained":[{"floor":4.0,"key":"FearPotion"},{"floor":8.0,"key":"LiquidMemories"},{"floor":10.0,"key":"EssenceOfSteel"},{"floor":11.0,"key":"Block Potion"},{"floor":16.0,"key":"Swift Potion"},{"floor":18.0,"key":"GamblersBrew"}],"is_trial":false,"path_per_floor":["M","T","M","M","M","E","M","E","T","E","M","$","R","M","R","B",null,"M","?","$","?","?","E","?","E","T","M","E"],"character_chosen":"DEFECT","items_purchased":["Doom and Gloom","Defragment","Orrery"],"campfire_rested":0,"item_purchase_floors":[12,12,20],"current_hp_per_floor":[63,63,70,71,71,71,71,81,81,60,70,70,70,76,76,81,81,81,81,81,81,81,55,55,35,35,32,0,0],"gold":104,"neow_bonus":"BOSS_RELIC","is_daily":false,"chose_seed":false,"campfire_upgraded":2,"win_rate":0.0,"timestamp":1607664608,"path_taken":["M","?","M","M","M","E","M","E","T","E","M","$","R","M","R","BOSS","M","?","$","?","?","E","?","E","T","M","E"],"items_purchased_type":["Card","Card","Relic"],"build_version":"2020-11-30","purchased_purges":2,"victory":false,"max_hp_per_floor":[71,71,71,71,71,71,71,81,81,81,81,81,81,81,81,81,81,81,81,81,81,81,81,81,83,83,85,85,85],"card_choices":[{"not_picked":["Hologram","Compile Driver"],"picked":"Self Repair","floor":1.0},{"not_picked":["Steam","Leap"],"picked":"Self Repair","floor":3.0},{"not_picked":["Tempest","Gash","Self Repair"],"picked":"SKIP","floor":4.0},{"not_picked":["Leap","Hologram"],"picked":"Undo","floor":5.0},{"not_picked":["Cold Snap","Streamline"],"picked":"Ball Lightning","floor":6.0},{"not_picked":["Stack","Go for the Eyes"],"picked":"Fusion","floor":7.0},{"not_picked":["Coolheaded","Rebound"],"picked":"Buffer","floor":8.0},{"not_picked":["Gash","Ball Lightning"],"picked":"Reinforced Body","floor":10.0},{"not_picked":["Ball Lightning","Rebound"],"picked":"Force Field","floor":11.0},{"not_picked":["Beam Cell","Coolheaded","Stack"],"picked":"SKIP","floor":14.0},{"not_picked":["Amplify","Reboot"],"picked":"Electrodynamics","floor":16.0},{"not_picked":["Coolheaded","Leap","Conserve Battery+1"],"picked":"SKIP","floor":18.0},{"not_picked":["Genetic Algorithm","Stack"],"picked":"Loop","floor":20.0},{"not_picked":["Streamline","Chill+1"],"picked":"Static Discharge","floor":20.0},{"not_picked":["Doom and Gloom","Buffer"],"picked":"Capacitor","floor":20.0},{"not_picked":["Turbo","Amplify"],"picked":"Loop","floor":23},{"not_picked":["Conserve Battery","Fission","Leap"],"picked":"Singing Bowl","floor":25},{"not_picked":["Cold Snap","Leap","Hologram"],"picked":"Singing Bowl","floor":27}],"player_experience":1809593,"relics_obtained":[{"floor":2.0,"key":"InkBottle"},{"floor":6.0,"key":"Ornamental Fan"},{"floor":8.0,"key":"Pear"},{"floor":9.0,"key":"StrikeDummy"},{"floor":10.0,"key":"Emotion Chip"},{"floor":23,"key":"Torii"},{"floor":23,"key":"Bottled Lightning"},{"floor":25,"key":"Vajra"},{"floor":25,"key":"Singing Bowl"}],"event_choices":[{"damage_healed":0.0,"max_hp_gain":0.0,"max_hp_loss":0.0,"gold_gain":0.0,"event_name":"Addict","player_choice":"Stole Relic","floor":19.0,"gold_loss":0.0,"damage_taken":0.0,"relics_obtained":["Kunai"],"cards_obtained":["Shame"]},{"damage_healed":0,"gold_gain":0,"player_choice":"Ignored","damage_taken":0,"max_hp_gain":0,"max_hp_loss":0,"event_name":"Vampires","floor":21,"gold_loss":0},{"damage_healed":0,"gold_gain":0,"player_choice":"Ignored","damage_taken":0,"max_hp_gain":0,"max_hp_loss":0,"event_name":"Ghosts","floor":22,"gold_loss":0},{"damage_healed":0,"gold_gain":0,"player_choice":"Simplicity","damage_taken":0,"max_hp_gain":0,"max_hp_loss":0,"event_name":"Back to Basics","floor":24,"gold_loss":0,"cards_upgraded":["Strike_B","Strike_B","Strike_B","Strike_B","Defend_B","Defend_B","Defend_B"]}],"is_beta":false,"boss_relics":[{"not_picked":["Fusion Hammer","Runic Pyramid"],"picked":"Black Star"}],"items_purged_floors":[12,20],"is_endless":false,"potions_floor_spawned":[4,8,10,11,16,18],"killed_by":"Slavers","ascension_level":20}}