{"host":"iy58fyt9wsbv4cf1","time":1607654032,"event":{"mods":["BaseMod","Better Altar","Better Match","Better Skull","Better Third Choice","BetterRewards","Conspire","Custom Start","Defuse TimeMaze Blight","Hubris","Minty Spire (QoL Compilation)","Permanent Neow","Quick Restart","Spicy Shops","StSLib"],"gold_per_floor":[117,151,151,101,120,153,153,165,165,165,165,181,208,239,239,338,338,358,368,16,33,33,49,75,75,75,175,245,245,264,275,275,371,371,389,389,251,251,266,266,280,280,280,313,323,350,350,382,382,382,382,382,64,94,94],"floor_reached":56,"playtime":1654,"items_purged":["Strike_G","Strike_G","Shame"],"score":1488,"play_id":"672ab73e-4eac-40d9-9cc5-32b590ed13c7","local_time":"20201210213352","is_ascension_mode":false,"campfire_choices":[{"data":"Blade Dance","floor":7.0,"key":"SMITH"},{"data":"Finisher","floor":10.0,"key":"SMITH"},{"data":"Cloak And Dagger","floor":15.0,"key":"SMITH"},{"data":"Cloak And Dagger","floor":25.0,"key":"SMITH"},{"floor":32.0,"key":"REST"},{"data":"1","floor":40.0,"key":"LIFT"},{"data":"2","floor":42,"key":"LIFT"},{"floor":49,"key":"RECALL"},{"data":"3","floor":52,"key":"LIFT"}],"circlet_count":0,"master_deck":["Strike_G+1","Defend_G","Defend_G","Defend_G","Defend_G","Defend_G+1","Survivor","Neutralize+1","Deadly Poison","Accuracy+1","Die Die Die","Blade Dance+1","Blade Dance+1","Finisher+1","Deflect","Cloak And Dagger+1","A Thousand Cuts+1","Escape Plan","Bullet Time","Backflip+1","Master of Strategy","Cloak And Dagger+1","Footwork+1","Blade Dance+1","Slice+1","Adrenaline","Finisher+1"],"relics":["Ring of the Snake","Membership Card","Frozen Egg 2","conspire:TreasureMap","PreservedInsect","Odd Mushroom","Tiny Chest","SlaversCollar","Oddly Smooth Stone","HornCleat","hubris:MysteriousPyramids","Whetstone","Mango","Sundial","Letter Opener","War Paint","hubris:Backtick","Kunai","Girya","DollysMirror","hubris:Towel","Dream Catcher","Nunchaku","Bag of Preparation","Centennial Puzzle","Prayer Wheel","hubris:BottledRain","Shuriken","Lantern","Anchor"],"acts_visited":["Exordium","TheCity","TheBeyond","TheEnding"],"potions_floor_usage":[55,55],"damage_taken":[{"damage":0.0,"enemies":"2 Louse","floor":1.0,"turns":1.0},{"damage":0.0,"enemies":"conspire:MimicChest","floor":2.0,"turns":2.0},{"damage":0.0,"enemies":"Small Slimes","floor":5.0,"turns":1.0},{"damage":5.0,"enemies":"3 Sentries","floor":6.0,"turns":3.0},{"damage":0.0,"enemies":"conspire:RoseBush","floor":8.0,"turns":2.0},{"damage":0.0,"enemies":"Exordium Thugs","floor":12.0,"turns":1.0},{"damage":0.0,"enemies":"The Mushroom Lair","floor":13.0,"turns":2.0},{"damage":0.0,"enemies":"Gremlin Nob","floor":14.0,"turns":1.0},{"damage":11.0,"enemies":"The Guardian","floor":16.0,"turns":7.0},{"damage":8.0,"enemies":"2 Thieves","floor":18.0,"turns":4.0},{"damage":26.0,"enemies":"conspire:FuzzyDice","floor":19.0,"turns":3.0},{"damage":7.0,"enemies":"Centurion and Healer","floor":21.0,"turns":5.0},{"damage":0.0,"enemies":"Cultist and Chosen","floor":23.0,"turns":3.0},{"damage":7.0,"enemies":"Slavers","floor":24.0,"turns":2.0},{"damage":7.0,"enemies":"Colosseum Slavers","floor":27.0,"turns":3.0},{"damage":0.0,"enemies":"Colosseum Nobs","floor":27.0,"turns":2.0},{"damage":0.0,"enemies":"Shelled Parasite and Fungi","floor":30.0,"turns":2.0},{"damage":0.0,"enemies":"conspire:HollyBat","floor":31.0,"turns":5.0},{"damage":0.0,"enemies":"Automaton","floor":33.0,"turns":4.0},{"damage":4.0,"enemies":"3 Darklings","floor":35.0,"turns":5.0},{"damage":1.0,"enemies":"Orb Walker","floor":39.0,"turns":2.0},{"damage":0,"enemies":"3 Darklings","floor":41,"turns":3},{"damage":5,"enemies":"Giant Head","floor":44,"turns":4},{"damage":0,"enemies":"Sphere and 2 Shapes","floor":45,"turns":4},{"damage":1,"enemies":"Reptomancer","floor":46,"turns":2},{"damage":0,"enemies":"Nemesis","floor":48,"turns":1},{"damage":0,"enemies":"conspire:OrnateMirror","floor":50,"turns":8},{"damage":0,"enemies":"Shield and Spear","floor":54,"turns":1},{"damage":55,"enemies":"The Heart","floor":55,"turns":4}],"seed_played":"-7030616212326122898","potions_obtained":[{"floor":1.0,"key":"SteroidPotion"},{"floor":2.0,"key":"BlessingOfTheForge"},{"floor":6.0,"key":"SmokeBomb"},{"floor":14.0,"key":"EntropicBrew"},{"floor":16.0,"key":"Fire Potion"},{"floor":19.0,"key":"FearPotion"},{"floor":23.0,"key":"LiquidBronze"},{"floor":27.0,"key":"DistilledChaos"}],"is_trial":false,"path_per_floor":["M","?","?","?","M","E","R","M","T","R","?","M","?","E","R","B",null,"M","M","$","M","?","M","E","R","T","?","T","T","M","M","R","B",null,"M","?","$","?","M","R","M","R","T","E","M","E","T","E","R","B",null,"R","$","E","B",null],"character_chosen":"THE_SILENT","items_purchased":["Deadly Poison","Membership Card","Frozen Egg 2","Accuracy+1","Die Die Die","Blade Dance","conspire:TreasureMap","Bullet Time","Backflip","Oddly Smooth Stone","Master of Strategy","Girya","DollysMirror","hubris:BottledRain","Shuriken","Lantern"],"campfire_rested":1,"item_purchase_floors":[0,0,0,0,0,0,0,20,20,20,20,37,37,53,53,53],"current_hp_per_floor":[38,38,31,31,31,26,26,26,26,26,26,26,26,26,26,15,70,62,36,36,29,29,29,22,22,22,29,29,29,29,29,54,54,84,80,80,80,80,79,79,79,79,79,74,74,73,73,73,73,73,80,80,80,80,25],"gold":94,"neow_bonus":"","is_daily":false,"chose_seed":false,"campfire_upgraded":4,"win_rate":0.0,"timestamp":1607654032,"path_taken":["M","?","?","?","M","E","R","M","T","R","?","?","?","E","R","BOSS","M","M","$","M","?","M","E","R","T","?","?","?","M","?","R","BOSS","M","?","$","?","M","R","M","R","T","E","M","E","?","E","R","BOSS","R","$","E","BOSS"],"items_purchased_type":["Card","Relic","Relic","Undefined","Card","Card","Relic","Card","Card","Relic","Card","Relic","Relic","Relic","Relic","Relic"],"build_version":"2020-11-30","purchased_purges":3,"victory":true,"max_hp_per_floor":[70,70,70,70,70,70,70,70,70,70,70,70,70,70,70,70,70,70,70,70,70,70,70,70,70,70,84,84,84,84,84,84,84,84,84,80,80,80,80,80,80,80,80,80,80,80,80,80,80,80,80,80,80,80,80],"card_choices":[{"not_picked":["Leg Sweep","Tactician"],"picked":"Blade Dance","floor":1.0},{"not_picked":["Choke","Predator"],"picked":"Finisher","floor":5.0},{"not_picked":["Storm of Steel","conspire:DoublingDagger","Dodge and Roll"],"picked":"SKIP","floor":6.0},{"not_picked":["hubris:SlightOfHand","Choke","Poisoned Stab"],"picked":"SKIP","floor":8.0},{"not_picked":["Blade Dance","Setup"],"picked":"Deflect","floor":12.0},{"not_picked":["Masterful Stab","Expertise"],"picked":"Cloak And Dagger","floor":13.0},{"not_picked":["Well Laid Plans+1","Deadly Poison","Dagger Throw"],"picked":"SKIP","floor":14.0},{"not_picked":["Malaise","Storm of Steel"],"picked":"A Thousand Cuts+1","floor":16.0},{"not_picked":["PiercingWail","Choke","Concentrate+1"],"picked":"SKIP","floor":18.0},{"not_picked":["Slice+1","Blade Dance+1"],"picked":"Escape Plan","floor":19.0},{"not_picked":["Prepared","Escape Plan","Dagger Throw"],"picked":"SKIP","floor":21.0},{"not_picked":["Masterful Stab","Deadly Poison+1","Sucker Punch"],"picked":"SKIP","floor":23.0},{"not_picked":["Dodge and Roll+1","Backflip+1"],"picked":"Cloak And Dagger","floor":24.0},{"not_picked":["Cloak And Dagger","Poisoned Stab","Calculated Gamble"],"picked":"SKIP","floor":30.0},{"not_picked":["Bouncing Flask","hubris:SlightOfHand","Bullet Time"],"picked":"SKIP","floor":31.0},{"not_picked":["Outmaneuver+1","Blade Dance"],"picked":"Footwork+1","floor":35.0},{"not_picked":["Eviscerate+1","Underhanded Strike","Cloak And Dagger"],"picked":"SKIP","floor":39.0},{"not_picked":["Skewer","hubris:Counter+1","Dodge and Roll"],"picked":"SKIP","floor":41},{"not_picked":["Finisher","Concentrate"],"picked":"Slice+1","floor":44},{"not_picked":["Deadly Poison","hubris:SlightOfHand+1"],"picked":"Adrenaline","floor":45},{"not_picked":["Endless Agony","Backflip+1"],"picked":"Finisher+1","floor":46},{"not_picked":["Distraction+1","Skewer","Tactician+1"],"picked":"SKIP","floor":48},{"not_picked":["Flying Knee+1","Dagger Spray+1","Deadly Poison"],"picked":"SKIP","floor":54}],"player_experience":63856,"relics_obtained":[{"floor":2.0,"key":"PreservedInsect"},{"floor":13.0,"key":"Odd Mushroom"},{"floor":14.0,"key":"Tiny Chest"},{"floor":24.0,"key":"hubris:MysteriousPyramids"},{"floor":26.0,"key":"Whetstone"},{"floor":27.0,"key":"Mango"},{"floor":27.0,"key":"Sundial"},{"floor":28.0,"key":"Letter Opener"},{"floor":29.0,"key":"War Paint"},{"floor":43,"key":"Dream Catcher"},{"floor":44,"key":"Nunchaku"},{"floor":46,"key":"Bag of Preparation"},{"floor":47,"key":"Centennial Puzzle"},{"floor":48,"key":"Prayer Wheel"},{"floor":54,"key":"Anchor"}],"event_choices":[{"cards_removed":["Strike_G"],"damage_healed":0.0,"max_hp_gain":0.0,"max_hp_loss":0.0,"gold_gain":0.0,"event_name":"Golden Wing","player_choice":"Card Removal","floor":3.0,"gold_loss":0.0,"damage_taken":7.0},{"cards_removed":["Strike_G"],"damage_healed":0.0,"max_hp_gain":0.0,"max_hp_loss":0.0,"gold_gain":0.0,"event_name":"The Cleric","player_choice":"Card Removal","floor":4.0,"gold_loss":50.0,"damage_taken":0.0},{"damage_healed":0.0,"max_hp_gain":0.0,"max_hp_loss":0.0,"gold_gain":0.0,"event_name":"Living Wall","player_choice":"Grow","floor":11.0,"gold_loss":0.0,"damage_taken":0.0,"cards_upgraded":["Blade Dance"]},{"damage_healed":0.0,"max_hp_gain":0.0,"max_hp_loss":0.0,"gold_gain":0.0,"event_name":"Mushrooms","player_choice":"Fought Mushrooms","floor":13.0,"gold_loss":0.0,"damage_taken":0.0},{"damage_healed":0.0,"max_hp_gain":0.0,"max_hp_loss":0.0,"gold_gain":0.0,"event_name":"Addict","player_choice":"Stole Relic","floor":22.0,"gold_loss":0.0,"damage_taken":0.0,"relics_obtained":["HornCleat"],"cards_obtained":["Shame"]},{"damage_healed":0.0,"max_hp_gain":0.0,"max_hp_loss":0.0,"gold_gain":0.0,"event_name":"Colosseum","player_choice":"Fight","floor":27.0,"gold_loss":0.0,"damage_taken":0.0},{"damage_healed":0.0,"max_hp_gain":0.0,"max_hp_loss":0.0,"gold_gain":0.0,"event_name":"Colosseum","player_choice":"Fought Nobs","floor":27.0,"gold_loss":0.0,"damage_taken":0.0},{"damage_healed":0.0,"max_hp_gain":0.0,"max_hp_loss":4.0,"gold_gain":0.0,"event_name":"Winding Halls","player_choice":"Max HP","floor":36.0,"gold_loss":0.0,"damage_taken":0.0}],"is_beta":false,"boss_relics":[{"not_picked":["Philosopher\u0027s Stone","SacredBark"],"picked":"SlaversCollar"},{"not_picked":["Calling Bell","conspire:SpecialSausage"],"picked":"hubris:Backtick"}],"items_purged_floors":[20,20,37],"is_endless":false,"potions_floor_spawned":[1,2,6,14,16,19,23,27,31,35,46,48],"ascension_level":0}}