{"host":"7g4k6gexjz765cnk","time":1607682512,"event":{"mods":["BaseMod","Colored Map","Minty Spire (QoL Compilation)","Shop Mod"],"gold_per_floor":[364,7,27,27,40,40,40,40,117,145,160,160,160,176,176,176,176],"floor_reached":16,"playtime":851,"items_purged":[],"score":110,"play_id":"5766d4fd-9add-4158-a631-46b516fea56e","local_time":"20201211112832","is_ascension_mode":true,"campfire_choices":[{"data":"Neutralize","floor":6,"key":"SMITH"},{"data":"Accuracy","floor":8,"key":"SMITH"},{"data":"Cloak And Dagger","floor":15,"key":"SMITH"}],"circlet_count":0,"master_deck":["Strike_G","Strike_G","Strike_G","Defend_G","Defend_G","Defend_G","Defend_G","Defend_G","Survivor","Neutralize+1","Accuracy+1","Dodge and Roll","Deflect","Footwork","Dodge and Roll","Cloak And Dagger+1"],"relics":["Ring of the Snake","Prayer Wheel","Shuriken","Gremlin Horn","HornCleat"],"acts_visited":["Exordium"],"potions_floor_usage":[10,10],"damage_taken":[{"damage":0,"enemies":"Cultist","floor":1,"turns":4},{"damage":4,"enemies":"Small Slimes","floor":3,"turns":5},{"damage":0,"enemies":"2 Louse","floor":5,"turns":4},{"damage":22,"enemies":"Lagavulin","floor":10,"turns":11},{"damage":8,"enemies":"Large Slime","floor":11,"turns":10},{"damage":11,"enemies":"Gremlin Gang","floor":14,"turns":13},{"damage":8,"enemies":"Slime Boss","floor":16,"turns":8}],"seed_played":"-8577794145948756161","potions_obtained":[{"floor":3,"key":"DuplicationPotion"},{"floor":5,"key":"Poison Potion"}],"is_trial":false,"path_per_floor":["M","$","M","?","M","R","?","R","T","E","M","?","?","M","R","B"],"character_chosen":"THE_SILENT","items_purchased":["Accuracy","Prayer Wheel"],"campfire_rested":0,"item_purchase_floors":[2,2],"current_hp_per_floor":[63,63,59,64,64,64,64,64,64,42,34,27,27,16,16,8,8],"gold":176,"neow_bonus":"TWO_FIFTY_GOLD","is_daily":false,"chose_seed":false,"campfire_upgraded":3,"win_rate":0.0,"timestamp":1607682512,"path_taken":["M","$","M","?","M","R","?","R","T","E","M","?","?","?","R","BOSS"],"items_purchased_type":["Card","Relic"],"build_version":"2020-11-30","purchased_purges":0,"victory":false,"max_hp_per_floor":[63,63,63,68,68,68,68,68,68,68,68,68,68,68,68,68,68],"card_choices":[{"not_picked":["Flying Knee","Dash","PiercingWail"],"picked":"SKIP","floor":1},{"not_picked":["Deadly Poison","Catalyst"],"picked":"Dodge and Roll","floor":3},{"not_picked":["Skewer","Flying Knee","Setup"],"picked":"SKIP","floor":3},{"not_picked":["Escape Plan","Deadly Poison"],"picked":"Deflect","floor":5},{"not_picked":["Outmaneuver","Caltrops","Reflex"],"picked":"SKIP","floor":5},{"not_picked":["Prepared","Doppelganger"],"picked":"Footwork","floor":10},{"not_picked":["Slice","Bane"],"picked":"Dodge and Roll","floor":11},{"not_picked":["Riddle With Holes","Tactician","Poisoned Stab"],"picked":"SKIP","floor":11},{"not_picked":["Backflip","Skewer"],"picked":"Cloak And Dagger","floor":14},{"not_picked":["Dagger Spray","PiercingWail","Venomology"],"picked":"SKIP","floor":14}],"player_experience":350101,"relics_obtained":[{"floor":9,"key":"Shuriken"},{"floor":10,"key":"Gremlin Horn"},{"floor":13,"key":"HornCleat"}],"event_choices":[{"damage_healed":0,"gold_gain":0,"player_choice":"Donut","damage_taken":0,"max_hp_gain":5,"max_hp_loss":0,"event_name":"Big Fish","floor":4,"gold_loss":0},{"cards_removed":["Strike_G"],"damage_healed":0,"gold_gain":0,"player_choice":"Forget","damage_taken":0,"max_hp_gain":0,"max_hp_loss":0,"event_name":"Living Wall","floor":7,"gold_loss":0},{"cards_removed":["Strike_G"],"damage_healed":0,"gold_gain":0,"player_choice":"Card Removal","damage_taken":7,"max_hp_gain":0,"max_hp_loss":0,"event_name":"Golden Wing","floor":12,"gold_loss":0},{"damage_healed":0,"gold_gain":0,"player_choice":"Relic","damage_taken":0,"max_hp_gain":0,"max_hp_loss":0,"event_name":"Wheel of Change","floor":13,"gold_loss":0}],"is_beta":false,"boss_relics":[],"items_purged_floors":[],"is_endless":false,"potions_floor_spawned":[3,5],"killed_by":"Slime Boss","ascension_level":2}}