{"host":"ko40t1o51xotjt2v","time":1607658517,"event":{"mods":["2.2 Compatiblity","AchievementEnabler","Aspiration","BaseMod","Conspire","Downfall","Downfall-Rebalance","Energized Spire","GifTheSpireLib","Halation","Hubris","Jedi Mod","Minty Spire (QoL Compilation)","MostiFishMod","Spicy Shops","Spikes Relics","StSLib","Stuff the Spire","TestMod","vexMod"],"gold_per_floor":[115,135,135,145,157,192,192,219,219,235,210,243,258,286,286,378,378],"floor_reached":16,"playtime":999,"items_purged":["Strike_G"],"score":381,"play_id":"d34aeed8-876b-49e3-9b77-db334a016643","local_time":"20201211044837","is_ascension_mode":true,"campfire_choices":[{"floor":7,"key":"REST"},{"floor":15,"key":"REST"}],"circlet_count":0,"master_deck":["AscendersBane","Strike_G","Strike_G","Strike_G","Strike_G","Defend_G","Defend_G","Defend_G","Defend_G","Defend_G","Survivor","Neutralize","MostiFishMod:PerfectParry","MostiFishMod:PerfectParry","Backstab","Quick Slash","Prepared","MostiFishMod:KingOfFree","hexamod:StepThrough","hexamod:SecondSeal","Backstab","MostiFishMod:GrandStart"],"relics":["Ring of the Snake","DaveBox","testmod-TestBox","testmod-RealStoneCalender","DiscerningMonocle","NeowsBlessing","Question Card","RoseTintedShades","Paper Crane","Lizard Tail","Omamori","Orrery","hubris:DisguiseKit","halation:IllGainedPizza","vexMod:InvisibilityCloak","jedi:cryingmask","ImportantClient"],"acts_visited":["Exordium"],"potions_floor_usage":[6,12],"damage_taken":[{"damage":0,"enemies":"Cultist","floor":1,"turns":1},{"damage":0,"enemies":"2 Louse","floor":2,"turns":1},{"damage":0,"enemies":"conspire:RoseBush","floor":4,"turns":1},{"damage":4,"enemies":"3 Louse","floor":5,"turns":4},{"damage":43,"enemies":"Gremlin Nob","floor":6,"turns":5},{"damage":14,"enemies":"3 Sentries","floor":8,"turns":5},{"damage":0,"enemies":"2 Fungi Beasts","floor":10,"turns":3},{"damage":11,"enemies":"Lagavulin","floor":12,"turns":5},{"damage":0,"enemies":"Looter","floor":13,"turns":3},{"damage":8,"enemies":"Exordium Thugs","floor":14,"turns":4},{"damage":0,"enemies":"The Guardian","floor":16,"turns":12}],"seed_played":"7842196089409027512","potions_obtained":[{"floor":5,"key":"SteroidPotion"},{"floor":10,"key":"jedi:StrikingPotion"},{"floor":12,"key":"Strength Potion"},{"floor":14,"key":"Weak Potion"}],"is_trial":false,"path_per_floor":["M","M","$","M","M","E","R","E","T","M","?","E","M","M","R","B"],"character_chosen":"THE_SILENT","items_purchased":["RoseTintedShades","Paper Crane","Lizard Tail","Omamori","MostiFishMod:PerfectParry","Orrery","MostiFishMod:KingOfFree"],"campfire_rested":2,"item_purchase_floors":[3,3,3,3,3,3,3],"current_hp_per_floor":[59,59,59,59,56,15,34,22,22,23,23,13,14,7,26,30,30],"gold":378,"neow_bonus":"THREE_ENEMY_KILL","is_daily":false,"chose_seed":false,"campfire_upgraded":0,"win_rate":0.0,"timestamp":1607658517,"path_taken":["M","M","?","M","?","E","R","E","T","M","?","E","M","M","R","BOSS"],"items_purchased_type":["Relic","Relic","Relic","Relic","Card","Relic","Card"],"build_version":"2020-11-30","purchased_purges":1,"victory":false,"max_hp_per_floor":[66,66,66,66,66,66,66,66,66,66,66,66,66,66,66,66,66],"card_choices":[{"not_picked":["Dagger Spray","Deadly Poison","Accuracy"],"picked":"SKIP","floor":1},{"not_picked":["Poisoned Stab","Underhanded Strike","Terror"],"picked":"MostiFishMod:PerfectParry","floor":2},{"not_picked":["Underhanded Strike","Escape Plan","Flying Knee"],"picked":"Backstab","floor":3},{"not_picked":["Slice","Blade Dance","Poisoned Stab"],"picked":"Quick Slash","floor":3},{"not_picked":["StuffTheSpire:Injection","StuffTheSpire:BrimstoneBlast","Dagger Throw"],"picked":"Prepared","floor":3},{"not_picked":["Dagger Spray","Setup","Bane","Dagger Throw"],"picked":"SKIP","floor":4},{"not_picked":["Quick Slash","Caltrops","StuffTheSpire:Python","Blade Dance"],"picked":"SKIP","floor":5},{"not_picked":["Venomology","StuffTheSpire:Repulse","Deflect","StuffTheSpire:Injection"],"picked":"SKIP","floor":6},{"not_picked":["StuffTheSpire:Injection","Endless Agony","Masterful Stab","hubris:SlightOfHand"],"picked":"hexamod:StepThrough","floor":8},{"not_picked":["Underhanded Strike","Flechettes","Calculated Gamble","Infinite Blades","hexamod:ShieldOfDarkness"],"picked":"SKIP","floor":10},{"not_picked":["Tools of the Trade","MostiFishMod:PerfectParry","Bane","Outmaneuver"],"picked":"hexamod:SecondSeal","floor":12},{"not_picked":["Flying Knee","conspire:DoublingDagger","Deflect","hexamod:Rewind"],"picked":"Backstab","floor":13},{"not_picked":["MostiFishMod:PerfectParry","Poisoned Stab","hubris:SlightOfHand","Dodge and Roll","hexamod:GhostOfSpirePast"],"picked":"SKIP","floor":14},{"not_picked":["Adrenaline","Corpse Explosion","Bullet Time","hexamod:SearingWound"],"picked":"MostiFishMod:GrandStart","floor":16}],"player_experience":416134,"relics_obtained":[{"floor":1,"key":"Question Card"},{"floor":6,"key":"hubris:DisguiseKit"},{"floor":8,"key":"halation:IllGainedPizza"},{"floor":12,"key":"jedi:cryingmask"},{"floor":16,"key":"ImportantClient"}],"event_choices":[],"is_beta":false,"boss_relics":[],"items_purged_floors":[3],"is_endless":false,"potions_floor_spawned":[5,6,10,12,14],"killed_by":"The Guardian","ascension_level":14}}