{"host":"j36qkj20jqndbw01","time":1607691669,"event":{"mods":["AchievementEnabler","BaseMod","Colored Map","DeckTracker","Highlight Path","Keyboard Shortcuts","Minty Spire (QoL Compilation)","Quick Restart","Relic Stats","StSLib","SuperFastMode","everything is the same but u backflip on backflip"],"gold_per_floor":[112,37,56,21,21,21,54,70,95,95,95,108,108,134,134,211,211,228,240,254,254,254],"floor_reached":21,"playtime":564,"items_purged":["Strike_B"],"score":359,"play_id":"5a1a8814-2fc4-4326-9b69-813c0e226a34","local_time":"20201211220109","is_ascension_mode":true,"campfire_choices":[{"data":"Zap","floor":6.0,"key":"SMITH"},{"data":"Go for the Eyes","floor":11.0,"key":"SMITH"},{"floor":13.0,"key":"REST"},{"data":"Lockon","floor":15.0,"key":"SMITH"}],"circlet_count":0,"master_deck":["AscendersBane","Strike_B","Strike_B","Strike_B","Defend_B","Defend_B","Defend_B","Defend_B","Zap+1","Dualcast","Go for the Eyes+1","Sweeping Beam","Ball Lightning","Chill","Lockon+1","Echo Form","Turbo+1","Loop"],"relics":["Cracked Core","Blood Vial","Regal Pillow","Torii","Omamori","Calling Bell","DataDisk","Ornamental Fan","Unceasing Top"],"acts_visited":["Exordium","TheCity"],"potions_floor_usage":[21],"damage_taken":[{"damage":1.0,"enemies":"Cultist","floor":1.0,"turns":3.0},{"damage":11.0,"enemies":"Small Slimes","floor":3.0,"turns":4.0},{"damage":56.0,"enemies":"Lagavulin","floor":7.0,"turns":8.0},{"damage":2.0,"enemies":"Jaw Worm","floor":8.0,"turns":3.0},{"damage":6.0,"enemies":"Blue Slaver","floor":12.0,"turns":2.0},{"damage":24.0,"enemies":"Gremlin Nob","floor":14.0,"turns":4.0},{"damage":19.0,"enemies":"Hexaghost","floor":16.0,"turns":9.0},{"damage":21.0,"enemies":"2 Thieves","floor":18.0,"turns":4.0},{"damage":19.0,"enemies":"Shell Parasite","floor":19.0,"turns":4.0},{"damage":11.0,"enemies":"Snecko","floor":20.0,"turns":5.0},{"damage":38,"enemies":"Masked Bandits","floor":21,"turns":3}],"seed_played":"5279789847068017982","potions_obtained":[{"floor":3.0,"key":"SpeedPotion"},{"floor":7.0,"key":"SkillPotion"},{"floor":14.0,"key":"Fruit Juice"},{"floor":16.0,"key":"Swift Potion"},{"floor":19.0,"key":"PowerPotion"}],"is_trial":false,"path_per_floor":["M","$","M","?","$","R","E","M","T","?","R","M","R","E","R","B",null,"M","M","M","?"],"character_chosen":"DEFECT","items_purchased":[],"campfire_rested":1,"item_purchase_floors":[],"current_hp_per_floor":[70,70,59,78,78,78,22,22,22,22,22,18,56,34,34,22,68,49,32,23,0,0],"gold":254,"neow_bonus":"TEN_PERCENT_HP_BONUS","is_daily":false,"chose_seed":false,"campfire_upgraded":3,"win_rate":0.0,"timestamp":1607691669,"path_taken":["M","?","M","?","$","R","E","M","T","?","R","?","R","E","R","BOSS","M","M","M","?"],"items_purchased_type":[],"build_version":"2020-11-30","purchased_purges":1,"victory":false,"max_hp_per_floor":[78,78,78,78,78,78,78,78,78,78,78,78,78,78,78,83,83,83,83,83,83,83],"relic_stats":{"Blood Vial":16,"Regal Pillow":15,"Torii":17,"counters":[11,49],"Ornamental Fan":[20],"obtain_stats":[{"Blood Vial":7,"Calling Bell":17,"Regal Pillow":9,"DataDisk":17,"Torii":10,"Ornamental Fan":17,"Omamori":14,"Cracked Core":0,"Unceasing Top":17},{"Blood Vial":3,"Calling Bell":7,"Regal Pillow":4,"DataDisk":7,"Torii":4,"Ornamental Fan":7,"Omamori":6,"Cracked Core":0,"Unceasing Top":7},{"Blood Vial":15,"Calling Bell":33,"Regal Pillow":18,"DataDisk":33,"Torii":18,"Ornamental Fan":33,"Omamori":24,"Cracked Core":0,"Unceasing Top":33}],"Unceasing Top":[1]},"card_choices":[{"not_picked":["Turbo","Force Field"],"picked":"Go for the Eyes","floor":1.0},{"not_picked":["Redo","Streamline"],"picked":"Sweeping Beam","floor":3.0},{"not_picked":["Reboot","Compile Driver"],"picked":"Ball Lightning","floor":7.0},{"not_picked":["Leap","Reprogram"],"picked":"Chill","floor":8.0},{"not_picked":["Rebound","Compile Driver"],"picked":"Lockon","floor":12.0},{"not_picked":["Aggregate","Barrage","Multi-Cast"],"picked":"SKIP","floor":14.0},{"not_picked":["Machine Learning","Core Surge"],"picked":"Echo Form","floor":16.0},{"not_picked":["Beam Cell","Undo"],"picked":"Turbo+1","floor":18.0},{"not_picked":["Conserve Battery","Skim"],"picked":"Loop","floor":19.0},{"not_picked":["Steam","Hologram","Sweeping Beam"],"picked":"SKIP","floor":20.0}],"player_experience":1734942,"relics_obtained":[{"floor":7.0,"key":"Blood Vial"},{"floor":9.0,"key":"Regal Pillow"},{"floor":14.0,"key":"Omamori"},{"floor":17.0,"key":"DataDisk"},{"floor":17.0,"key":"Ornamental Fan"},{"floor":17.0,"key":"Unceasing Top"}],"event_choices":[{"damage_healed":19.0,"max_hp_gain":0.0,"max_hp_loss":0.0,"gold_gain":0.0,"event_name":"The Cleric","player_choice":"Healed","floor":4.0,"gold_loss":35.0,"damage_taken":0.0},{"damage_healed":0.0,"max_hp_gain":0.0,"max_hp_loss":0.0,"gold_gain":0.0,"event_name":"WeMeetAgain","player_choice":"Gave Potion","floor":10.0,"gold_loss":0.0,"damage_taken":0.0,"relics_obtained":["Torii"]},{"damage_healed":0,"gold_gain":0,"player_choice":"Fought Bandits","damage_taken":0,"max_hp_gain":0,"max_hp_loss":0,"event_name":"Masked Bandits","floor":21,"gold_loss":0}],"is_beta":false,"boss_relics":[{"not_picked":["Velvet Choker","FrozenCore"],"picked":"Calling Bell"}],"items_purged_floors":[2],"is_endless":false,"potions_floor_spawned":[3,7,14,16,19,20],"killed_by":"Masked Bandits","ascension_level":18}}