{"host":"s3jdrsvh3xoy435f","time":1607650913,"event":{"mods":["2.2 Compatiblity","AchievementEnabler","BaseMod","Better Note","Better Sensory Stone","BetterRewards","Hubris","Minty Spire (QoL Compilation)","Permanent Neow","Rare Cards Sparkle","SacredBarkPlus","Shop Mod","StSLib","The Accelerator","The Bug Knight","The Wild Card","Transform Curses","themimic"],"gold_per_floor":[114,127,146,146,157,186,186,199,199,274,290,45,45,57,57,156,156,171,181,181,181],"floor_reached":20,"playtime":1688,"items_purged":[],"score":306,"play_id":"f2e298b9-aee7-4187-84d5-5eefef72d0b7","local_time":"20201210204153","is_ascension_mode":true,"campfire_choices":[{"floor":7,"key":"REST"},{"floor":13,"key":"RECALL"},{"floor":15,"key":"REST"}],"circlet_count":0,"master_deck":["Strike_G","Strike_G","Strike_G","Strike_G","Strike_G","Defend_G","Defend_G","Defend_G","Defend_G","Defend_G","Survivor","Neutralize","Cloak And Dagger","Infinite Blades","Choke","Distraction","Skewer","Caltrops","hubris:SlightOfHand","Dagger Throw","After Image","Accuracy","Noxious Fumes","Bane","Outmaneuver","Corpse Explosion","Blade Dance","Poisoned Stab"],"relics":["Ring of the Snake","Unceasing Top","Nunchaku","Omamori","hubris:Icosahedron","hubris:Metronome","Lantern","Black Star"],"acts_visited":["Exordium","TheCity"],"potions_floor_usage":[],"damage_taken":[{"damage":10,"enemies":"Small Slimes","floor":1,"turns":4},{"damage":2,"enemies":"2 Louse","floor":2,"turns":3},{"damage":6,"enemies":"Jaw Worm","floor":3,"turns":3},{"damage":12,"enemies":"Blue Slaver","floor":5,"turns":3},{"damage":25,"enemies":"Lagavulin","floor":6,"turns":7},{"damage":0,"enemies":"Exordium Wildlife","floor":8,"turns":3},{"damage":0,"enemies":"Lots of Slimes","floor":11,"turns":3},{"damage":0,"enemies":"Blue Slaver","floor":14,"turns":3},{"damage":19,"enemies":"Hexaghost","floor":16,"turns":6},{"damage":30,"enemies":"2 Thieves","floor":18,"turns":3},{"damage":8,"enemies":"Spheric Guardian","floor":19,"turns":4},{"damage":42,"enemies":"Centurion and Healer","floor":20,"turns":4}],"seed_played":"8698981534255818084","potions_obtained":[{"floor":1,"key":"SteroidPotion"},{"floor":8,"key":"Weak Potion"},{"floor":11,"key":"Dexterity Potion"}],"is_trial":false,"path_per_floor":["M","M","M","?","M","E","R","M","T","?","M","$","R","M","R","B",null,"M","M","M"],"character_chosen":"THE_SILENT","items_purchased":["Nunchaku","Omamori","Cloak And Dagger","Infinite Blades","Choke","Lantern","Noxious Fumes","Bane"],"campfire_rested":2,"item_purchase_floors":[0,0,0,0,0,12,12,12],"current_hp_per_floor":[60,58,52,52,40,15,36,36,36,25,25,25,25,25,46,27,70,40,32,0,0],"gold":181,"neow_bonus":"","is_daily":false,"chose_seed":false,"campfire_upgraded":0,"win_rate":0.0,"timestamp":1607650913,"path_taken":["M","M","M","?","M","E","R","M","T","?","M","?","R","M","R","BOSS","M","M","M"],"items_purchased_type":["Relic","Relic","Card","Card","Card","Relic","Card","Card"],"build_version":"2020-11-30","purchased_purges":0,"victory":false,"max_hp_per_floor":[70,70,70,70,70,70,70,70,70,70,70,70,70,70,70,70,70,70,70,70,70],"card_choices":[{"not_picked":["Blur","Dash"],"picked":"Distraction","floor":1},{"not_picked":["Prepared","Sucker Punch"],"picked":"Skewer","floor":2},{"not_picked":["Backflip","Flying Knee"],"picked":"Caltrops","floor":3},{"not_picked":["Infinite Blades","Reflex"],"picked":"hubris:SlightOfHand","floor":5},{"not_picked":["Acrobatics","All Out Attack"],"picked":"Dagger Throw","floor":6},{"not_picked":["Prepared","Poisoned Stab"],"picked":"After Image","floor":8},{"not_picked":["Distraction","Caltrops"],"picked":"Accuracy","floor":11},{"not_picked":["Deadly Poison","Acrobatics"],"picked":"Outmaneuver","floor":14},{"not_picked":["Wraith Form v2","Doppelganger"],"picked":"Corpse Explosion","floor":16},{"not_picked":["Deadly Poison","Dodge and Roll"],"picked":"Blade Dance","floor":18},{"not_picked":["Deadly Poison","Slice"],"picked":"Poisoned Stab","floor":19}],"player_experience":165978,"relics_obtained":[{"floor":6,"key":"hubris:Metronome"}],"event_choices":[{"damage_healed":0,"gold_gain":75,"player_choice":"Gather Gold","damage_taken":11,"max_hp_gain":0,"max_hp_loss":0,"event_name":"World of Goop","floor":10,"gold_loss":0}],"is_beta":false,"boss_relics":[{"not_picked":["SacredBark","Fusion Hammer"],"picked":"Black Star"}],"items_purged_floors":[],"is_endless":false,"potions_floor_spawned":[1,8,11,18],"killed_by":"Centurion and Healer","ascension_level":2}}