{"host":"2se5dq1do2gp0x9k","time":1607670592,"event":{"mods":["AchievementEnabler","BaseMod","Block Reminder","Colored Map","Colored Powertips","Minty Spire (QoL Compilation)","Relic Stats","StSLib","SuperFastMode"],"gold_per_floor":[113,125,125,145,155,181,181,4,29,29,29,62,62,77,77,155,155,172,172,183,196,206,241,241,272,272,272,272,272,300,313,313,387,387,406,149,165,176,10,10,35,35,87,105,121,156,156,156,156,156,156],"floor_reached":50,"playtime":1595,"items_purged":["Strike_B","Dualcast","Zap"],"score":1165,"play_id":"a29b6e7b-e86e-4ec9-989c-d5cf58a2e3b5","local_time":"20201210230952","is_ascension_mode":true,"campfire_choices":[{"data":"Hologram","floor":7.0,"key":"SMITH"},{"data":"Redo","floor":10.0,"key":"SMITH"},{"floor":13.0,"key":"REST"},{"floor":15.0,"key":"REST"},{"floor":27.0,"key":"REST"},{"floor":29.0,"key":"REST"},{"floor":32.0,"key":"REST"},{"data":"Coolheaded","floor":40.0,"key":"SMITH"},{"floor":42.0,"key":"REST"},{"data":"Thinking Ahead","floor":49,"key":"SMITH"}],"circlet_count":0,"master_deck":["AscendersBane","Defend_B","Defend_B","Defend_B","Defend_B","Gash","Gash","Hologram+1","Electrodynamics","Gash","Gash","Redo+1","Gash","FTL","All For One","Leap+1","Steam+1","Chill","Coolheaded+1","Leap","RitualDagger","Coolheaded","Coolheaded+1","All For One","Go for the Eyes","Self Repair","Static Discharge","Dramatic Entrance+1","Thinking Ahead+1","The Bomb"],"relics":["FrozenCore","NeowsBlessing","Lantern","PreservedInsect","Art of War","Empty Cage","CultistMask","Thread and Needle","Ornamental Fan","Juzu Bracelet","Toolbox","Happy Flower","Bronze Scales","Molten Egg 2"],"acts_visited":["Exordium","TheCity","TheBeyond"],"potions_floor_usage":[46,50,50],"damage_taken":[{"damage":0.0,"enemies":"Jaw Worm","floor":1.0,"turns":1.0},{"damage":0.0,"enemies":"Cultist","floor":2.0,"turns":1.0},{"damage":0.0,"enemies":"2 Louse","floor":4.0,"turns":1.0},{"damage":11.0,"enemies":"Looter","floor":5.0,"turns":2.0},{"damage":15.0,"enemies":"3 Sentries","floor":6.0,"turns":5.0},{"damage":15.0,"enemies":"Lagavulin","floor":12.0,"turns":5.0},{"damage":4.0,"enemies":"Lots of Slimes","floor":14.0,"turns":3.0},{"damage":31.0,"enemies":"The Guardian","floor":16.0,"turns":6.0},{"damage":2.0,"enemies":"Chosen","floor":18.0,"turns":3.0},{"damage":19.0,"enemies":"2 Thieves","floor":20.0,"turns":3.0},{"damage":6.0,"enemies":"3 Cultists","floor":21.0,"turns":3.0},{"damage":6.0,"enemies":"Chosen and Byrds","floor":22.0,"turns":4.0},{"damage":1.0,"enemies":"Gremlin Leader","floor":23.0,"turns":4.0},{"damage":13.0,"enemies":"Slavers","floor":25.0,"turns":3.0},{"damage":11.0,"enemies":"Gremlin Leader","floor":30.0,"turns":4.0},{"damage":2.0,"enemies":"Snecko","floor":31.0,"turns":7.0},{"damage":19.0,"enemies":"Collector","floor":33.0,"turns":6.0},{"damage":0.0,"enemies":"Orb Walker","floor":35.0,"turns":4.0},{"damage":3.0,"enemies":"3 Shapes","floor":37.0,"turns":3.0},{"damage":14.0,"enemies":"3 Darklings","floor":38.0,"turns":4.0},{"damage":20.0,"enemies":"Reptomancer","floor":41.0,"turns":6.0},{"damage":0.0,"enemies":"Jaw Worm Horde","floor":44.0,"turns":5.0},{"damage":6.0,"enemies":"Sphere and 2 Shapes","floor":45.0,"turns":5.0},{"damage":22,"enemies":"Giant Head","floor":46,"turns":5},{"damage":64,"enemies":"Time Eater","floor":50,"turns":5}],"seed_played":"2967676324093527465","potions_obtained":[{"floor":1.0,"key":"FearPotion"},{"floor":5.0,"key":"SneckoOil"},{"floor":12.0,"key":"Strength Potion"},{"floor":14.0,"key":"Strength Potion"},{"floor":21.0,"key":"PotionOfCapacity"},{"floor":22.0,"key":"BlessingOfTheForge"},{"floor":30.0,"key":"Weak Potion"},{"floor":37.0,"key":"Weak Potion"},{"floor":41.0,"key":"SteroidPotion"},{"floor":45.0,"key":"PowerPotion"},{"floor":46,"key":"PowerPotion"}],"is_trial":false,"path_per_floor":["M","M","?","M","M","E","R","$","T","R","?","E","R","M","R","B",null,"M","?","M","M","M","E","?","E","T","R","?","R","E","M","R","B",null,"M","$","M","M","$","R","E","R","T","M","M","E","?","?","R","B"],"character_chosen":"DEFECT","items_purchased":["Gash","Redo","Toolbox","Self Repair"],"campfire_rested":6,"item_purchase_floors":[8,8,36,39],"current_hp_per_floor":[64,64,54,54,43,28,28,28,28,28,28,13,34,30,51,20,58,56,56,37,31,25,24,18,5,5,26,26,47,36,34,55,36,62,62,62,59,45,45,45,32,53,53,53,47,32,22,58,58,0,0],"gold":156,"neow_bonus":"THREE_ENEMY_KILL","is_daily":false,"chose_seed":false,"campfire_upgraded":4,"win_rate":0.0,"timestamp":1607670592,"path_taken":["M","M","?","?","M","E","R","$","T","R","?","E","R","?","R","BOSS","M","?","M","M","?","E","?","E","T","R","?","R","E","M","R","BOSS","M","?","M","M","$","R","E","R","T","M","M","E","?","?","R","BOSS"],"items_purchased_type":["Card","Card","Relic","Card"],"build_version":"2020-11-30","purchased_purges":3,"victory":false,"max_hp_per_floor":[71,71,71,71,71,71,71,71,71,71,71,71,71,71,71,71,71,71,71,71,71,71,71,71,71,71,71,71,71,71,71,71,71,71,71,71,71,71,71,71,71,71,71,71,71,71,71,58,58,58,58],"relic_stats":{"Happy Flower":[6],"counters":[25,98],"Ornamental Fan":[148],"Bronze Scales":[48],"PreservedInsect":359,"Art of War":[5],"Juzu Bracelet":1,"obtain_stats":[{"Lantern":6,"NeowsBlessing":0,"Happy Flower":41,"Thread and Needle":23,"PreservedInsect":9,"Juzu Bracelet":30,"Empty Cage":17,"FrozenCore":34,"Ornamental Fan":25,"Bronze Scales":43,"Toolbox":36,"Molten Egg 2":46,"CultistMask":19,"Art of War":12,"Cracked Core":0},{"Lantern":5,"NeowsBlessing":0,"Happy Flower":21,"Thread and Needle":13,"PreservedInsect":5,"Juzu Bracelet":15,"Empty Cage":8,"FrozenCore":17,"Ornamental Fan":14,"Bronze Scales":21,"Toolbox":18,"Molten Egg 2":24,"CultistMask":9,"Art of War":6,"Cracked Core":0},{"Lantern":10,"NeowsBlessing":0,"Happy Flower":78,"Thread and Needle":41,"PreservedInsect":10,"Juzu Bracelet":48,"Empty Cage":24,"FrozenCore":61,"Ornamental Fan":44,"Bronze Scales":78,"Toolbox":65,"Molten Egg 2":93,"CultistMask":27,"Art of War":15,"Cracked Core":0}],"FrozenCore":[7]},"card_choices":[{"not_picked":["Consume","Streamline"],"picked":"Gash","floor":1.0},{"not_picked":["Heatsinks","Streamline"],"picked":"Gash","floor":2.0},{"not_picked":["Double Energy","BootSequence"],"picked":"Hologram","floor":4.0},{"not_picked":["Auto Shields","Barrage"],"picked":"Electrodynamics","floor":5.0},{"not_picked":["Auto Shields","FTL"],"picked":"Gash","floor":6.0},{"not_picked":["Fusion","Turbo"],"picked":"Gash","floor":12.0},{"not_picked":["Rebound","Loop"],"picked":"FTL","floor":14.0},{"not_picked":["Reboot","Fission"],"picked":"All For One","floor":16.0},{"not_picked":["Rebound","White Noise"],"picked":"Leap+1","floor":18.0},{"not_picked":["Stack","Ball Lightning"],"picked":"Steam+1","floor":20.0},{"not_picked":["Hello World","Sweeping Beam"],"picked":"Chill","floor":21.0},{"not_picked":["Amplify","Genetic Algorithm"],"picked":"Coolheaded","floor":22.0},{"not_picked":["Blizzard","Lockon"],"picked":"Leap","floor":23.0},{"not_picked":["Turbo","Core Surge","White Noise"],"picked":"SKIP","floor":25.0},{"not_picked":["Rebound","Gash"],"picked":"Coolheaded","floor":30.0},{"not_picked":["Compile Driver+1","Doom and Gloom"],"picked":"Coolheaded+1","floor":31.0},{"not_picked":["Multi-Cast","Echo Form"],"picked":"All For One","floor":33.0},{"not_picked":["Conserve Battery","Defragment","Capacitor"],"picked":"SKIP","floor":35.0},{"not_picked":["Glacier","White Noise","Redo"],"picked":"SKIP","floor":37.0},{"not_picked":["Self Repair","Force Field"],"picked":"Go for the Eyes","floor":38.0},{"not_picked":["Amplify","Auto Shields"],"picked":"Static Discharge","floor":41.0},{"not_picked":["Streamline","White Noise","Coolheaded"],"picked":"SKIP","floor":44.0},{"not_picked":["Gash+1","Force Field","Sunder"],"picked":"SKIP","floor":45.0},{"not_picked":["Storm","Glacier","Darkness"],"picked":"SKIP","floor":46},{"not_picked":["Mind Blast+1","Discovery"],"picked":"Dramatic Entrance+1","floor":47},{"not_picked":["Jack Of All Trades","Bandage Up"],"picked":"Thinking Ahead","floor":47},{"not_picked":["Forethought","Enlightenment"],"picked":"The Bomb","floor":47}],"player_experience":3602319,"relics_obtained":[{"floor":6.0,"key":"Lantern"},{"floor":9.0,"key":"PreservedInsect"},{"floor":12.0,"key":"Art of War"},{"floor":23.0,"key":"Thread and Needle"},{"floor":25.0,"key":"Ornamental Fan"},{"floor":30.0,"key":"Juzu Bracelet"},{"floor":41.0,"key":"Happy Flower"},{"floor":43.0,"key":"Bronze Scales"},{"floor":46,"key":"Molten Egg 2"}],"event_choices":[{"damage_healed":0.0,"max_hp_gain":0.0,"max_hp_loss":0.0,"gold_gain":0.0,"event_name":"Wheel of Change","player_choice":"Damaged","floor":3.0,"gold_loss":0.0,"damage_taken":10.0},{"cards_removed":["Strike_B"],"damage_healed":0.0,"max_hp_gain":0.0,"max_hp_loss":0.0,"gold_gain":0.0,"event_name":"Purifier","player_choice":"Purged","floor":11.0,"gold_loss":0.0,"damage_taken":0.0},{"damage_healed":0.0,"max_hp_gain":0.0,"max_hp_loss":0.0,"gold_gain":0.0,"event_name":"FaceTrader","player_choice":"Trade","floor":19.0,"gold_loss":0.0,"damage_taken":0.0,"relics_obtained":["CultistMask"]},{"damage_healed":0.0,"max_hp_gain":0.0,"max_hp_loss":0.0,"gold_gain":0.0,"event_name":"Nest","player_choice":"Joined the Cult","floor":24.0,"gold_loss":0.0,"damage_taken":6.0,"cards_obtained":["RitualDagger"]},{"damage_healed":0.0,"max_hp_gain":0.0,"max_hp_loss":0.0,"gold_gain":0.0,"event_name":"N\u0027loth","player_choice":"Ignored","floor":28.0,"gold_loss":0.0,"damage_taken":0.0},{"damage_healed":0,"gold_gain":0,"player_choice":"Memory 3","damage_taken":10,"max_hp_gain":0,"max_hp_loss":0,"event_name":"SensoryStone","floor":47,"gold_loss":0},{"damage_healed":58,"gold_gain":0,"player_choice":"Heal","damage_taken":0,"max_hp_gain":0,"max_hp_loss":13,"event_name":"The Moai Head","floor":48,"gold_loss":0}],"is_beta":false,"boss_relics":[{"not_picked":["SacredBark","Velvet Choker"],"picked":"Empty Cage"},{"not_picked":["Philosopher\u0027s Stone","Sozu"],"picked":"FrozenCore"}],"items_purged_floors":[8,36,39],"is_endless":false,"potions_floor_spawned":[1,5,12,14,21,22,30,37,41,45,46],"killed_by":"Time Eater","ascension_level":20}}