{"host":"p7j7o00jacnw7qzt","time":1607665959,"event":{"mods":["BaseMod","Colored Map","Colored Powertips","DeckTracker","Highlight Path","Minty Spire (QoL Compilation)","Relic Stats"],"gold_per_floor":[112,123,48,48,48,48,77,77,154,154,172,172,192,60,60,139,139,150,170,185,185,185,185,216,62,85,85,85,117,130,130,130,204,204,223,223,223,223],"floor_reached":37,"playtime":1484,"items_purged":["Strike_R","Anger"],"score":856,"play_id":"3fe7301d-5255-4dd1-8a50-ae86ce558d5e","local_time":"20201211005239","is_ascension_mode":true,"campfire_choices":[{"data":"Whirlwind","floor":6.0,"key":"SMITH"},{"data":"Shockwave","floor":8.0,"key":"SMITH"},{"floor":10.0,"key":"RECALL"},{"data":"Sword Boomerang","floor":15.0,"key":"SMITH"},{"floor":23.0,"key":"REST"},{"data":"Demon Form","floor":28.0,"key":"SMITH"},{"data":"Limit Break","floor":32.0,"key":"SMITH"}],"circlet_count":0,"master_deck":["AscendersBane","Bash+1","Whirlwind+1","Shockwave+1","Feel No Pain","Limit Break","Sword Boomerang+1","Fiend Fire+1","Limit Break+1","Fiend Fire+1","Infernal Blade","Demon Form+1","Impervious","Warcry+1","Seeing Red","Necronomicurse","Bloodletting"],"relics":["Burning Blood","NeowsBlessing","Pen Nib","Gambling Chip","Pear","Pandora\u0027s Box","Whetstone","Art of War","TungstenRod","Necronomicon","Snecko Eye"],"acts_visited":["Exordium","TheCity","TheBeyond"],"potions_floor_usage":[],"damage_taken":[{"damage":0.0,"enemies":"2 Louse","floor":1.0,"turns":1.0},{"damage":0.0,"enemies":"Small Slimes","floor":2.0,"turns":1.0},{"damage":0.0,"enemies":"3 Sentries","floor":7.0,"turns":1.0},{"damage":0.0,"enemies":"Jaw Worm","floor":11.0,"turns":3.0},{"damage":0.0,"enemies":"2 Fungi Beasts","floor":13.0,"turns":3.0},{"damage":26.0,"enemies":"Slime Boss","floor":16.0,"turns":6.0},{"damage":6.0,"enemies":"Chosen","floor":18.0,"turns":4.0},{"damage":13.0,"enemies":"3 Byrds","floor":19.0,"turns":4.0},{"damage":18.0,"enemies":"Snecko","floor":20.0,"turns":5.0},{"damage":13.0,"enemies":"Gremlin Leader","floor":24.0,"turns":6.0},{"damage":32.0,"enemies":"Book of Stabbing","floor":29.0,"turns":4.0},{"damage":8.0,"enemies":"Centurion and Healer","floor":30.0,"turns":4.0},{"damage":44,"enemies":"Collector","floor":33,"turns":6},{"damage":0,"enemies":"Orb Walker","floor":35,"turns":2},{"damage":86,"enemies":"3 Shapes","floor":37,"turns":2}],"seed_played":"708701756377044540","potions_obtained":[{"floor":1.0,"key":"Dexterity Potion"},{"floor":7.0,"key":"Strength Potion"},{"floor":16.0,"key":"FairyPotion"},{"floor":18.0,"key":"EssenceOfSteel"},{"floor":19.0,"key":"ColorlessPotion"},{"floor":30.0,"key":"SpeedPotion"},{"floor":33,"key":"BlessingOfTheForge"}],"is_trial":false,"path_per_floor":["M","M","?","?","?","R","E","R","T","R","M","?","M","$","R","B",null,"M","M","M","?","?","R","E","$","T","?","R","E","M","?","R","B",null,"M","?","M"],"character_chosen":"IRONCLAD","items_purchased":["Sword Boomerang","BloodPotion"],"campfire_rested":1,"item_purchase_floors":[14,25],"current_hp_per_floor":[74,75,75,52,41,41,47,47,57,57,63,63,69,69,69,49,76,76,69,57,32,32,59,52,52,52,52,52,26,42,25,25,33,76,82,82,0,0],"gold":223,"neow_bonus":"THREE_ENEMY_KILL","is_daily":false,"chose_seed":false,"campfire_upgraded":5,"win_rate":0.0,"timestamp":1607665959,"path_taken":["M","M","?","?","?","R","E","R","T","R","M","?","M","$","R","BOSS","M","M","M","?","?","R","E","?","T","?","R","E","M","?","R","BOSS","M","?","M"],"items_purchased_type":["Card","Potion"],"build_version":"2020-11-30","purchased_purges":2,"victory":false,"max_hp_per_floor":[75,75,75,75,75,75,75,75,85,85,85,85,85,85,85,85,85,85,85,85,90,90,90,90,90,90,90,90,90,90,90,90,90,90,90,90,90,90],"relic_stats":{"counters":[15,52],"Gambling Chip":[45],"Snecko Eye":[9,2,5,14],"Pandora\u0027s Box":["Limit Break","Fiend Fire","Infernal Blade","Demon Form","Impervious","Anger"],"Pen Nib":[4],"Art of War":[6],"Necronomicon":[5],"Whetstone":["Fiend Fire","Fiend Fire"],"obtain_stats":[{"Pear":9,"NeowsBlessing":0,"Gambling Chip":7,"Snecko Eye":34,"Pandora\u0027s Box":17,"Pen Nib":5,"Art of War":26,"Necronomicon":31,"Whetstone":24,"Burning Blood":0,"TungstenRod":29},{"Pear":3,"NeowsBlessing":0,"Gambling Chip":3,"Snecko Eye":13,"Pandora\u0027s Box":6,"Pen Nib":2,"Art of War":10,"Necronomicon":12,"Whetstone":10,"Burning Blood":0,"TungstenRod":11},{"Pear":3,"NeowsBlessing":0,"Gambling Chip":3,"Snecko Eye":48,"Pandora\u0027s Box":15,"Pen Nib":2,"Art of War":34,"Necronomicon":42,"Whetstone":34,"Burning Blood":0,"TungstenRod":38}],"Burning Blood":79,"TungstenRod":23},"card_choices":[{"not_picked":["Sword Boomerang","Power Through"],"picked":"Whirlwind","floor":1.0},{"not_picked":["Iron Wave","Wild Strike","Uppercut"],"picked":"SKIP","floor":2.0},{"not_picked":["Heavy Blade","Warcry"],"picked":"Shockwave","floor":7.0},{"not_picked":["Heavy Blade","Body Slam"],"picked":"Feel No Pain","floor":11.0},{"not_picked":["Havoc","Body Slam"],"picked":"Limit Break","floor":13.0},{"not_picked":["Brutality","Immolate"],"picked":"Fiend Fire","floor":16.0},{"not_picked":["Intimidate","Reckless Charge","Fire Breathing"],"picked":"SKIP","floor":18.0},{"not_picked":["True Grit+1","Headbutt"],"picked":"Warcry+1","floor":19.0},{"not_picked":["Armaments","Flex","Wild Strike"],"picked":"SKIP","floor":20.0},{"not_picked":["Clash","Armaments+1","Brutality"],"picked":"SKIP","floor":24.0},{"not_picked":["Wild Strike","Power Through","Iron Wave"],"picked":"SKIP","floor":29.0},{"not_picked":["Headbutt","Reckless Charge"],"picked":"Seeing Red","floor":30.0},{"not_picked":["Wild Strike","Dropkick"],"picked":"Bloodletting","floor":35}],"player_experience":764555,"relics_obtained":[{"floor":7.0,"key":"Gambling Chip"},{"floor":9.0,"key":"Pear"},{"floor":24.0,"key":"Whetstone"},{"floor":26.0,"key":"Art of War"},{"floor":29.0,"key":"TungstenRod"},{"floor":31.0,"key":"Necronomicon"}],"event_choices":[{"cards_removed":["Strike_R"],"damage_healed":0.0,"max_hp_gain":0.0,"max_hp_loss":0.0,"gold_gain":0.0,"event_name":"The Cleric","player_choice":"Card Removal","floor":3.0,"gold_loss":75.0,"damage_taken":0.0},{"damage_healed":0.0,"max_hp_gain":0.0,"max_hp_loss":0.0,"gold_gain":0.0,"event_name":"Shining Light","player_choice":"Entered Light","floor":4.0,"gold_loss":0.0,"damage_taken":23.0,"cards_upgraded":["Bash","Defend_R"]},{"damage_healed":0.0,"max_hp_gain":0.0,"max_hp_loss":0.0,"gold_gain":0.0,"event_name":"Scrap Ooze","player_choice":"Success","floor":5.0,"gold_loss":0.0,"damage_taken":11.0,"relics_obtained":["Pen Nib"]},{"cards_removed":["Strike_R"],"damage_healed":0.0,"max_hp_gain":0.0,"max_hp_loss":0.0,"gold_gain":0.0,"event_name":"Living Wall","player_choice":"Forget","floor":12.0,"gold_loss":0.0,"damage_taken":0.0},{"damage_healed":0.0,"max_hp_gain":5.0,"max_hp_loss":0.0,"gold_gain":0.0,"event_name":"Forgotten Altar","player_choice":"Shed Blood","floor":21.0,"gold_loss":0.0,"damage_taken":30.0},{"damage_healed":0.0,"max_hp_gain":0.0,"max_hp_loss":0.0,"gold_gain":0.0,"event_name":"Vampires","player_choice":"Ignored","floor":22.0,"gold_loss":0.0,"damage_taken":0.0},{"damage_healed":0.0,"max_hp_gain":0.0,"max_hp_loss":0.0,"gold_gain":0.0,"event_name":"The Mausoleum","player_choice":"Ignored","floor":27.0,"gold_loss":0.0,"damage_taken":0.0},{"damage_healed":0.0,"max_hp_gain":0.0,"max_hp_loss":0.0,"gold_gain":0.0,"event_name":"Cursed Tome","player_choice":"Obtained Book","floor":31.0,"gold_loss":0.0,"damage_taken":21.0},{"damage_healed":0,"gold_gain":0,"player_choice":"Ignored","damage_taken":0,"max_hp_gain":0,"max_hp_loss":0,"event_name":"Tomb of Lord Red Mask","floor":36,"gold_loss":0}],"is_beta":false,"boss_relics":[{"not_picked":["SacredBark","Black Blood"],"picked":"Pandora\u0027s Box"},{"not_picked":["Black Star","Runic Pyramid"],"picked":"Snecko Eye"}],"items_purged_floors":[14,25],"is_endless":false,"potions_floor_spawned":[1,7,16,18,19,30,33],"killed_by":"3 Shapes","ascension_level":20}}