{"host":"g1wmg2w41xhsnw8g","time":1607676450,"event":{"mods":["2.2 Compatiblity","Act Like it!","BaseMod","Better Altar","Better Match","Better Note","Better Sensory Stone","Better Skull","Better Third Choice","BetterRewards","Booster Modes","CapriCore","Colored Map","Colored Powertips","Curses Come First","Defuse TimeMaze Blight","Displayed Cursed Tome","Elementarium","Friendly Minions","GifTheSpireLib","Googly Eyes","Infinite Spire","Magitek Elite","Minty Spire (QoL Compilation)","Red Circlet Mod","Relic Sorter","SCP261 Mod","Shop Mod","Spicy Shops","StSLib","The Blackbeard","The Runesmith","The Sage","Transform Curses","Wandering Minibosses","????"],"gold_per_floor":[116,116,127,143,143,143,143,178,178,52,65,65,80,107,107,204,204,219,67,182,135,147,147,157,181,256,261,289,1043,1074,202,202,202,202],"floor_reached":33,"playtime":2843,"items_purged":["Runesmith:Defend_RS"],"score":355,"play_id":"66c44f4e-77a8-4206-aeae-2ae032621ed4","local_time":"20201211034728","is_ascension_mode":true,"campfire_choices":[{"data":"Runesmith:Strike_RS","floor":6,"key":"PURGE"},{"floor":12,"key":"REST"},{"data":"Pain","floor":15,"key":"PURGE"},{"data":"Runesmith:CraftIncendium","floor":23,"key":"SMITH"},{"floor":32,"key":"REST"}],"circlet_count":0,"master_deck":["Runesmith:CraftFirestone","Runesmith:Fortify","Runesmith:Permafrost","Runesmith:LithiumIon","Runesmith:Grindstone","Runesmith:Repurpose","Runesmith:PerfectChisel","Runesmith:Reinforce","Runesmith:DoubleUp","Runesmith:UnlimitedPower","Runesmith:PerfectChisel+1","Runesmith:HammerAndChisel","Runesmith:Overpower+1","Runesmith:CreatorForm","Runesmith:Augment","Runesmith:Permafrost","Runesmith:Firewall","Runesmith:CraftIncendium+1","Runesmith:FrozenChisel+1","Runesmith:Reinforce","Runesmith:CraftMagma+1","Runesmith:HammerTime+1","Runesmith:CraftProtectio","Runesmith:PoweredAnvil","Necronomicurse","Runesmith:RuneHurl+1","Elementarium:StickyTar"],"relics":["Genji_Glove","Runesmith:AutoHammer","Brimstone","TwistedFunnel","blackbeard:TreasureChest","sagemod:Flying_Carpet","SsserpentHead","HandDrill","sagemod:Creepy_Carousel","sagemod:Byrd_Feather","Necronomicon","Runic Capacitor","Black Star","blackbeard:PowderCan","Tingsha","CultistMask","CaptainsWheel","infinitespire:Chaos"],"acts_visited":["Exordium","Exordium"],"potions_floor_usage":[8,11,13,27,28,30,31],"damage_taken":[{"damage":6,"enemies":"Cultist","floor":1,"turns":5},{"damage":10,"enemies":"Small Slimes","floor":3,"turns":3},{"damage":4,"enemies":"Jaw Worm","floor":4,"turns":5},{"damage":50,"enemies":"Gremlin Nob","floor":8,"turns":6},{"damage":2,"enemies":"Exordium Thugs","floor":11,"turns":6},{"damage":6,"enemies":"Lots of Slimes","floor":13,"turns":5},{"damage":18,"enemies":"3 Sentries","floor":14,"turns":9},{"damage":12,"enemies":"The Guardian","floor":16,"turns":9},{"damage":2,"enemies":"Elementarium:2_ELEMENTALS","floor":18,"turns":7},{"damage":8,"enemies":"Elementarium:Cyclone","floor":21,"turns":7},{"damage":16,"enemies":"Elementarium:3_ELEMENTALS","floor":22,"turns":5},{"damage":4,"enemies":"Elementarium:RubyGolem","floor":24,"turns":3},{"damage":8,"enemies":"Nightmare","floor":25,"turns":7},{"damage":4,"enemies":"Elementarium:CYCLONE_AND_ORB_OF_FIRE","floor":27,"turns":5},{"damage":7,"enemies":"Elementarium:ElementalPortal","floor":28,"turns":6},{"damage":37,"enemies":"Elementarium:VOID_CORRUPTION_AND_ORB_OF_FIRE","floor":29,"turns":7},{"damage":1,"enemies":"Elementarium:WarGolem","floor":30,"turns":4},{"damage":54,"enemies":"Elementarium:GolemEmperor","floor":33,"turns":5}],"seed_played":"9063648651810155255","potions_obtained":[{"floor":4,"key":"Block Potion"},{"floor":8,"key":"EssenceOfSteel"},{"floor":11,"key":"EssenceOfSteel"},{"floor":22,"key":"SpeedPotion"},{"floor":24,"key":"sagemod:Wine"},{"floor":25,"key":"SCP261:GirlTearsPotion"},{"floor":27,"key":"SCP261:GirlTearsPotion"},{"floor":29,"key":"SCP261:SweetSwarmPotion"}],"is_trial":false,"path_per_floor":["M","?","M","M","?","R","?","E","T","R","M","R","M","E","R","B",null,"M","$","?","M","M","R","M","NM","T","M","E","M","E","$","R","B"],"character_chosen":"RUNESMITH_CLASS","items_purchased":["MerchantsRug","Runesmith:Permafrost","Runesmith:CraftMedicinae","Sling","Peace Pipe","Molten Egg 2","Happy Flower","infinitespire:Chaos","Runesmith:RuneHurl+1"],"campfire_rested":2,"item_purchase_floors":[0,0,0,0,0,10,19,31,31],"current_hp_per_floor":[64,80,70,66,66,66,66,16,16,16,14,38,32,14,14,14,80,78,78,53,45,41,41,49,41,41,49,42,17,28,28,52,0,0],"gold":202,"neow_bonus":"","is_daily":false,"chose_seed":false,"campfire_upgraded":1,"win_rate":0.0,"timestamp":1607676448,"path_taken":["M","?","M","?","?","R","?","E","T","R","M","R","M","E","R","BOSS","M","$","?","M","M","R","?","NM","T","M","E","?","E","$","R","BOSS"],"items_purchased_type":["Relic","Card","Card","Relic","Relic","Relic","Relic","Relic","Undefined"],"build_version":"2020-11-30","purchased_purges":1,"victory":false,"max_hp_per_floor":[70,80,80,80,80,80,80,80,80,80,80,80,80,80,80,80,80,80,80,80,80,80,80,80,80,80,80,80,80,80,80,80,80,80],"card_choices":[{"not_picked":["Runesmith:Terraform","Runesmith:UnstableHammer"],"picked":"Runesmith:LithiumIon","floor":1},{"not_picked":["Runesmith:HeatExchange","Runesmith:ShiftingStrike"],"picked":"Runesmith:Grindstone","floor":3},{"not_picked":["Runesmith:UnstableHammer","Runesmith:ShiftingStrike"],"picked":"Runesmith:Repurpose","floor":4},{"not_picked":["Runesmith:Retool","Runesmith:Overpower"],"picked":"Runesmith:PerfectChisel","floor":8},{"not_picked":["Runesmith:StaticCage","Runesmith:Overpower+1","Runesmith:LastStand"],"picked":"SKIP","floor":11},{"not_picked":["Runesmith:ShiftingStrike+1","Runesmith:Malloc"],"picked":"Runesmith:Reinforce","floor":13},{"not_picked":["Runesmith:Attraction","Runesmith:PerfectChisel+1"],"picked":"Runesmith:DoubleUp","floor":14},{"not_picked":["Runesmith:Duplicate","Runesmith:CraftPrismatica"],"picked":"Runesmith:UnlimitedPower","floor":16},{"not_picked":["Runesmith:EarthShield","Runesmith:CraftReservo"],"picked":"Runesmith:Firewall","floor":18},{"not_picked":["Runesmith:HeatExchange+1","Runesmith:RuneHurl+1"],"picked":"Runesmith:CraftIncendium","floor":21},{"not_picked":["Runesmith:MakeshiftArmor","Runesmith:PoweredAnvil"],"picked":"Runesmith:FrozenChisel+1","floor":22},{"not_picked":["Runesmith:ChiselStab+1","Runesmith:LastStand"],"picked":"Runesmith:Reinforce","floor":24},{"not_picked":["Runesmith:HeatedChisel+1","Runesmith:HammerThrow+1"],"picked":"Runesmith:CraftMagma+1","floor":25},{"not_picked":["Runesmith:CraftIndustria","Runesmith:CraftProtectio"],"picked":"Runesmith:HammerTime+1","floor":27},{"not_picked":["Runesmith:Reinforce","Runesmith:NanitesCloud+1","Runesmith:Repurpose"],"picked":"SKIP","floor":28},{"not_picked":["Runesmith:HammerThrow+1","Runesmith:StaticCage"],"picked":"Runesmith:CraftProtectio","floor":29},{"not_picked":["Runesmith:UnstableHammer+1","Runesmith:CraftMagma"],"picked":"Runesmith:PoweredAnvil","floor":30}],"player_experience":1022607,"relics_obtained":[{"floor":8,"key":"Blue Candle"},{"floor":9,"key":"Torii"},{"floor":14,"key":"Meat on the Bone"},{"floor":25,"key":"Bag of Marbles"},{"floor":26,"key":"HornCleat"},{"floor":28,"key":"Lizard Tail"},{"floor":29,"key":"wanderingMiniBosses:MasterThiefsPresence"},{"floor":30,"key":"Eternal Feather"}],"event_choices":[{"cards_removed":["Runesmith:CraftMedicinae"],"damage_healed":6,"gold_gain":0,"player_choice":"Offered Rare","damage_taken":0,"max_hp_gain":10,"max_hp_loss":0,"event_name":"Bonfire Elementals","floor":2,"gold_loss":0},{"damage_healed":0,"gold_gain":0,"player_choice":"Rummage","damage_taken":0,"relics_obtained":["WarpedTongs"],"max_hp_gain":0,"max_hp_loss":0,"event_name":"Accursed Blacksmith","floor":7,"gold_loss":0,"cards_obtained":["Pain"]},{"damage_healed":0,"gold_gain":115,"player_choice":"RE GO ","damage_taken":28,"relics_obtained":["Guard_Bracelet"],"max_hp_gain":0,"max_hp_loss":0,"event_name":"betterSkull:BetterSkull","floor":20,"gold_loss":0,"cards_upgraded":[]}],"is_beta":false,"boss_relics":[{"not_picked":["Runesmith:CoreCrystal","Velvet Choker"],"picked":"Pandora\u0027s Box"}],"items_purged_floors":[0],"is_endless":true,"potions_floor_spawned":[4,8,11,22,24,25,27,29],"killed_by":"Elementarium:GolemEmperor","ascension_level":1}}