{"host":"o7j6aatxjwpw1421","time":1607699969,"event":{"mods":["2.2 Compatiblity","BaseMod","Colored Map","DeckTracker","Highlight Path","Keyboard Shortcuts","Minty Spire (QoL Compilation)","Permanent Neow","Quick Restart","StSLib","SuperFastMode","everything is the same but u backflip on backflip"],"gold_per_floor":[116,116,132,207,224,224,234,234,234,252,270,270,23,50,50,151,151,166,185,185,185],"floor_reached":20,"playtime":1111,"items_purged":["Strike_G"],"score":273,"play_id":"ccd1f7c5-b929-43db-8524-0dc846e5a937","local_time":"20201212001929","is_ascension_mode":true,"campfire_choices":[{"data":"Endless Agony","floor":6.0,"key":"SMITH"},{"floor":8.0,"key":"REST"},{"data":"Endless Agony","floor":12.0,"key":"SMITH"},{"data":"Envenom","floor":15.0,"key":"SMITH"}],"circlet_count":0,"master_deck":["AscendersBane","Strike_G+1","Strike_G+1","Defend_G","Defend_G","Defend_G","Defend_G","Defend_G","Survivor","Neutralize","Accuracy","Endless Agony+1","Endless Agony+1","Cloak And Dagger","Bouncing Flask","Deadly Poison","PiercingWail","Reflex","Noxious Fumes","Envenom+1","Burst","Prepared+1"],"relics":["Ring of the Snake","Ninja Scroll","Darkstone Periapt","Black Star"],"acts_visited":["Exordium","TheCity"],"potions_floor_usage":[20,20],"damage_taken":[{"damage":1.0,"enemies":"2 Louse","floor":1.0,"turns":4.0},{"damage":0.0,"enemies":"Small Slimes","floor":3.0,"turns":5.0},{"damage":1.0,"enemies":"Cultist","floor":5.0,"turns":5.0},{"damage":6.0,"enemies":"Blue Slaver","floor":7.0,"turns":6.0},{"damage":0.0,"enemies":"2 Fungi Beasts","floor":10.0,"turns":4.0},{"damage":0.0,"enemies":"Exordium Wildlife","floor":11.0,"turns":3.0},{"damage":10.0,"enemies":"Lagavulin","floor":14.0,"turns":6.0},{"damage":16.0,"enemies":"Slime Boss","floor":16.0,"turns":8.0},{"damage":28,"enemies":"Spheric Guardian","floor":18,"turns":4},{"damage":13,"enemies":"Chosen","floor":19,"turns":5},{"damage":6,"enemies":"Masked Bandits","floor":20,"turns":3}],"seed_played":"1165327613953737104","potions_obtained":[{"floor":1.0,"key":"FearPotion"},{"floor":7.0,"key":"Swift Potion"},{"floor":14.0,"key":"Block Potion"},{"floor":16.0,"key":"SneckoOil"},{"floor":18,"key":"EssenceOfSteel"}],"is_trial":false,"path_per_floor":["M","?","M","?","M","R","M","R","T","M","M","R","$","E","R","B",null,"M","M","?"],"character_chosen":"THE_SILENT","items_purchased":["PiercingWail","Reflex","Noxious Fumes"],"campfire_rested":1,"item_purchase_floors":[13,13,13],"current_hp_per_floor":[44,30,30,23,22,22,16,37,37,37,37,37,37,27,27,11,55,27,14,8,8],"gold":185,"neow_bonus":"TRANSFORM_TWO_CARDS","is_daily":false,"chose_seed":false,"campfire_upgraded":3,"win_rate":0.0,"timestamp":1607699969,"path_taken":["M","?","M","?","M","R","M","R","T","M","?","R","$","E","R","BOSS","M","M","?"],"items_purchased_type":["Card","Card","Card"],"build_version":"2020-11-30","purchased_purges":1,"victory":false,"max_hp_per_floor":[70,70,70,70,70,70,70,70,70,70,70,70,70,70,70,70,70,70,70,70,70],"card_choices":[{"not_picked":["Dodge and Roll","Outmaneuver","Flying Knee"],"picked":"SKIP","floor":1.0},{"not_picked":["Dodge and Roll","Deflect"],"picked":"Endless Agony","floor":3.0},{"not_picked":["Flying Knee","PiercingWail"],"picked":"Cloak And Dagger","floor":5.0},{"not_picked":["Bane","Outmaneuver"],"picked":"Bouncing Flask","floor":7.0},{"not_picked":["Outmaneuver","Eviscerate"],"picked":"Deadly Poison","floor":10.0},{"not_picked":["Sucker Punch","Deadly Poison","Bane"],"picked":"SKIP","floor":11.0},{"not_picked":["Masterful Stab","Slice"],"picked":"Envenom","floor":14.0},{"not_picked":["Glass Knife","Phantasmal Killer"],"picked":"Burst","floor":16.0},{"not_picked":["Backflip","Bane"],"picked":"Prepared+1","floor":18},{"not_picked":["Bouncing Flask+1","Terror","Choke"],"picked":"SKIP","floor":19}],"player_experience":194645,"relics_obtained":[{"floor":9.0,"key":"Ninja Scroll"},{"floor":14.0,"key":"Darkstone Periapt"}],"event_choices":[{"damage_healed":0.0,"max_hp_gain":0.0,"max_hp_loss":0.0,"gold_gain":0.0,"event_name":"Shining Light","player_choice":"Entered Light","floor":2.0,"gold_loss":0.0,"damage_taken":14.0,"cards_upgraded":["Strike_G","Strike_G"]},{"damage_healed":0.0,"max_hp_gain":0.0,"max_hp_loss":0.0,"gold_gain":75.0,"event_name":"FaceTrader","player_choice":"Touch","floor":4.0,"gold_loss":0.0,"damage_taken":7.0},{"damage_healed":0,"gold_gain":0,"player_choice":"Fought Bandits","damage_taken":0,"max_hp_gain":0,"max_hp_loss":0,"event_name":"Masked Bandits","floor":20,"gold_loss":0}],"is_beta":false,"boss_relics":[{"not_picked":["Runic Dome","Cursed Key"],"picked":"Black Star"}],"items_purged_floors":[13],"is_endless":false,"potions_floor_spawned":[1,7,10,14,16,18],"killed_by":"Masked Bandits","ascension_level":11}}