{"host":"v52ntiwll8g9892u","time":1607706867,"event":{"mods":["Aspiration","BaseMod","Marisa£®ÏF”Í°°ƒß¿Ì…≥£©","Minty Spire (QoL Compilation)","StSLib","The Bug Knight"],"gold_per_floor":[119,44,58,58,58,58,69,103,152,152,179,179,209,46,46,118,118,135,185,85,85,96,123,123,152,201,226,101,134,134,152,152,227,277,293,306,320,335,348,348,373,390,438,122,154,154,171,198,198,198,198,198,198,23,55,55],"floor_reached":57,"playtime":2116,"items_purged":["Defend_P","Defend_P","Defend_P","Strike_P","Strike_P"],"score":3572,"play_id":"51538ffb-d29e-4755-bc33-edff12ad3183","local_time":"20201212011427","is_ascension_mode":true,"campfire_choices":[{"data":"Eruption","floor":6.0,"key":"SMITH"},{"data":"Ragnarok","floor":10.0,"key":"SMITH"},{"data":"BowlingBash","floor":12.0,"key":"SMITH"},{"data":"Adaptation","floor":15.0,"key":"SMITH"},{"floor":30.0,"key":"REST"},{"data":"Omniscience","floor":32.0,"key":"SMITH"},{"data":"Omniscience","floor":40.0,"key":"SMITH"},{"data":"InnerPeace","floor":46.0,"key":"SMITH"},{"floor":49.0,"key":"RECALL"}],"circlet_count":0,"master_deck":["AscendersBane","Strike_P","Strike_P+1","Eruption+1","Vigilance","BowlingBash+1","Ragnarok+1","InnerPeace+1","Adaptation+1","Omniscience+1","Wallop","Omniscience+1","Adaptation+1","Prostrate"],"relics":["aspiration:PoetsPen_weak","Matryoshka","Damaru","Omamori","Boot","aspiration:HatOfInfinitePower","Runic Pyramid","aspiration:HummingbirdHeart","Pantograph","Question Card","StrikeDummy","Bag of Preparation","Potion Belt","Pen Nib","Tiny House","Pear","TheAbacus","Happy Flower","Art of War","White Beast Statue"],"acts_visited":["Exordium","TheCity","TheBeyond","TheEnding"],"potions_floor_usage":[56,56],"damage_taken":[{"damage":23.0,"enemies":"Small Slimes","floor":1.0,"turns":4.0},{"damage":0.0,"enemies":"Jaw Worm","floor":3.0,"turns":1.0},{"damage":0.0,"enemies":"Cultist","floor":7.0,"turns":2.0},{"damage":0.0,"enemies":"Gremlin Nob","floor":8.0,"turns":2.0},{"damage":12.0,"enemies":"3 Sentries","floor":11.0,"turns":4.0},{"damage":16.0,"enemies":"Gremlin Nob","floor":13.0,"turns":3.0},{"damage":0.0,"enemies":"Slime Boss","floor":16.0,"turns":4.0},{"damage":5.0,"enemies":"3 Byrds","floor":18.0,"turns":2.0},{"damage":16.0,"enemies":"Shell Parasite","floor":22.0,"turns":3.0},{"damage":19.0,"enemies":"Slavers","floor":23.0,"turns":3.0},{"damage":1.0,"enemies":"Book of Stabbing","floor":25.0,"turns":2.0},{"damage":0.0,"enemies":"Gremlin Leader","floor":27.0,"turns":3.0},{"damage":0.0,"enemies":"Book of Stabbing","floor":29.0,"turns":2.0},{"damage":0.0,"enemies":"Centurion and Healer","floor":31.0,"turns":2.0},{"damage":8.0,"enemies":"Automaton","floor":33.0,"turns":4.0},{"damage":0.0,"enemies":"Orb Walker","floor":35.0,"turns":1.0},{"damage":15.0,"enemies":"3 Shapes","floor":36.0,"turns":3.0},{"damage":0.0,"enemies":"Maw","floor":37.0,"turns":3.0},{"damage":0.0,"enemies":"3 Darklings","floor":38.0,"turns":1.0},{"damage":10.0,"enemies":"Writhing Mass","floor":39.0,"turns":3.0},{"damage":0.0,"enemies":"Nemesis","floor":41.0,"turns":3.0},{"damage":5.0,"enemies":"Maw","floor":42.0,"turns":3.0},{"damage":6.0,"enemies":"Giant Head","floor":45.0,"turns":4.0},{"damage":0.0,"enemies":"3 Darklings","floor":47.0,"turns":2.0},{"damage":0.0,"enemies":"Nemesis","floor":48.0,"turns":1.0},{"damage":0.0,"enemies":"Time Eater","floor":50.0,"turns":3.0},{"damage":0.0,"enemies":"Awakened One","floor":51.0,"turns":5.0},{"damage":0.0,"enemies":"Shield and Spear","floor":55.0,"turns":2.0},{"damage":2,"enemies":"The Heart","floor":56,"turns":6}],"seed_played":"-3177680118695882806","potions_obtained":[{"floor":3.0,"key":"DuplicationPotion"},{"floor":8.0,"key":"SteroidPotion"},{"floor":18.0,"key":"SteroidPotion"},{"floor":25.0,"key":"EssenceOfSteel"},{"floor":27.0,"key":"LiquidBronze"},{"floor":29.0,"key":"BlessingOfTheForge"},{"floor":31.0,"key":"DuplicationPotion"},{"floor":34.0,"key":"LiquidMemories"},{"floor":35.0,"key":"Energy Potion"},{"floor":39.0,"key":"SteroidPotion"},{"floor":47.0,"key":"Ancient Potion"}],"is_trial":false,"path_per_floor":["M","?","M","?","?","R","M","E","T","R","E","R","E","$","R","B",null,"M","?","$","T","M","E","$","E","T","E","$","E","R","M","R","B",null,"M","M","M","M","M","R","E","M","T","$","E","R","M","E","R","B","B",null,"R","$","E","B",null],"character_chosen":"WATCHER","items_purchased":["Adaptation","TheAbacus"],"campfire_rested":1,"item_purchase_floors":[14,44],"current_hp_per_floor":[38,38,38,38,38,38,38,38,38,38,26,26,10,10,10,10,54,49,43,43,43,27,8,8,7,7,7,7,7,27,27,27,44,67,67,52,52,52,42,42,52,47,47,47,41,41,41,41,41,66,83,83,83,83,83,81],"gold":55,"neow_bonus":"BOSS_RELIC","is_daily":false,"chose_seed":false,"campfire_upgraded":7,"win_rate":0.0,"timestamp":1607706867,"path_taken":["M","?","M","?","?","R","?","E","T","R","E","R","E","$","R","BOSS","M","?","$","?","M","E","?","E","T","E","$","E","R","M","R","BOSS","M","?","M","?","?","R","E","M","T","?","E","R","M","E","R","BOSS","BOSS","R","$","E","BOSS"],"items_purchased_type":["Card","Relic"],"build_version":"2020-11-30","purchased_purges":5,"victory":true,"max_hp_per_floor":[68,68,68,68,68,68,68,68,68,68,68,68,68,68,68,68,68,68,68,68,68,68,68,68,68,68,68,68,68,68,68,68,68,73,73,73,73,73,73,73,83,83,83,83,83,83,83,83,83,83,83,83,83,83,83,83],"card_choices":[{"not_picked":["ClearTheMind","SashWhip","FollowUp"],"picked":"SKIP","floor":1.0},{"not_picked":["InnerPeace","Evaluate"],"picked":"BowlingBash","floor":3.0},{"not_picked":["CutThroughFate","EmptyFist","Study"],"picked":"SKIP","floor":7.0},{"not_picked":["Judgement","Crescendo","LikeWater"],"picked":"SKIP","floor":8.0},{"not_picked":["ConjureBlade","BattleHymn","CrushJoints"],"picked":"SKIP","floor":11.0},{"not_picked":["Conclude","ThirdEye"],"picked":"InnerPeace","floor":13.0},{"not_picked":["SpiritShield","DevaForm"],"picked":"Omniscience","floor":16.0},{"not_picked":["WindmillStrike","EmptyFist","SignatureMove"],"picked":"SKIP","floor":18.0},{"not_picked":["Vengeance","BowlingBash","WreathOfFlame"],"picked":"SKIP","floor":22.0},{"not_picked":["CrushJoints+1","ForeignInfluence"],"picked":"Wallop","floor":23.0},{"not_picked":["Establishment","InnerPeace","Consecrate","Evaluate"],"picked":"SKIP","floor":25.0},{"not_picked":["Halt","FearNoEvil","Conclude","SashWhip"],"picked":"SKIP","floor":27.0},{"not_picked":["FlyingSleeves","EmptyFist","DeceiveReality","Meditate"],"picked":"SKIP","floor":29.0},{"not_picked":["FlurryOfBlows","BowlingBash","SignatureMove","WindmillStrike+1"],"picked":"SKIP","floor":31.0},{"not_picked":["Scrawl","DevaForm","MasterReality"],"picked":"Omniscience","floor":33.0},{"not_picked":["Wireheading","CrushJoints","CarveReality+1","Halt"],"picked":"SKIP","floor":35.0},{"not_picked":["DeusExMachina","FlyingSleeves","LikeWater","Halt+1"],"picked":"SKIP","floor":36.0},{"not_picked":["ClearTheMind","ThirdEye","Pray","Collect+1"],"picked":"SKIP","floor":37.0},{"not_picked":["WaveOfTheHand","FlyingSleeves","EmptyMind","FollowUp+1"],"picked":"SKIP","floor":38.0},{"not_picked":["BowlingBash","FearNoEvil","Evaluate","Indignation"],"picked":"SKIP","floor":39.0},{"not_picked":["Crescendo","Study","Devotion"],"picked":"Adaptation+1","floor":41.0},{"not_picked":["BowlingBash","Halt","EmptyBody+1","Sanctity"],"picked":"SKIP","floor":42.0},{"not_picked":["Adaptation","Prostrate","WreathOfFlame+1","FlurryOfBlows+1"],"picked":"SKIP","floor":45.0},{"not_picked":["Adaptation","Prostrate","WreathOfFlame+1","FlurryOfBlows+1"],"picked":"SKIP","floor":45.0},{"not_picked":["Swivel","Fasting2","ReachHeaven+1","CrushJoints"],"picked":"SKIP","floor":47.0},{"not_picked":["DeceiveReality","BattleHymn","WreathOfFlame","Halt+1"],"picked":"SKIP","floor":48.0},{"not_picked":["Nirvana","Wireheading","Crescendo+1"],"picked":"Prostrate","floor":55.0}],"player_experience":1245685,"relics_obtained":[{"floor":8.0,"key":"Matryoshka"},{"floor":9.0,"key":"Damaru"},{"floor":9.0,"key":"Omamori"},{"floor":11.0,"key":"Boot"},{"floor":13.0,"key":"aspiration:HatOfInfinitePower"},{"floor":21.0,"key":"aspiration:HummingbirdHeart"},{"floor":21.0,"key":"Pantograph"},{"floor":23.0,"key":"Question Card"},{"floor":25.0,"key":"StrikeDummy"},{"floor":26.0,"key":"Bag of Preparation"},{"floor":27.0,"key":"Potion Belt"},{"floor":29.0,"key":"Pen Nib"},{"floor":41.0,"key":"Pear"},{"floor":45.0,"key":"Happy Flower"},{"floor":48.0,"key":"Art of War"},{"floor":55.0,"key":"White Beast Statue"}],"event_choices":[{"cards_removed":["Defend_P"],"damage_healed":0.0,"max_hp_gain":0.0,"max_hp_loss":0.0,"gold_gain":0.0,"event_name":"The Cleric","player_choice":"Card Removal","floor":2.0,"gold_loss":75.0,"damage_taken":0.0},{"damage_healed":0.0,"max_hp_gain":0.0,"max_hp_loss":0.0,"gold_gain":0.0,"event_name":"Liars Game","player_choice":"Ignored","floor":4.0,"gold_loss":0.0,"damage_taken":0.0},{"damage_healed":0.0,"max_hp_gain":0.0,"max_hp_loss":0.0,"gold_gain":0.0,"event_name":"Match and Keep!","player_choice":"1 cards matched","floor":5.0,"gold_loss":0.0,"damage_taken":0.0,"cards_obtained":["Ragnarok"]},{"damage_healed":0.0,"max_hp_gain":0.0,"max_hp_loss":0.0,"gold_gain":50.0,"event_name":"FaceTrader","player_choice":"Touch","floor":19.0,"gold_loss":0.0,"damage_taken":6.0}],"is_beta":false,"boss_relics":[{"not_picked":["Fusion Hammer","SacredBark"],"picked":"Runic Pyramid"},{"not_picked":["aspiration:RunicSpoon","aspiration:SilentSkillbook"],"picked":"Tiny House"}],"items_purged_floors":[14,20,28,44,54],"is_endless":false,"potions_floor_spawned":[3,8,18,25,27,29,31,35,39,47,48],"ascension_level":20}}