{"host":"Mythic","time":1607666173,"event":{"mods":["BaseMod","Minty Spire (QoL Compilation)","Relic Stats","StSLib"],"gold_per_floor":[110,122,122,136,211,211,118,152,152,152,168,168,186,206,206,308,308,325,73,73,87,97,97,126,126,153,153,168,168,168,168],"floor_reached":30,"playtime":838,"items_purged":["Strike_B"],"score":448,"play_id":"bab2625d-7402-4f34-95df-314af6edbccb","local_time":"20201211005613","is_ascension_mode":true,"campfire_choices":[{"data":"Rip and Tear","floor":6.0,"key":"SMITH"},{"data":"Zap","floor":10.0,"key":"SMITH"},{"floor":15.0,"key":"REST"},{"floor":23,"key":"REST"},{"floor":25,"key":"REST"},{"data":"Glacier","floor":29,"key":"SMITH"}],"circlet_count":0,"master_deck":["AscendersBane","Strike_B","Strike_B","Defend_B","Defend_B","Defend_B","Defend_B","Zap+1","Dualcast","Rip and Tear+1","Doom and Gloom+1","White Noise","Conserve Battery","Coolheaded","Rebound","Gash","Cold Snap","Ball Lightning","Biased Cognition","Barrage+1","Steam","Biased Cognition","Undo","Storm","Glacier+1"],"relics":["Cracked Core","StrikeDummy","Shuriken","Gremlin Horn","Inserter","Blood Vial","Red Mask","Happy Flower"],"acts_visited":["Exordium","TheCity"],"potions_floor_usage":[24],"damage_taken":[{"damage":8.0,"enemies":"Jaw Worm","floor":1.0,"turns":4.0},{"damage":12.0,"enemies":"Small Slimes","floor":2.0,"turns":3.0},{"damage":1.0,"enemies":"Cultist","floor":4.0,"turns":3.0},{"damage":8.0,"enemies":"Lagavulin","floor":8.0,"turns":7.0},{"damage":12.0,"enemies":"Exordium Thugs","floor":11.0,"turns":3.0},{"damage":0.0,"enemies":"3 Louse","floor":13.0,"turns":2.0},{"damage":0.0,"enemies":"Gremlin Gang","floor":14.0,"turns":1.0},{"damage":0.0,"enemies":"Slime Boss","floor":16.0,"turns":6.0},{"damage":20.0,"enemies":"3 Byrds","floor":18.0,"turns":4.0},{"damage":4,"enemies":"Chosen","floor":21,"turns":4},{"damage":25,"enemies":"Centurion and Healer","floor":22,"turns":5},{"damage":63,"enemies":"Masked Bandits","floor":24,"turns":4},{"damage":0,"enemies":"Chosen and Byrds","floor":28,"turns":6},{"damage":33,"enemies":"Slavers","floor":30,"turns":4}],"seed_played":"3161861815670117993","potions_obtained":[{"floor":1.0,"key":"ColorlessPotion"},{"floor":4.0,"key":"Regen Potion"},{"floor":16.0,"key":"Regen Potion"}],"is_trial":false,"path_per_floor":["M","M","?","M","?","R","$","E","T","R","M","T","M","M","R","B",null,"M","$","?","M","M","R","?","R","T","?","M","R","E"],"character_chosen":"DEFECT","items_purchased":["Conserve Battery","Coolheaded","Steam","Blood Vial"],"campfire_rested":3,"item_purchase_floors":[7,7,19,19],"current_hp_per_floor":[67,55,55,54,43,43,43,35,35,35,23,23,23,23,47,61,77,57,57,57,55,32,56,4,28,28,28,30,30,0,0],"gold":168,"neow_bonus":"TEN_PERCENT_HP_BONUS","is_daily":false,"chose_seed":false,"campfire_upgraded":3,"win_rate":0.0,"timestamp":1607666173,"path_taken":["M","M","?","M","?","R","?","E","T","R","?","?","M","M","R","BOSS","M","$","?","?","M","R","?","R","T","?","?","R","E"],"items_purchased_type":["Card","Card","Card","Relic"],"build_version":"2020-12-07","purchased_purges":1,"victory":false,"max_hp_per_floor":[82,82,82,82,82,82,82,82,82,82,82,82,82,82,82,82,82,82,82,82,82,82,82,82,82,82,82,82,82,82,82],"relic_stats":{"Blood Vial":10,"Inserter":[13],"Gremlin Horn":[11,11],"Happy Flower":[3],"counters":[14,56],"Shuriken":[12],"obtain_stats":[{"Blood Vial":19,"Inserter":17,"Gremlin Horn":12,"Happy Flower":26,"Shuriken":9,"Red Mask":24,"Cracked Core":0,"StrikeDummy":8},{"Blood Vial":9,"Inserter":8,"Gremlin Horn":5,"Happy Flower":12,"Shuriken":4,"Red Mask":12,"Cracked Core":0,"StrikeDummy":4},{"Blood Vial":33,"Inserter":29,"Gremlin Horn":20,"Happy Flower":46,"Shuriken":17,"Red Mask":46,"Cracked Core":0,"StrikeDummy":17}]},"card_choices":[{"not_picked":["Aggregate","Chill"],"picked":"Rip and Tear","floor":1.0},{"not_picked":["Hologram","Leap"],"picked":"Doom and Gloom","floor":2.0},{"not_picked":["Storm","Turbo"],"picked":"White Noise","floor":4.0},{"not_picked":["Double Energy","Doom and Gloom"],"picked":"Rebound","floor":8.0},{"not_picked":["Chill","Hologram"],"picked":"Gash","floor":11.0},{"not_picked":["Coolheaded","Reprogram"],"picked":"Cold Snap","floor":13.0},{"not_picked":["Doom and Gloom","Turbo"],"picked":"Ball Lightning","floor":14.0},{"not_picked":["Core Surge","Machine Learning"],"picked":"Biased Cognition","floor":16.0},{"not_picked":["Darkness","Ball Lightning"],"picked":"Barrage+1","floor":18.0},{"not_picked":["Doom and Gloom","Skim"],"picked":"Undo","floor":21},{"not_picked":["Sunder","Cold Snap","Rip and Tear"],"picked":"SKIP","floor":22},{"not_picked":["Gash","Leap"],"picked":"Glacier","floor":28}],"player_experience":812466,"relics_obtained":[{"floor":8.0,"key":"StrikeDummy"},{"floor":9.0,"key":"Shuriken"},{"floor":12.0,"key":"Gremlin Horn"},{"floor":24,"key":"Red Mask"},{"floor":26,"key":"Happy Flower"}],"event_choices":[{"damage_healed":0.0,"max_hp_gain":0.0,"max_hp_loss":0.0,"gold_gain":0.0,"event_name":"Living Wall","player_choice":"Grow","floor":3.0,"gold_loss":0.0,"damage_taken":0.0,"cards_upgraded":["Doom and Gloom"]},{"damage_healed":0.0,"max_hp_gain":0.0,"max_hp_loss":0.0,"gold_gain":75.0,"event_name":"World of Goop","player_choice":"Gather Gold","floor":5.0,"gold_loss":0.0,"damage_taken":11.0},{"damage_healed":0.0,"max_hp_gain":0.0,"max_hp_loss":0.0,"gold_gain":0.0,"event_name":"Duplicator","player_choice":"Copied","floor":20.0,"gold_loss":0.0,"damage_taken":0.0,"cards_obtained":["Biased Cognition"]},{"damage_healed":0,"gold_gain":0,"player_choice":"Fought Bandits","damage_taken":0,"max_hp_gain":0,"max_hp_loss":0,"event_name":"Masked Bandits","floor":24,"gold_loss":0},{"damage_healed":0,"gold_gain":0,"cards_transformed":["Strike_B"],"player_choice":"Transformed","damage_taken":0,"max_hp_gain":0,"max_hp_loss":0,"event_name":"Transmorgrifier","floor":27,"gold_loss":0,"cards_obtained":["Storm"]}],"is_beta":true,"boss_relics":[{"not_picked":["Runic Pyramid","Fusion Hammer"],"picked":"Inserter"}],"items_purged_floors":[19],"is_endless":false,"potions_floor_spawned":[1,4,13,16],"killed_by":"Slavers","ascension_level":12}}