{"host":"c6u7e77myxvw4d0m","time":1607651910,"event":{"mods":["AchievementEnabler","BaseMod","Colored Map","Colored Powertips","Minty Spire (QoL Compilation)","Rare Cards Sparkle","Relic Stats","everything is the same but u backflip on backflip"],"gold_per_floor":[117,117,292,304,320,320,340,373,428,16,27,41,41,53,53,153,153,164,89,89,89,101,134,134,149,173,189,189,215,68,68,68,68,68],"floor_reached":33,"playtime":2176,"items_purged":["Doubt"],"score":423,"play_id":"34c529c4-3171-4299-a33e-c19941f6d92c","local_time":"20201211035830","is_ascension_mode":true,"campfire_choices":[{"data":"Uppercut","floor":6,"key":"SMITH"},{"data":"Apotheosis","floor":13,"key":"SMITH"},{"data":"Searing Blow","floor":15,"key":"SMITH"},{"data":"Searing Blow+1","floor":24,"key":"SMITH"},{"data":"Searing Blow+2","floor":28,"key":"SMITH"},{"data":"Searing Blow+3","floor":32,"key":"SMITH"}],"circlet_count":0,"master_deck":["Strike_R+1","Strike_R","Strike_R","Defend_R","Defend_R","Defend_R","Defend_R","Bash","Clumsy","Uppercut+1","Heavy Blade","Whirlwind","Battle Trance","Feed+1","Pommel Strike","Apotheosis+1","Power Through","Spot Weakness","Twin Strike","Searing Blow+4","Flex+1","Dropkick","Headbutt","Thunderclap","Double Tap"],"relics":["Black Blood","Matryoshka","Bronze Scales","Pear","Nunchaku","Bottled Flame","Orichalcum","Whetstone","FossilizedHelix","HandDrill"],"acts_visited":["Exordium","TheCity"],"potions_floor_usage":[8,16,23,23,27,33],"damage_taken":[{"damage":6,"enemies":"Cultist","floor":1,"turns":3},{"damage":9,"enemies":"Jaw Worm","floor":4,"turns":3},{"damage":0,"enemies":"2 Louse","floor":5,"turns":2},{"damage":4,"enemies":"Blue Slaver","floor":7,"turns":5},{"damage":38,"enemies":"Lagavulin","floor":8,"turns":7},{"damage":15,"enemies":"Looter","floor":11,"turns":3},{"damage":15,"enemies":"Gremlin Gang","floor":12,"turns":5},{"damage":3,"enemies":"3 Louse","floor":14,"turns":3},{"damage":29,"enemies":"The Guardian","floor":16,"turns":9},{"damage":14,"enemies":"Shell Parasite","floor":18,"turns":5},{"damage":13,"enemies":"Chosen","floor":22,"turns":6},{"damage":22,"enemies":"Book of Stabbing","floor":23,"turns":4},{"damage":7,"enemies":"Snecko","floor":25,"turns":4},{"damage":4,"enemies":"Chosen and Byrds","floor":27,"turns":4},{"damage":36,"enemies":"Gremlin Leader","floor":29,"turns":6},{"damage":52,"enemies":"Automaton","floor":33,"turns":6}],"seed_played":"1247572759672931142","potions_obtained":[{"floor":1,"key":"Strength Potion"},{"floor":5,"key":"ColorlessPotion"},{"floor":8,"key":"ElixirPotion"},{"floor":16,"key":"DuplicationPotion"},{"floor":21,"key":"LiquidBronze"},{"floor":21,"key":"Dexterity Potion"},{"floor":23,"key":"Ancient Potion"},{"floor":25,"key":"ColorlessPotion"},{"floor":29,"key":"FearPotion"}],"is_trial":false,"path_per_floor":["M","?","?","M","M","R","M","E","T","$","M","M","R","M","R","B",null,"M","?","?","?","M","E","R","M","T","M","R","E","$","?","R","B"],"character_chosen":"IRONCLAD","items_purchased":["Pommel Strike","Apotheosis","Power Through","PowerPotion","HandDrill"],"campfire_rested":0,"item_purchase_floors":[10,10,10,10,30],"current_hp_per_floor":[88,81,81,78,84,84,86,54,64,64,55,49,49,55,55,32,92,90,90,67,67,66,56,56,61,61,73,73,49,49,49,49,0,0],"gold":68,"neow_bonus":"TWENTY_PERCENT_HP_BONUS","is_daily":false,"chose_seed":false,"campfire_upgraded":6,"win_rate":0.0,"timestamp":1607651910,"path_taken":["M","?","?","M","M","R","M","E","T","$","M","M","R","M","R","BOSS","M","?","?","?","M","E","R","M","T","?","R","E","$","?","R","BOSS"],"items_purchased_type":["Card","Card","Card","Potion","Relic"],"build_version":"2020-11-30","purchased_purges":1,"victory":false,"max_hp_per_floor":[96,96,96,96,96,96,96,96,106,106,106,109,109,112,112,112,112,112,112,117,117,117,117,117,117,117,121,121,121,121,121,121,121,121],"relic_stats":{"Nunchaku":[7],"counters":[16,75],"Bronze Scales":[207],"Black Blood":126,"HandDrill":[2],"Whetstone":["Strike_R","Feed"],"Orichalcum":[48],"obtain_stats":[{"Nunchaku":9,"Bottled Flame":23,"Matryoshka":2,"Pear":9,"Bronze Scales":8,"Black Blood":17,"HandDrill":30,"Whetstone":26,"Orichalcum":26,"Burning Blood":0,"FossilizedHelix":29},{"Nunchaku":5,"Bottled Flame":12,"Matryoshka":1,"Pear":5,"Bronze Scales":5,"Black Blood":9,"HandDrill":15,"Whetstone":13,"Orichalcum":13,"Burning Blood":0,"FossilizedHelix":15},{"Nunchaku":20,"Bottled Flame":55,"Matryoshka":3,"Pear":20,"Bronze Scales":20,"Black Blood":40,"HandDrill":69,"Whetstone":59,"Orichalcum":59,"Burning Blood":0,"FossilizedHelix":69}]},"card_choices":[{"not_picked":["Perfected Strike","Cleave"],"picked":"Uppercut","floor":1},{"not_picked":["Thunderclap","Body Slam"],"picked":"Heavy Blade","floor":4},{"not_picked":["Dual Wield","Pommel Strike"],"picked":"Whirlwind","floor":5},{"not_picked":["Evolve","Perfected Strike"],"picked":"Battle Trance","floor":7},{"not_picked":["Shrug It Off","Cleave"],"picked":"Feed","floor":8},{"not_picked":["Shrug It Off","Rupture"],"picked":"Spot Weakness","floor":11},{"not_picked":["Cleave","Pommel Strike"],"picked":"Twin Strike","floor":12},{"not_picked":["Clash","Cleave"],"picked":"Searing Blow","floor":14},{"not_picked":["Anger","Disarm"],"picked":"Flex+1","floor":18},{"not_picked":["Anger","Cleave"],"picked":"Dropkick","floor":22},{"not_picked":["Havoc+1","Rampage","Shrug It Off"],"picked":"SKIP","floor":23},{"not_picked":["Sentinel+1","Intimidate"],"picked":"Headbutt","floor":25},{"not_picked":["Headbutt+1","Clash"],"picked":"Thunderclap","floor":27},{"not_picked":["Rage+1","Shrug It Off"],"picked":"Double Tap","floor":29}],"player_experience":255579,"relics_obtained":[{"floor":8,"key":"Bronze Scales"},{"floor":9,"key":"Pear"},{"floor":9,"key":"Nunchaku"},{"floor":23,"key":"Bottled Flame"},{"floor":26,"key":"Orichalcum"},{"floor":26,"key":"Whetstone"},{"floor":29,"key":"FossilizedHelix"}],"event_choices":[{"damage_healed":0,"gold_gain":0,"player_choice":"Success","damage_taken":7,"relics_obtained":["Matryoshka"],"max_hp_gain":0,"max_hp_loss":0,"event_name":"Scrap Ooze","floor":2,"gold_loss":0},{"damage_healed":0,"gold_gain":175,"player_choice":"AGREE","damage_taken":0,"max_hp_gain":0,"max_hp_loss":0,"event_name":"Liars Game","floor":3,"gold_loss":0,"cards_obtained":["Doubt"]},{"cards_removed":["Strike_R"],"damage_healed":0,"gold_gain":0,"player_choice":"Gave Gold","damage_taken":0,"max_hp_gain":0,"max_hp_loss":0,"event_name":"Beggar","floor":19,"gold_loss":75},{"damage_healed":0,"gold_gain":0,"player_choice":"Shed Blood","damage_taken":28,"max_hp_gain":5,"max_hp_loss":0,"event_name":"Forgotten Altar","floor":20,"gold_loss":0},{"damage_healed":0,"gold_gain":0,"player_choice":"Got Potions","damage_taken":0,"max_hp_gain":0,"max_hp_loss":0,"event_name":"Lab","floor":21,"gold_loss":0},{"cards_removed":["Strike_R"],"damage_healed":0,"gold_gain":0,"player_choice":"Elegance","damage_taken":0,"max_hp_gain":0,"max_hp_loss":0,"event_name":"Back to Basics","floor":31,"gold_loss":0}],"is_beta":false,"boss_relics":[{"not_picked":["Pandora\u0027s Box","SlaversCollar"],"picked":"Black Blood"}],"items_purged_floors":[10],"is_endless":false,"potions_floor_spawned":[1,5,8,12,16,18,23,25,29],"killed_by":"Automaton","ascension_level":6}}