{"host":"wc8dlsuapnihxz7u","time":1607666147,"event":{"mods":["2.2 Compatiblity","AchievementEnabler","AlwaysNeverKeys","Aspiration","BaseMod","Better Altar","Energized Spire","GifTheSpireLib","Hubris","Minty Spire (QoL Compilation)","Permanent Neow","StSLib","SuperFastMode"],"gold_per_floor":[109,109,109,124,138,166,166,166,166,166,200,200,200,235,235,235,235],"floor_reached":16,"playtime":1153,"items_purged":[],"score":122,"play_id":"547a2be2-3bd3-48d5-81a5-22acf02f430f","local_time":"20201211005547","is_ascension_mode":true,"campfire_choices":[{"data":"Flechettes","floor":8,"key":"SMITH"},{"floor":15,"key":"REST"}],"circlet_count":0,"master_deck":["Phantasmal Killer+1","Strike_G","Strike_G","Strike_G","Strike_G","Strike_G","Defend_G","Defend_G","Defend_G","Defend_G","Defend_G","Survivor","Neutralize+1","Backflip","Flechettes+1","Dagger Spray","Footwork+1","Night Terror","Injury","Outmaneuver+1"],"relics":["Ring of the Snake","aspiration:Nostalgia","Burning Blood","hubris:SlimyHat","hubris:Icosahedron","hubris:Potato","hubris:64BitClover","Toxic Egg 2","White Beast Statue"],"acts_visited":["Exordium"],"potions_floor_usage":[14,16],"damage_taken":[{"damage":0,"enemies":"2 Louse","floor":1,"turns":2},{"damage":1,"enemies":"Cultist","floor":4,"turns":4},{"damage":0,"enemies":"Small Slimes","floor":5,"turns":2},{"damage":14,"enemies":"Gremlin Nob","floor":6,"turns":4},{"damage":20,"enemies":"Lagavulin","floor":11,"turns":6},{"damage":27,"enemies":"Gremlin Nob","floor":14,"turns":5},{"damage":61,"enemies":"Hexaghost","floor":16,"turns":23}],"seed_played":"-8191851991198526663","potions_obtained":[{"floor":5,"key":"Fruit Juice"},{"floor":6,"key":"Weak Potion"}],"is_trial":false,"path_per_floor":["M","?","?","M","M","E","?","R","T","?","E","?","?","E","R","B"],"character_chosen":"THE_SILENT","items_purchased":[],"campfire_rested":1,"item_purchase_floors":[],"current_hp_per_floor":[70,70,70,70,70,62,62,62,62,62,48,48,48,32,54,0,0],"gold":235,"neow_bonus":"NOSTALGIA","is_daily":false,"chose_seed":false,"campfire_upgraded":1,"win_rate":0.0,"timestamp":1607666147,"path_taken":["M","?","?","M","?","E","?","R","T","?","E","?","?","E","R","BOSS"],"items_purchased_type":[],"build_version":"2020-11-30","purchased_purges":0,"victory":false,"max_hp_per_floor":[70,70,70,70,70,70,70,70,70,70,70,70,70,75,75,75,75],"card_choices":[{"not_picked":["Deadly Poison","Acrobatics"],"picked":"Backflip","floor":1},{"not_picked":["Backflip","Dodge and Roll"],"picked":"Flechettes","floor":4},{"not_picked":["Slice","Backflip"],"picked":"Dagger Spray","floor":5},{"not_picked":["Prepared","Dodge and Roll"],"picked":"Footwork","floor":6},{"not_picked":["Prepared","Dash"],"picked":"Night Terror","floor":11},{"not_picked":["Choke","Masterful Stab"],"picked":"Outmaneuver+1","floor":14}],"player_experience":95976,"relics_obtained":[{"floor":6,"key":"hubris:SlimyHat"},{"floor":9,"key":"hubris:Potato"},{"floor":11,"key":"hubris:64BitClover"},{"floor":14,"key":"White Beast Statue"}],"event_choices":[{"damage_healed":0,"gold_gain":0,"player_choice":"Ignored","damage_taken":0,"max_hp_gain":0,"max_hp_loss":0,"event_name":"Liars Game","floor":2,"gold_loss":0},{"damage_healed":0,"gold_gain":0,"player_choice":"Upgraded","damage_taken":0,"max_hp_gain":0,"max_hp_loss":0,"event_name":"Upgrade Shrine","floor":3,"gold_loss":0,"cards_upgraded":["Neutralize"]},{"damage_healed":0,"gold_gain":0,"player_choice":"Ignored","damage_taken":0,"max_hp_gain":0,"max_hp_loss":0,"event_name":"Golden Idol","floor":10,"gold_loss":0}],"is_beta":false,"boss_relics":[],"items_purged_floors":[],"is_endless":false,"potions_floor_spawned":[5,6],"killed_by":"Hexaghost","ascension_level":1}}