{"host":"6z6y4ky8uzsz1dpj","time":1607691251,"event":{"mods":["2.2 Compatiblity","BaseMod","BetterRewards","Challenge The Spire","Colored Map","Hubris","Minty Spire (QoL Compilation)","Quick Restart","Replay The Spire","StSLib","The Construct","The Cursed","The Hierophant","The Necromancer","The Poker Player","The Servant 0.9.4"],"gold_per_floor":[113,137,156,156,170,213,213,236,259,300,300,318,343,343,343],"floor_reached":14,"playtime":915,"items_purged":[],"score":102,"play_id":"17023003-f987-4a3d-94e0-44cdb21501c4","local_time":"20201211075411","is_ascension_mode":false,"campfire_choices":[{"floor":7,"key":"REST"}],"circlet_count":0,"master_deck":["construct:Strike_Gold","construct:Strike_Gold","construct:Strike_Gold","construct:Strike_Gold","construct:Strike_Gold","construct:Defend_Gold","construct:Defend_Gold","construct:Defend_Gold","construct:Defend_Gold","construct:Defend_Gold","construct:AttackMode","construct:DefenseMode","construct:Autoturret","construct:MetalShell","construct:Reserves","construct:Accumulate","construct:ShieldBurst","construct:MetalShell"],"relics":["construct:Cogwheel","Art of War","Golden Idol","hubris:OldNail","Oddly Smooth Stone","ReplayTheSpireMod:TigerMarble","Replay:Bottled Snecko"],"acts_visited":["Exordium"],"potions_floor_usage":[6,8,14],"damage_taken":[{"damage":0,"enemies":"Cultist","floor":1,"turns":8},{"damage":10,"enemies":"2 Louse","floor":3,"turns":3},{"damage":4,"enemies":"Jaw Worm","floor":5,"turns":17},{"damage":66,"enemies":"Gremlin Nob","floor":6,"turns":6},{"damage":11,"enemies":"Exordium Thugs","floor":8,"turns":15},{"damage":7,"enemies":"3 Sentries","floor":10,"turns":16},{"damage":2,"enemies":"Lots of Slimes","floor":12,"turns":7},{"damage":6,"enemies":"2 Fungi Beasts","floor":13,"turns":4},{"damage":21,"enemies":"Gremlin Nob","floor":14,"turns":5}],"seed_played":"-6156832430016296396","potions_obtained":[{"floor":3,"key":"PowerPotion"},{"floor":6,"key":"Energy Potion"},{"floor":13,"key":"Fire Potion"}],"is_trial":false,"path_per_floor":["M","T","M","?","M","E","R","M","T","E","T","M","M","E"],"character_chosen":"THE_CONSTRUCT_MOD","items_purchased":["construct:Autoturret","Art of War"],"campfire_rested":1,"item_purchase_floors":[0,0],"current_hp_per_floor":[85,85,75,75,71,5,28,17,17,10,10,8,2,0,0],"gold":343,"neow_bonus":"","is_daily":false,"chose_seed":false,"campfire_upgraded":0,"win_rate":0.0,"timestamp":1607691251,"path_taken":["M","?","M","?","M","E","R","M","T","E","?","?","?","E"],"items_purchased_type":["Card","Relic"],"build_version":"2020-11-30","purchased_purges":0,"victory":false,"max_hp_per_floor":[85,85,85,79,79,79,79,79,79,79,79,79,79,79,79],"card_choices":[{"not_picked":["construct:HeavyBolt","construct:ModeShift"],"picked":"construct:MetalShell","floor":1},{"not_picked":["construct:ShiftStrike","construct:CripplingShot","construct:VentSteam"],"picked":"SKIP","floor":3},{"not_picked":["construct:Electrocute","construct:FocusedBeam","construct:Forcefield"],"picked":"SKIP","floor":5},{"not_picked":["construct:ShiftStrike","construct:Multistage"],"picked":"construct:Reserves","floor":6},{"not_picked":["construct:Versatility","construct:OneWayMirror"],"picked":"construct:Accumulate","floor":8},{"not_picked":["construct:Reinforce","construct:VentSteam","construct:Disrupt"],"picked":"SKIP","floor":10},{"not_picked":["construct:Analyze","construct:MetalShell"],"picked":"construct:ShieldBurst","floor":12},{"not_picked":["construct:Boost","construct:Electrocute"],"picked":"construct:MetalShell","floor":13}],"player_experience":169990,"relics_obtained":[{"floor":6,"key":"hubris:OldNail"},{"floor":9,"key":"Oddly Smooth Stone"},{"floor":10,"key":"ReplayTheSpireMod:TigerMarble"},{"floor":11,"key":"Replay:Bottled Snecko"}],"event_choices":[{"damage_healed":0,"gold_gain":0,"player_choice":"Lose Max HP","damage_taken":0,"relics_obtained":["Golden Idol"],"max_hp_gain":0,"max_hp_loss":6,"event_name":"Golden Idol","floor":4,"gold_loss":0}],"is_beta":false,"boss_relics":[],"items_purged_floors":[],"is_endless":false,"potions_floor_spawned":[3,6,13],"killed_by":"Gremlin Nob","ascension_level":0}}