{"host":"usewcu4ohw2wtmxk","time":1607722719,"event":{"mods":["AchievementEnabler","BaseMod","BetterRewards","Colored Powertips","Minty Spire (QoL Compilation)","Permanent Neow","Quick Restart","Relic Sorter","Relic Stats","Shop Mod","StSLib","UnlockEverythingMod"],"gold_per_floor":[115,75,0,10,10,29,29,49,49,49,74,85,117,134,134,134,134],"floor_reached":16,"playtime":417,"items_purged":["Strike_R"],"score":224,"play_id":"7def34a5-fd15-4ae4-a873-26ca43a1591c","local_time":"20201212053839","is_ascension_mode":true,"campfire_choices":[{"data":"Juggernaut","floor":7.0,"key":"SMITH"},{"floor":10.0,"key":"RECALL"},{"data":"Armaments","floor":15,"key":"SMITH"}],"circlet_count":0,"master_deck":["AscendersBane","Strike_R","Strike_R","Strike_R","Strike_R","Defend_R","Defend_R","Defend_R","Defend_R","Bash","Juggernaut+1","Power Through","Shrug It Off","Second Wind","Bloodletting","Armaments+1"],"relics":["Burning Blood","Regal Pillow","Ornamental Fan","Vajra"],"acts_visited":["Exordium"],"potions_floor_usage":[],"damage_taken":[{"damage":7.0,"enemies":"Jaw Worm","floor":1.0,"turns":4.0},{"damage":7.0,"enemies":"Cultist","floor":4.0,"turns":4.0},{"damage":12.0,"enemies":"Small Slimes","floor":6.0,"turns":6.0},{"damage":4.0,"enemies":"Red Slaver","floor":8.0,"turns":5.0},{"damage":29.0,"enemies":"Gremlin Nob","floor":11.0,"turns":4.0},{"damage":9.0,"enemies":"Large Slime","floor":12.0,"turns":6.0},{"damage":17,"enemies":"Lagavulin","floor":13,"turns":10},{"damage":6,"enemies":"Blue Slaver","floor":14,"turns":3},{"damage":10,"enemies":"Hexaghost","floor":16,"turns":11}],"seed_played":"-3009933198365092057","potions_obtained":[{"floor":1.0,"key":"BlessingOfTheForge"},{"floor":2.0,"key":"SkillPotion"},{"floor":2.0,"key":"EntropicBrew"},{"floor":11.0,"key":"Regen Potion"},{"floor":13,"key":"Ancient Potion"}],"is_trial":false,"path_per_floor":["M","?","$","M","$","M","R","M","T","R","E","M","E","M","R","B"],"character_chosen":"IRONCLAD","items_purchased":[],"campfire_rested":0,"item_purchase_floors":[],"current_hp_per_floor":[49,49,49,48,48,42,42,44,44,44,21,33,22,22,22,12,12],"gold":134,"neow_bonus":"THREE_RARE_CARDS","is_daily":false,"chose_seed":false,"campfire_upgraded":2,"win_rate":0.0,"timestamp":1607722719,"path_taken":["M","?","$","M","?","M","R","M","T","R","E","M","E","M","R","BOSS"],"items_purchased_type":[],"build_version":"2020-11-30","purchased_purges":1,"victory":false,"max_hp_per_floor":[75,75,75,75,75,75,75,75,75,75,75,75,75,75,75,75,75],"relic_stats":{"Regal Pillow":0,"counters":[9,53],"Ornamental Fan":[0],"obtain_stats":[{"Regal Pillow":9,"Ornamental Fan":11,"Vajra":13,"Burning Blood":0},{"Regal Pillow":4,"Ornamental Fan":5,"Vajra":7,"Burning Blood":0},{"Regal Pillow":19,"Ornamental Fan":23,"Vajra":39,"Burning Blood":0}],"Burning Blood":48},"card_choices":[{"not_picked":["Limit Break","Berserk"],"picked":"Juggernaut","floor":0.0},{"not_picked":["Metallicize","True Grit"],"picked":"Power Through","floor":1.0},{"not_picked":["True Grit","Sever Soul"],"picked":"Shrug It Off","floor":4.0},{"not_picked":["Pommel Strike","Searing Blow"],"picked":"Second Wind","floor":6.0},{"not_picked":["Perfected Strike","Heavy Blade","Wild Strike"],"picked":"SKIP","floor":8.0},{"not_picked":["Exhume","Flex","Bludgeon"],"picked":"SKIP","floor":11.0},{"not_picked":["Clash","Rupture"],"picked":"Bloodletting","floor":12.0},{"not_picked":["Dual Wield","Dropkick"],"picked":"Armaments","floor":13},{"not_picked":["Cleave","Headbutt","Anger"],"picked":"SKIP","floor":14}],"player_experience":241376,"relics_obtained":[{"floor":9.0,"key":"Regal Pillow"},{"floor":11.0,"key":"Ornamental Fan"},{"floor":13,"key":"Vajra"}],"event_choices":[{"damage_healed":0.0,"max_hp_gain":0.0,"max_hp_loss":0.0,"gold_gain":0.0,"event_name":"The Woman in Blue","player_choice":"Bought 3 Potions","floor":2.0,"gold_loss":0.0,"damage_taken":0.0}],"is_beta":false,"boss_relics":[],"items_purged_floors":[3],"is_endless":false,"potions_floor_spawned":[1,8,11,13],"killed_by":"Hexaghost","ascension_level":20}}