{"host":"51f0ad793vly1w6u","time":1607667864,"event":{"mods":["BaseMod","Colored Map","DeckTracker","Minty Spire (QoL Compilation)","StSLib","SuperFastMode"],"gold_per_floor":[130,142,169,200,231,271,283,307,319,331,377,389,426,438,450,462,462],"floor_reached":16,"playtime":346,"items_purged":[],"score":116,"play_id":"0f10ae31-916a-417a-8a7b-5195674310a6","local_time":"20201211152424","is_ascension_mode":true,"campfire_choices":[{"data":"Crippling Poison","floor":7,"key":"SMITH"},{"data":"Glass Knife","floor":10,"key":"SMITH"},{"data":"Blade Dance","floor":12,"key":"SMITH"},{"floor":15,"key":"REST"}],"circlet_count":0,"master_deck":["Strike_G","Strike_G","Strike_G","Strike_G","Strike_G","Defend_G","Defend_G","Defend_G","Defend_G","Defend_G","Survivor","Neutralize","Backflip","Crippling Poison+1","Blade Dance+1","Glass Knife+1","Blade Dance"],"relics":["Ring of the Snake","MawBank","Bottled Lightning","Strawberry","Toy Ornithopter","Odd Mushroom"],"acts_visited":["Exordium"],"potions_floor_usage":[6,11,16],"damage_taken":[{"damage":0.0,"enemies":"Small Slimes","floor":1.0,"turns":4.0},{"damage":2.0,"enemies":"2 Louse","floor":3.0,"turns":3.0},{"damage":5.0,"enemies":"Cultist","floor":4.0,"turns":4.0},{"damage":13.0,"enemies":"3 Louse","floor":5.0,"turns":2.0},{"damage":17,"enemies":"Gremlin Nob","floor":6,"turns":4},{"damage":7,"enemies":"Looter","floor":8,"turns":2},{"damage":8,"enemies":"3 Sentries","floor":11,"turns":8},{"damage":7,"enemies":"The Mushroom Lair","floor":13,"turns":3},{"damage":39,"enemies":"The Guardian","floor":16,"turns":10}],"seed_played":"8334950057282331267","potions_obtained":[{"floor":3.0,"key":"PowerPotion"},{"floor":5.0,"key":"ColorlessPotion"},{"floor":8,"key":"Dexterity Potion"},{"floor":11,"key":"SneckoOil"}],"is_trial":false,"path_per_floor":["M","?","M","M","M","E","R","M","T","R","E","R","?","?","R","B"],"character_chosen":"THE_SILENT","items_purchased":[],"campfire_rested":1,"item_purchase_floors":[],"current_hp_per_floor":[70,75,73,68,55,38,38,31,38,38,30,30,23,23,47,13,13],"gold":462,"neow_bonus":"RANDOM_COMMON_RELIC","is_daily":false,"chose_seed":false,"campfire_upgraded":3,"win_rate":0.0,"timestamp":1607667864,"path_taken":["M","?","M","M","M","E","R","M","T","R","E","R","?","?","R","BOSS"],"items_purchased_type":[],"build_version":"2020-11-30","purchased_purges":0,"victory":false,"max_hp_per_floor":[70,75,75,75,75,75,75,75,82,82,82,82,82,82,82,82,82],"card_choices":[{"not_picked":["Bane","Bouncing Flask"],"picked":"Backflip","floor":1.0},{"not_picked":["Bane","Expertise"],"picked":"Crippling Poison","floor":3.0},{"not_picked":["Concentrate","Quick Slash"],"picked":"Blade Dance","floor":4.0},{"not_picked":["Flying Knee","Outmaneuver","Distraction"],"picked":"SKIP","floor":5.0},{"not_picked":["Acrobatics","Sucker Punch"],"picked":"Glass Knife","floor":6},{"not_picked":["Concentrate","Masterful Stab","Crippling Poison"],"picked":"SKIP","floor":8},{"not_picked":["Prepared","Underhanded Strike","Masterful Stab"],"picked":"SKIP","floor":11},{"not_picked":["Dodge and Roll","Quick Slash"],"picked":"Blade Dance","floor":13}],"player_experience":1360684,"relics_obtained":[{"floor":6,"key":"Bottled Lightning"},{"floor":9,"key":"Strawberry"},{"floor":11,"key":"Toy Ornithopter"},{"floor":13,"key":"Odd Mushroom"}],"event_choices":[{"damage_healed":0.0,"max_hp_gain":5.0,"max_hp_loss":0.0,"gold_gain":0.0,"event_name":"Big Fish","player_choice":"Donut","floor":2.0,"gold_loss":0.0,"damage_taken":0.0},{"damage_healed":0,"gold_gain":0,"player_choice":"Fought Mushrooms","damage_taken":0,"max_hp_gain":0,"max_hp_loss":0,"event_name":"Mushrooms","floor":13,"gold_loss":0},{"damage_healed":0,"gold_gain":0,"player_choice":"Ignored","damage_taken":0,"max_hp_gain":0,"max_hp_loss":0,"event_name":"Liars Game","floor":14,"gold_loss":0}],"is_beta":false,"boss_relics":[],"items_purged_floors":[],"is_endless":false,"potions_floor_spawned":[3,5,8,11],"killed_by":"The Guardian","ascension_level":1}}