{"host":"9d9dhukr2jywmy0f","time":1607717816,"event":{"mods":["2.2 Compatiblity","Alarm Clock","BaseMod","Bestiary","Block Reminder","Colored Map","Colored Powertips","Curses Come First","DeckTracker","Displayed Cursed Tome","Highlight Path","Key Reminder","Mari Mod (Legacy)","Mari\u0027s V1 Patch","Minty Spire (QoL Compilation)","MonsterHotkey","Potion Indicator Mod","Quick Restart","RNG Fix","Rare Cards Sparkle","Relic Sorter","Relic Stats","Spire Birthday Party","StSLib","Synergy Search","Unceasing Turn Reminder","Unknown Chances"],"gold_per_floor":[153,7,29,29,54,54,54,80,129,129,158,158,58,72,72,162,225,220,145,20,23,39,39,39,39,63,63,63,67,67,75,75,5,5],"floor_reached":33,"playtime":2165,"items_purged":["MariMod:Mari_Strike","MariMod:Mari_Strike","MariMod:Mari_Defend"],"score":253,"play_id":"e3abac06-ae1e-42ac-9c52-a4a3f68f81df","local_time":"20201212041656","is_ascension_mode":false,"campfire_choices":[{"data":"MariMod:Mari_The_HELICOPTER","floor":7.0,"key":"SMITH"},{"floor":10.0,"key":"RECALL"},{"data":"MariMod:Mari_Debut","floor":15.0,"key":"SMITH"},{"data":"MariMod:Mari_Unveiled_Secret","floor":23.0,"key":"SMITH"},{"data":"MariMod:Mari_The_HELICOPTER","floor":27,"key":"SMITH"},{"data":"MariMod:Mari_Supervision","floor":30,"key":"SMITH"},{"floor":32,"key":"REST"}],"circlet_count":0,"master_deck":["MariMod:Mari_Defend","MariMod:Mari_Defend+1","MariMod:Mari_Defend","MariMod:Mari_Debut+1","MariMod:Mari_The_HELICOPTER+1","MariMod:Mari_Supervision+1","MariMod:Mari_Unveiled_Secret+1","MariMod:Mari_Administrator_Privilege","MariMod:Mari_The_HELICOPTER+1","Necronomicurse","MariMod:Mari_The_HELICOPTER"],"relics":["MariMod:MariTheSpark","NeowsBlessing","Golden Idol","Toy Ornithopter","Orichalcum","Tiny House","Necronomicon","Vajra","HornCleat"],"acts_visited":["Exordium","TheCity"],"potions_floor_usage":[],"damage_taken":[{"damage":0.0,"enemies":"Cultist","floor":1.0,"turns":1.0},{"damage":0.0,"enemies":"2 Louse","floor":3.0,"turns":2.0},{"damage":0.0,"enemies":"Jaw Worm","floor":5.0,"turns":1.0},{"damage":14.0,"enemies":"Gremlin Nob","floor":8.0,"turns":3.0},{"damage":24.0,"enemies":"Lagavulin","floor":11.0,"turns":6.0},{"damage":1.0,"enemies":"Red Slaver","floor":14.0,"turns":2.0},{"damage":10.0,"enemies":"The Guardian","floor":16.0,"turns":10.0},{"damage":18.0,"enemies":"2 Thieves","floor":18.0,"turns":3.0},{"damage":0.0,"enemies":"Spheric Guardian","floor":21.0,"turns":2.0},{"damage":15.0,"enemies":"Snake Plant","floor":22.0,"turns":2.0},{"damage":0,"enemies":"Sentry and Sphere","floor":29,"turns":1},{"damage":0,"enemies":"Shelled Parasite and Fungi","floor":31,"turns":2},{"damage":16,"enemies":"Champ","floor":33,"turns":5}],"seed_played":"1336205332215845619","potions_obtained":[{"floor":1.0,"key":"Dexterity Potion"},{"floor":5.0,"key":"BlessingOfTheForge"},{"floor":11.0,"key":"AttackPotion"},{"floor":17.0,"key":"LiquidBronze"},{"floor":29,"key":"Block Potion"}],"is_trial":false,"path_per_floor":["M","$","M","?","M","?","R","E","T","R","E","?","$","M","R","B",null,"M","?","$","M","M","R","?","?","T","R","?","M","R","M","R","B"],"character_chosen":"MARI","items_purchased":["MariMod:Mari_The_HELICOPTER"],"campfire_rested":1,"item_purchase_floors":[2],"current_hp_per_floor":[72,72,72,54,54,54,54,40,40,40,21,14,14,13,13,13,77,59,59,59,59,44,44,44,28,28,28,28,28,28,28,51,35,35],"gold":5,"neow_bonus":"THREE_ENEMY_KILL","is_daily":false,"chose_seed":false,"campfire_upgraded":5,"win_rate":0.0,"timestamp":1607717816,"path_taken":["M","$","?","?","M","?","R","E","T","R","E","?","?","M","R","BOSS","M","?","$","M","M","R","?","?","T","R","?","?","R","M","R","BOSS"],"items_purchased_type":["Card"],"build_version":"2020-11-30","purchased_purges":3,"victory":false,"max_hp_per_floor":[72,72,72,72,72,72,72,72,72,72,72,72,72,72,72,72,77,77,77,77,77,77,77,77,77,77,77,77,77,77,77,77,77,77],"relic_stats":{"counters":[13,40],"Golden Idol":81,"Necronomicon":[5],"Orichalcum":[60],"obtain_stats":[{"MariMod:MariTheSpark":0,"keyreminder:keyreminder":8,"Tiny House":17,"HornCleat":28,"NeowsBlessing":0,"Golden Idol":4,"Vajra":26,"Necronomicon":25,"Orichalcum":11,"Toy Ornithopter":8},{"MariMod:MariTheSpark":0,"keyreminder:keyreminder":4,"Tiny House":7,"HornCleat":10,"NeowsBlessing":0,"Golden Idol":2,"Vajra":10,"Necronomicon":10,"Orichalcum":5,"Toy Ornithopter":4},{"MariMod:MariTheSpark":0,"keyreminder:keyreminder":7,"Tiny House":25,"HornCleat":32,"NeowsBlessing":0,"Golden Idol":3,"Vajra":32,"Necronomicon":32,"Orichalcum":13,"Toy Ornithopter":7}],"Toy Ornithopter":15},"card_choices":[{"not_picked":["MariMod:Mari_Boundless_Energy","MariMod:Mari_Awe","MariMod:Mari_Delicacy"],"picked":"SKIP","floor":1.0},{"not_picked":["MariMod:Mari_Glimmer","MariMod:Mari_Well_Kept_Secret","MariMod:Mari_Golden_Glint"],"picked":"SKIP","floor":3.0},{"not_picked":["MariMod:Mari_Flaunt","MariMod:Mari_Heavy_Price","MariMod:Mari_Its_Joke"],"picked":"SKIP","floor":5.0},{"not_picked":["MariMod:Mari_The_Planisphere","MariMod:Mari_Overexertion","MariMod:Mari_Tough_Front"],"picked":"SKIP","floor":8.0},{"not_picked":["MariMod:Mari_Hug","MariMod:Mari_Approved","MariMod:Mari_Closure"],"picked":"SKIP","floor":11.0},{"not_picked":["MariMod:Mari_Pretty_Bomber_Head","MariMod:Mari_Self_Care","MariMod:Mari_Old_Costume"],"picked":"SKIP","floor":11.0},{"not_picked":["MariMod:Mari_Practice_Outfit","MariMod:Mari_Well_Kept_Secret","MariMod:Mari_Fragile_Hope"],"picked":"SKIP","floor":14.0},{"not_picked":["MariMod:Mari_All_Or_Nothing","MariMod:Mari_The_GOLDEN_STATUE"],"picked":"MariMod:Mari_Supervision","floor":16.0},{"not_picked":["MariMod:Mari_Pent_Up_Emotions","MariMod:Mari_Glimmer","MariMod:Mari_Lets_Go"],"picked":"SKIP","floor":18.0},{"not_picked":["MariMod:Mari_Pent_Up_Emotions","MariMod:Mari_Glimmer","MariMod:Mari_Lets_Go"],"picked":"SKIP","floor":18.0},{"not_picked":["MariMod:Mari_Wishing_Fountain","MariMod:Mari_Tea_Time"],"picked":"MariMod:Mari_Unveiled_Secret","floor":21.0},{"not_picked":["MariMod:Mari_Glow","MariMod:Mari_Reckless_Spending","MariMod:Mari_Practice_Outfit"],"picked":"SKIP","floor":21.0},{"not_picked":["MariMod:Mari_The_Planisphere","MariMod:Mari_Withdrawal","MariMod:Mari_Awe"],"picked":"SKIP","floor":22.0},{"not_picked":["MariMod:Mari_Excitement","MariMod:Mari_Lie_In_Wait","MariMod:Mari_Tough_Front"],"picked":"SKIP","floor":22.0},{"not_picked":["MariMod:Mari_The_Planisphere","MariMod:Mari_Withdrawal","MariMod:Mari_Awe"],"picked":"SKIP","floor":22.0},{"not_picked":["MariMod:Mari_Excitement","MariMod:Mari_Lie_In_Wait","MariMod:Mari_Tough_Front"],"picked":"SKIP","floor":22.0},{"not_picked":["MariMod:Mari_Reckless_Spending","MariMod:Mari_Delicacy+1","MariMod:Mari_Choreography+1"],"picked":"SKIP","floor":29},{"not_picked":["MariMod:Mari_Hug","MariMod:Mari_The_Light_We_Chase"],"picked":"MariMod:Mari_The_HELICOPTER","floor":31},{"not_picked":["MariMod:Mari_Shine+1","MariMod:Mari_Fragile_Hope","MariMod:Mari_Choreography+1"],"picked":"SKIP","floor":31}],"player_experience":671920,"relics_obtained":[{"floor":8.0,"key":"Toy Ornithopter"},{"floor":11.0,"key":"Orichalcum"},{"floor":26,"key":"Vajra"}],"event_choices":[{"damage_healed":0.0,"max_hp_gain":0.0,"max_hp_loss":0.0,"gold_gain":0.0,"event_name":"Golden Idol","player_choice":"Take Damage","floor":4.0,"gold_loss":0.0,"damage_taken":18.0,"relics_obtained":["Golden Idol"]},{"cards_removed":["MariMod:Mari_Reminisce"],"damage_healed":0.0,"max_hp_gain":0.0,"max_hp_loss":0.0,"gold_gain":0.0,"event_name":"Living Wall","player_choice":"Forget","floor":6.0,"gold_loss":0.0,"damage_taken":0.0},{"cards_removed":["MariMod:Mari_Defend"],"damage_healed":0.0,"max_hp_gain":0.0,"max_hp_loss":0.0,"gold_gain":0.0,"event_name":"Golden Wing","player_choice":"Card Removal","floor":12.0,"gold_loss":0.0,"damage_taken":7.0},{"cards_removed":["MariMod:Mari_Strike"],"damage_healed":0.0,"max_hp_gain":0.0,"max_hp_loss":0.0,"gold_gain":0.0,"event_name":"Beggar","player_choice":"Gave Gold","floor":19.0,"gold_loss":75.0,"damage_taken":0.0},{"damage_healed":0.0,"max_hp_gain":0.0,"max_hp_loss":0.0,"gold_gain":0.0,"cards_transformed":["MariMod:Mari_Strike","MariMod:Mari_Strike"],"event_name":"Drug Dealer","player_choice":"Became Test Subject","floor":24.0,"gold_loss":0.0,"damage_taken":0.0,"cards_obtained":["MariMod:Mari_Administrator_Privilege","MariMod:Mari_The_HELICOPTER"]},{"damage_healed":0,"gold_gain":0,"player_choice":"Obtained Book","damage_taken":16,"max_hp_gain":0,"max_hp_loss":0,"event_name":"Cursed Tome","floor":25,"gold_loss":0},{"damage_healed":0,"gold_gain":0,"player_choice":"Opened","damage_taken":0,"relics_obtained":["HornCleat"],"max_hp_gain":0,"max_hp_loss":0,"event_name":"The Mausoleum","floor":28,"gold_loss":0}],"is_beta":false,"boss_relics":[{"not_picked":["Pandora\u0027s Box","Cursed Key"],"picked":"Tiny House"}],"items_purged_floors":[2,13,20],"is_endless":false,"potions_floor_spawned":[1,5,11,29],"killed_by":"Champ","ascension_level":0}}