{"host":"0vd2boh2oi7jm085","time":1607664141,"event":{"mods":["BaseMod","Colored Map","Colored Powertips","Highlight Path","Minty Spire (QoL Compilation)","Quick Restart","StSLib","The IronCluck"],"gold_per_floor":[362,374,374,374,392,392,411,173,173,53,64,78,78,89,89,162,162,176,186,186,186,136,136,136,151,151,166,166,166],"floor_reached":28,"playtime":580,"items_purged":[],"score":382,"play_id":"f0f99c47-1dd0-4c4f-b0c8-23b8a33367da","local_time":"20201210212221","is_ascension_mode":true,"campfire_choices":[{"floor":6.0,"key":"REST"},{"data":"Demon Form","floor":15.0,"key":"SMITH"},{"data":"Double Tap","floor":23.0,"key":"SMITH"}],"circlet_count":0,"master_deck":["AscendersBane","Strike_R+1","Strike_R+1","Strike_R+1","Strike_R+1","Strike_R+1","Defend_R+1","Defend_R+1","Defend_R+1","Defend_R+1","Bash","Dropkick","Cleave","Demon Form+1","Uppercut","Anger","Finesse","Carnage","Double Tap+1","CurseOfTheBell","Heavy Blade","Infernal Blade","Inflame"],"relics":["Burning Blood","Regal Pillow","Lee\u0027s Waffle","Ancient Tea Set","NlothsMask","Calling Bell","Nunchaku","Kunai","Champion Belt"],"acts_visited":["Exordium","TheCity"],"potions_floor_usage":[],"damage_taken":[{"damage":5.0,"enemies":"Cultist","floor":1.0,"turns":4.0},{"damage":13.0,"enemies":"2 Louse","floor":2.0,"turns":3.0},{"damage":7.0,"enemies":"Jaw Worm","floor":5.0,"turns":3.0},{"damage":22.0,"enemies":"Blue Slaver","floor":7.0,"turns":6.0},{"damage":20.0,"enemies":"Gremlin Gang","floor":11.0,"turns":4.0},{"damage":12.0,"enemies":"Large Slime","floor":12.0,"turns":5.0},{"damage":6.0,"enemies":"Exordium Thugs","floor":14.0,"turns":4.0},{"damage":21.0,"enemies":"Slime Boss","floor":16.0,"turns":4.0},{"damage":24.0,"enemies":"Chosen","floor":18.0,"turns":6.0},{"damage":20.0,"enemies":"Spheric Guardian","floor":19.0,"turns":5.0},{"damage":28.0,"enemies":"Snake Plant","floor":25.0,"turns":4.0},{"damage":15.0,"enemies":"Snecko","floor":27.0,"turns":4.0},{"damage":34,"enemies":"Book of Stabbing","floor":28,"turns":4}],"seed_played":"-6782163417149111326","potions_obtained":[{"floor":2.0,"key":"SkillPotion"},{"floor":11.0,"key":"SteroidPotion"},{"floor":14.0,"key":"FearPotion"},{"floor":16.0,"key":"HeartOfIron"},{"floor":18.0,"key":"Fruit Juice"}],"is_trial":false,"path_per_floor":["M","M","T","?","M","R","M","$","T","$","M","M","?","M","R","B",null,"M","M","?","?","?","R","$","M","T","M","E"],"character_chosen":"IRONCLAD","items_purchased":["Lee\u0027s Waffle","Uppercut","Anger","Finesse"],"campfire_rested":1,"item_purchase_floors":[8,8,10,10],"current_hp_per_floor":[51,44,44,44,43,75,59,82,82,82,68,62,62,62,62,47,73,60,46,63,63,63,63,63,41,41,32,0,0],"gold":166,"neow_bonus":"TWO_FIFTY_GOLD","is_daily":false,"chose_seed":false,"campfire_upgraded":2,"win_rate":0.0,"timestamp":1607664141,"path_taken":["M","?","?","?","M","R","M","?","T","?","?","M","?","M","R","BOSS","M","M","?","?","?","R","$","M","T","M","E"],"items_purchased_type":["Relic","Card","Card","Card"],"build_version":"2020-11-30","purchased_purges":0,"victory":false,"max_hp_per_floor":[75,75,75,75,75,75,75,82,82,82,82,82,82,82,82,82,82,87,87,87,87,87,87,87,87,87,87,87,87],"card_choices":[{"not_picked":["True Grit","Heavy Blade"],"picked":"Dropkick","floor":1.0},{"not_picked":["Entrench","Havoc"],"picked":"Cleave","floor":2.0},{"not_picked":["Cleave","Infernal Blade"],"picked":"Demon Form","floor":5.0},{"not_picked":["Havoc","Metallicize","Clothesline"],"picked":"SKIP","floor":7.0},{"not_picked":["Blood for Blood","Hemokinesis"],"picked":"Carnage","floor":11.0},{"not_picked":["Second Wind","Pommel Strike","Anger"],"picked":"SKIP","floor":12.0},{"not_picked":["True Grit","Twin Strike","Body Slam"],"picked":"SKIP","floor":14.0},{"not_picked":["Corruption","Bludgeon"],"picked":"Double Tap","floor":16.0},{"not_picked":["Body Slam","Hemokinesis"],"picked":"Heavy Blade","floor":18.0},{"not_picked":["Headbutt","Offering","Wild Strike"],"picked":"SKIP","floor":19.0},{"not_picked":["Hemokinesis","Reckless Charge"],"picked":"Infernal Blade","floor":25.0},{"not_picked":["Armaments+1","Fire Breathing"],"picked":"Inflame","floor":27.0}],"player_experience":73724,"relics_obtained":[{"floor":3.0,"key":"Regal Pillow"},{"floor":9.0,"key":"Ancient Tea Set"},{"floor":17.0,"key":"Nunchaku"},{"floor":17.0,"key":"Kunai"},{"floor":17.0,"key":"Champion Belt"}],"event_choices":[{"damage_healed":0.0,"max_hp_gain":0.0,"max_hp_loss":0.0,"gold_gain":0.0,"event_name":"Golden Wing","player_choice":"Ignored","floor":4.0,"gold_loss":0.0,"damage_taken":0.0},{"damage_healed":0.0,"max_hp_gain":0.0,"max_hp_loss":0.0,"gold_gain":0.0,"event_name":"FaceTrader","player_choice":"Trade","floor":13.0,"gold_loss":0.0,"damage_taken":0.0,"relics_obtained":["NlothsMask"]},{"damage_healed":17.0,"max_hp_gain":0.0,"max_hp_loss":0.0,"gold_gain":0.0,"event_name":"The Library","player_choice":"Heal","floor":20.0,"gold_loss":0.0,"damage_taken":0.0},{"damage_healed":0.0,"max_hp_gain":0.0,"max_hp_loss":0.0,"gold_gain":0.0,"event_name":"Back to Basics","player_choice":"Simplicity","floor":21.0,"gold_loss":0.0,"damage_taken":0.0,"cards_upgraded":["Strike_R","Strike_R","Strike_R","Strike_R","Strike_R","Defend_R","Defend_R","Defend_R","Defend_R"]},{"damage_healed":0.0,"max_hp_gain":0.0,"max_hp_loss":0.0,"gold_gain":0.0,"event_name":"The Joust","player_choice":"Bet on Murderer","floor":22.0,"gold_loss":50.0,"damage_taken":0.0}],"is_beta":false,"boss_relics":[{"not_picked":["Tiny House","Ectoplasm"],"picked":"Calling Bell"}],"items_purged_floors":[],"is_endless":false,"potions_floor_spawned":[2,11,14,16,18],"killed_by":"Book of Stabbing","ascension_level":16}}