{"host":"sabve5zmqufxyc5o","time":1607671881,"event":{"mods":["2.2 Compatiblity","AchievementEnabler","Act Like it!","BaseMod","Block Reminder","Colored Map","Colored Powertips","DeckTracker","KOR Keyword Fix","Keyboard Shortcuts","Minty Spire (QoL Compilation)","Quick Restart","Rare Cards Sparkle","Relic Stats","StSLib","SuperFastMode"],"gold_per_floor":[118,12,31,31,41,71,71,105,152,152,166,176,176,176,176,176,176],"floor_reached":16,"playtime":190,"items_purged":[],"score":209,"play_id":"6419fbd6-d4cb-4353-88cc-8cc6909dc6ba","local_time":"20201211163121","is_ascension_mode":true,"campfire_choices":[{"floor":7,"key":"REST"},{"floor":10,"key":"REST"},{"floor":15,"key":"REST"}],"circlet_count":0,"master_deck":["AscendersBane","Strike_B","Strike_B","Defend_B","Defend_B","Defend_B","Defend_B","Zap","Dualcast","Steam Power","Compile Driver","BootSequence","Go for the Eyes","Turbo","Defragment","FTL","Beam Cell","Turbo","Go for the Eyes"],"relics":["Cracked Core","Pantograph","Smiling Mask","Bronze Scales","Pen Nib"],"acts_visited":["Exordium"],"potions_floor_usage":[8],"damage_taken":[{"damage":0,"enemies":"2 Louse","floor":1,"turns":2},{"damage":0,"enemies":"Cultist","floor":3,"turns":3},{"damage":2,"enemies":"Jaw Worm","floor":5,"turns":3},{"damage":34,"enemies":"Lagavulin","floor":6,"turns":8},{"damage":36,"enemies":"Gremlin Nob","floor":8,"turns":4},{"damage":1,"enemies":"Looter","floor":11,"turns":3},{"damage":6,"enemies":"Exordium Thugs","floor":12,"turns":4},{"damage":0,"enemies":"The Guardian","floor":16,"turns":1}],"seed_played":"4170696628200691435","potions_obtained":[{"floor":5,"key":"Dexterity Potion"},{"floor":6,"key":"PowerPotion"},{"floor":8,"key":"Ancient Potion"}],"is_trial":false,"path_per_floor":["M","$","M","?","M","E","R","E","T","R","M","M","T","?","R","B"],"character_chosen":"DEFECT","items_purchased":["BootSequence","Go for the Eyes"],"campfire_rested":3,"item_purchase_floors":[2,2],"current_hp_per_floor":[64,64,64,64,62,28,49,13,13,34,33,27,27,20,41,66,66],"gold":176,"neow_bonus":"TRANSFORM_CARD","is_daily":false,"chose_seed":false,"campfire_upgraded":0,"win_rate":0.0,"timestamp":1607671881,"path_taken":["M","$","M","?","?","E","R","E","T","R","?","M","?","?","R","BOSS"],"items_purchased_type":["Card","Card"],"build_version":"2020-11-30","purchased_purges":0,"victory":false,"max_hp_per_floor":[71,71,71,71,71,71,71,71,71,71,71,71,71,71,71,71,71],"relic_stats":{"counters":[8,28],"Pantograph":25,"Bronze Scales":[18],"Pen Nib":[0],"Smiling Mask":0,"obtain_stats":[{"Pantograph":6,"Bronze Scales":9,"Pen Nib":13,"Cracked Core":0,"Smiling Mask":8},{"Pantograph":4,"Bronze Scales":5,"Pen Nib":7,"Cracked Core":0,"Smiling Mask":5},{"Pantograph":16,"Bronze Scales":20,"Pen Nib":27,"Cracked Core":0,"Smiling Mask":20}]},"card_choices":[{"not_picked":["Coolheaded","Static Discharge"],"picked":"Compile Driver","floor":1},{"not_picked":["Rebound","Static Discharge"],"picked":"Turbo","floor":3},{"not_picked":["Leap","Stack"],"picked":"Defragment","floor":5},{"not_picked":["Chaos","Undo"],"picked":"FTL","floor":6},{"not_picked":["Stack","Steam"],"picked":"Beam Cell","floor":8},{"not_picked":["Heatsinks","Force Field"],"picked":"Turbo","floor":11},{"not_picked":["Recycle","Auto Shields"],"picked":"Go for the Eyes","floor":12}],"player_experience":752332,"relics_obtained":[{"floor":6,"key":"Pantograph"},{"floor":8,"key":"Smiling Mask"},{"floor":9,"key":"Bronze Scales"},{"floor":13,"key":"Pen Nib"}],"event_choices":[{"damage_healed":0,"gold_gain":0,"player_choice":"0 cards matched","damage_taken":0,"max_hp_gain":0,"max_hp_loss":0,"event_name":"Match and Keep!","floor":4,"gold_loss":0,"cards_obtained":[]},{"cards_removed":["Strike_B"],"damage_healed":0,"gold_gain":0,"player_choice":"Card Removal","damage_taken":7,"max_hp_gain":0,"max_hp_loss":0,"event_name":"Golden Wing","floor":14,"gold_loss":0}],"is_beta":false,"boss_relics":[],"items_purged_floors":[],"is_endless":false,"potions_floor_spawned":[5,6,8],"killed_by":"The Guardian","ascension_level":18}}