{"host":"6z6y4ky8uzsz1dpj","time":1607692210,"event":{"mods":["2.2 Compatiblity","BaseMod","BetterRewards","Challenge The Spire","Colored Map","Hubris","Minty Spire (QoL Compilation)","Quick Restart","Replay The Spire","StSLib","The Construct","The Cursed","The Hierophant","The Necromancer","The Poker Player","The Servant 0.9.4"],"gold_per_floor":[118,118,129,144,161,161,161,178,178,197,197,197],"floor_reached":11,"playtime":954,"items_purged":[],"score":67,"play_id":"d3cf0d13-230a-4c6b-9530-d74a17b50a25","local_time":"20201211081010","is_ascension_mode":false,"campfire_choices":[{"data":"construct:Autoturret","floor":6,"key":"SMITH"}],"circlet_count":0,"master_deck":["construct:Strike_Gold","construct:Strike_Gold+2","construct:Strike_Gold","construct:Strike_Gold","construct:Strike_Gold","construct:Defend_Gold","construct:Defend_Gold","construct:Defend_Gold","construct:Defend_Gold","construct:Defend_Gold","construct:AttackMode","construct:DefenseMode","construct:Autoturret+1","construct:ChargeShot","construct:Analyze","construct:ReactiveShield","construct:SuppressiveFire"],"relics":["construct:Cogwheel","hubris:Towel","CultistMask","construct:MegaBattery"],"acts_visited":["Exordium"],"potions_floor_usage":[5,10],"damage_taken":[{"damage":6,"enemies":"Jaw Worm","floor":1,"turns":11},{"damage":8,"enemies":"Cultist","floor":3,"turns":5},{"damage":0,"enemies":"Small Slimes","floor":4,"turns":7},{"damage":43,"enemies":"Gremlin Gang","floor":5,"turns":16},{"damage":5,"enemies":"Blue Slaver","floor":8,"turns":6},{"damage":13,"enemies":"Lots of Slimes","floor":10,"turns":5},{"damage":15,"enemies":"Lagavulin","floor":11,"turns":7}],"seed_played":"-6294204928064546386","potions_obtained":[{"floor":3,"key":"BlessingOfTheForge"},{"floor":4,"key":"SteroidPotion"},{"floor":5,"key":"Fire Potion"},{"floor":8,"key":"Doom Potion"}],"is_trial":false,"path_per_floor":["M","?","M","M","M","R","?","M","T","M","E"],"character_chosen":"THE_CONSTRUCT_MOD","items_purchased":["construct:Autoturret"],"campfire_rested":0,"item_purchase_floors":[0],"current_hp_per_floor":[79,79,71,71,28,28,28,23,23,10,0,0],"gold":197,"neow_bonus":"","is_daily":false,"chose_seed":false,"campfire_upgraded":1,"win_rate":0.0,"timestamp":1607692210,"path_taken":["M","?","M","M","M","R","?","?","T","M","E"],"items_purchased_type":["Card"],"build_version":"2020-11-30","purchased_purges":0,"victory":false,"max_hp_per_floor":[85,85,85,85,85,85,85,85,85,85,85,85],"card_choices":[{"not_picked":["construct:Chainstrike","construct:Forcefield"],"picked":"construct:ChargeShot","floor":1},{"not_picked":["construct:HardReboot","construct:ShiftStrike"],"picked":"construct:Analyze","floor":3},{"not_picked":["construct:Electrocute","construct:Versatility","construct:UnbalancingBlast"],"picked":"SKIP","floor":4},{"not_picked":["construct:GuardCore","construct:OmegaCannon"],"picked":"construct:ReactiveShield","floor":5},{"not_picked":["construct:Isolate","construct:SweepLaser","construct:Electrocute"],"picked":"SKIP","floor":8},{"not_picked":["construct:ScrapCannon","construct:Tumble"],"picked":"construct:SuppressiveFire","floor":10}],"player_experience":169990,"relics_obtained":[{"floor":9,"key":"construct:MegaBattery"}],"event_choices":[{"damage_healed":0,"gold_gain":0,"player_choice":"Trade","damage_taken":0,"relics_obtained":["CultistMask"],"max_hp_gain":0,"max_hp_loss":0,"event_name":"FaceTrader","floor":7,"gold_loss":0}],"is_beta":false,"boss_relics":[],"items_purged_floors":[],"is_endless":false,"potions_floor_spawned":[3,4,5,8],"killed_by":"Lagavulin","ascension_level":0}}