{"host":"rmsq46plbpwfbxcc","time":1607656186,"event":{"mods":["AchievementEnabler","BaseMod","Colored Map","DeckTracker","Minty Spire (QoL Compilation)","Permanent Neow","SuperFastMode"],"gold_per_floor":[117,267,192,205,225,225,256,256,280,297,297,322,333,333,333,431,431,456,246,246,264,277,277,277],"floor_reached":23,"playtime":770,"items_purged":["Doubt","Injury"],"score":362,"play_id":"cf4d6ffd-979f-4fa7-ab24-1ca6357e92af","local_time":"20201211120946","is_ascension_mode":true,"campfire_choices":[{"data":"Neutralize","floor":6.0,"key":"SMITH"},{"data":"Cloak And Dagger","floor":8.0,"key":"SMITH"},{"data":"Terror","floor":11.0,"key":"SMITH"},{"data":"Accuracy","floor":15,"key":"SMITH"}],"circlet_count":0,"master_deck":["AscendersBane","Strike_G","Strike_G","Strike_G","Strike_G","Strike_G","Defend_G","Defend_G","Defend_G","Defend_G","Defend_G","Survivor","Neutralize+1","Accuracy+1","Backflip","Cloak And Dagger+1","Terror+1","Blur","Backstab","Bullet Time"],"relics":["Ring of the Snake","Oddly Smooth Stone","Smiling Mask","Lantern","Ninja Scroll","Bloody Idol","HoveringKite","Pen Nib"],"acts_visited":["Exordium","TheCity"],"potions_floor_usage":[22,22],"damage_taken":[{"damage":0.0,"enemies":"Jaw Worm","floor":1.0,"turns":8.0},{"damage":0.0,"enemies":"Small Slimes","floor":4.0,"turns":4.0},{"damage":1.0,"enemies":"Cultist","floor":5.0,"turns":5.0},{"damage":6.0,"enemies":"Lagavulin","floor":7.0,"turns":11.0},{"damage":1.0,"enemies":"Looter","floor":10.0,"turns":4.0},{"damage":25.0,"enemies":"Gremlin Nob","floor":12.0,"turns":5.0},{"damage":0,"enemies":"Exordium Thugs","floor":13,"turns":2},{"damage":10,"enemies":"The Guardian","floor":16,"turns":13},{"damage":6,"enemies":"Chosen","floor":18,"turns":3},{"damage":2,"enemies":"Shell Parasite","floor":21,"turns":4},{"damage":17,"enemies":"Chosen and Byrds","floor":22,"turns":6},{"damage":39,"enemies":"Slavers","floor":23,"turns":6}],"seed_played":"-7474274639557560060","potions_obtained":[{"floor":4.0,"key":"BlessingOfTheForge"},{"floor":5.0,"key":"PowerPotion"},{"floor":10.0,"key":"SkillPotion"},{"floor":16,"key":"SteroidPotion"},{"floor":18,"key":"GamblersBrew"}],"is_trial":false,"path_per_floor":["M","?","$","M","M","R","E","R","T","M","R","E","M","?","R","B",null,"M","$","?","M","M","E"],"character_chosen":"THE_SILENT","items_purchased":["Pen Nib"],"campfire_rested":0,"item_purchase_floors":[19],"current_hp_per_floor":[59,59,59,59,58,58,52,52,52,51,51,26,26,26,26,16,54,48,48,48,51,39,0,0],"gold":277,"neow_bonus":"RANDOM_COMMON_RELIC","is_daily":false,"chose_seed":false,"campfire_upgraded":4,"win_rate":0.0,"timestamp":1607656186,"path_taken":["M","?","$","M","M","R","E","R","T","M","R","E","M","?","R","BOSS","M","$","?","M","M","E"],"items_purchased_type":["Relic"],"build_version":"2020-11-30","purchased_purges":2,"victory":false,"max_hp_per_floor":[66,66,66,66,66,66,66,66,66,66,66,66,66,66,66,66,66,66,66,66,66,66,66,66],"card_choices":[{"not_picked":["Prepared","Eviscerate"],"picked":"Accuracy","floor":1.0},{"not_picked":["Outmaneuver","Reflex"],"picked":"Backflip","floor":4.0},{"not_picked":["Sucker Punch","Heel Hook"],"picked":"Cloak And Dagger","floor":5.0},{"not_picked":["Dodge and Roll","Prepared","Riddle With Holes"],"picked":"SKIP","floor":7.0},{"not_picked":["Dagger Throw","Backflip"],"picked":"Terror","floor":10.0},{"not_picked":["Expertise","Leg Sweep"],"picked":"Blur","floor":12.0},{"not_picked":["Deflect","Acrobatics"],"picked":"Backstab","floor":13},{"not_picked":["Die Die Die","Wraith Form v2"],"picked":"Bullet Time","floor":16},{"not_picked":["Flechettes","Dagger Spray","Poisoned Stab"],"picked":"SKIP","floor":18},{"not_picked":["Crippling Poison","Slice","Wraith Form v2"],"picked":"SKIP","floor":21},{"not_picked":["Catalyst","Heel Hook","Reflex"],"picked":"SKIP","floor":22}],"player_experience":1309760,"relics_obtained":[{"floor":7.0,"key":"Smiling Mask"},{"floor":9.0,"key":"Lantern"},{"floor":12.0,"key":"Ninja Scroll"}],"event_choices":[{"damage_healed":0.0,"max_hp_gain":0.0,"max_hp_loss":0.0,"gold_gain":150.0,"event_name":"Liars Game","player_choice":"AGREE","floor":2.0,"gold_loss":0.0,"damage_taken":0.0,"cards_obtained":["Doubt"]},{"damage_healed":0,"gold_gain":0,"player_choice":"Take Wound","damage_taken":0,"relics_obtained":["Golden Idol"],"max_hp_gain":0,"max_hp_loss":0,"event_name":"Golden Idol","floor":14,"gold_loss":0,"cards_obtained":["Injury"]},{"damage_healed":0,"gold_gain":0,"player_choice":"Gave Idol","damage_taken":0,"relics_obtained":["Bloody Idol"],"max_hp_gain":0,"max_hp_loss":0,"event_name":"Forgotten Altar","floor":20,"relics_lost":["Golden Idol"],"gold_loss":0}],"is_beta":false,"boss_relics":[{"not_picked":["Runic Dome","Empty Cage"],"picked":"HoveringKite"}],"items_purged_floors":[3,19],"is_endless":false,"potions_floor_spawned":[4,5,10,16,18],"killed_by":"Slavers","ascension_level":16}}