{"host":"e326moqq81vao3qq","time":1607714019,"event":{"mods":["BaseMod","Colored Powertips","Downfall","Highlight Path","Minty Spire (QoL Compilation)","Quick Restart","Relic Stats","Spicy Shops","StSLib","The Druid"],"gold_per_floor":[119,119,132,132,132,165,165,189,189,205,230,249,249,262,262,262,262],"floor_reached":16,"playtime":964,"items_purged":[],"score":129,"play_id":"0fadec88-bba1-4ec3-ab67-d5876629670e","local_time":"20201211141339","is_ascension_mode":false,"campfire_choices":[{"data":"theDruid:BristlingDefense","floor":13,"key":"SMITH"},{"data":"theDruid:Forage","floor":15,"key":"SMITH"}],"circlet_count":0,"master_deck":["theDruid:Strike_O+1","theDruid:Strike_O","theDruid:Strike_O","theDruid:Strike_O+1","theDruid:Defend_O","theDruid:Defend_O","theDruid:Defend_O","theDruid:Defend_O","theDruid:BriarArmor+1","theDruid:WildSlash","theDruid:FaerieFire","theDruid:BloodiedFur","theDruid:ThickHide","theDruid:Recoil","theDruid:BristlingDefense+1","theDruid:ForestsSoul","theDruid:FelineGrace","theDruid:Forage+1"],"relics":["theDruid:CrownOfTheWilds","NeowsBlessing","Golden Idol","Meat on the Bone","Ancient Tea Set","Whetstone"],"acts_visited":["Exordium"],"potions_floor_usage":[6,12,16],"damage_taken":[{"damage":0,"enemies":"2 Louse","floor":1,"turns":1},{"damage":0,"enemies":"Jaw Worm","floor":3,"turns":1},{"damage":0,"enemies":"3 Sentries","floor":6,"turns":2},{"damage":2,"enemies":"Small Slimes","floor":8,"turns":5},{"damage":9,"enemies":"3 Louse","floor":10,"turns":4},{"damage":2,"enemies":"Blue Slaver","floor":11,"turns":4},{"damage":15,"enemies":"Large Slime","floor":12,"turns":6},{"damage":10,"enemies":"Gremlin Gang","floor":14,"turns":4},{"damage":56,"enemies":"The Guardian","floor":16,"turns":7}],"seed_played":"5532751004552784764","potions_obtained":[{"floor":1,"key":"Fruit Juice"},{"floor":3,"key":"sneckomod:MuddlingPotion"},{"floor":8,"key":"LiquidMemories"},{"floor":11,"key":"Fire Potion"}],"is_trial":false,"path_per_floor":["M","?","M","?","T","E","$","M","T","M","M","M","R","M","R","B"],"character_chosen":"DRUID","items_purchased":[],"campfire_rested":0,"item_purchase_floors":[],"current_hp_per_floor":[75,75,75,69,69,74,74,72,72,63,61,46,46,48,48,0,0],"gold":262,"neow_bonus":"THREE_ENEMY_KILL","is_daily":false,"chose_seed":false,"campfire_upgraded":2,"win_rate":0.0,"timestamp":1607714019,"path_taken":["M","?","M","?","?","E","$","M","T","M","M","M","R","M","R","BOSS"],"items_purchased_type":[],"build_version":"2020-11-30","purchased_purges":0,"victory":false,"max_hp_per_floor":[75,75,75,69,69,74,74,74,74,74,74,74,74,74,74,74,74],"relic_stats":{"counters":[9,34],"Golden Idol":27,"Whetstone":["theDruid:Strike_O","theDruid:Strike_O"],"obtain_stats":[{"NeowsBlessing":0,"Golden Idol":4,"Whetstone":9,"Ancient Tea Set":6,"theDruid:CrownOfTheWilds":0,"Meat on the Bone":5},{"NeowsBlessing":0,"Golden Idol":2,"Whetstone":4,"Ancient Tea Set":3,"theDruid:CrownOfTheWilds":0,"Meat on the Bone":2},{"NeowsBlessing":0,"Golden Idol":2,"Whetstone":9,"Ancient Tea Set":4,"theDruid:CrownOfTheWilds":0,"Meat on the Bone":2}],"Meat on the Bone":12},"card_choices":[{"not_picked":["theDruid:BagofTricks","theDruid:Eclipse"],"picked":"theDruid:FaerieFire","floor":1},{"not_picked":["theDruid:Resupply","theDruid:Gore"],"picked":"theDruid:BloodiedFur","floor":3},{"not_picked":["theDruid:FaerieFire","theDruid:TakeShelter"],"picked":"theDruid:ThickHide","floor":6},{"not_picked":["theDruid:Swipe","theDruid:LunarScythe"],"picked":"theDruid:Recoil","floor":8},{"not_picked":["theDruid:ForestsSoul","theDruid:Slingshot"],"picked":"theDruid:BristlingDefense","floor":10},{"not_picked":["theDruid:FuriousSlash","theDruid:Starburst"],"picked":"theDruid:ForestsSoul","floor":11},{"not_picked":["theDruid:ForestGuard","theDruid:WildFrenzy"],"picked":"theDruid:FelineGrace","floor":12},{"not_picked":["theDruid:Adaptation","theDruid:FullMoon"],"picked":"theDruid:Forage","floor":14}],"player_experience":79609,"relics_obtained":[{"floor":5,"key":"Meat on the Bone"},{"floor":6,"key":"Ancient Tea Set"},{"floor":9,"key":"Whetstone"}],"event_choices":[{"damage_healed":0,"gold_gain":0,"player_choice":"Grow","damage_taken":0,"max_hp_gain":0,"max_hp_loss":0,"event_name":"Living Wall","floor":2,"gold_loss":0,"cards_upgraded":["theDruid:BriarArmor"]},{"damage_healed":0,"gold_gain":0,"player_choice":"Lose Max HP","damage_taken":0,"relics_obtained":["Golden Idol"],"max_hp_gain":0,"max_hp_loss":6,"event_name":"Golden Idol","floor":4,"gold_loss":0}],"is_beta":false,"boss_relics":[],"items_purged_floors":[],"is_endless":false,"potions_floor_spawned":[1,3,8,11],"killed_by":"The Guardian","ascension_level":0}}