{"host":"Kdaddybrian","time":1607659985,"event":{"mods":["AchievementEnabler","BaseMod","Colored Powertips","Minty Spire (QoL Compilation)","Rare Cards Sparkle","Relic Stats","StSLib"],"gold_per_floor":[119,52,67,67,85,116,116,128,128,163,182,182,211,221,221,318,318,331,331,92,112,128,128,128,163,190,190,222,297,297,314,314,411,411,430,442,7,25,25,25,50,100,174,174,193,224,224,242,242,242,242,242,8,40,40],"floor_reached":56,"playtime":3054,"items_purged":["Strike_G","Strike_G"],"score":1835,"play_id":"38c244ee-8ca1-40ee-89af-a8202445936e","local_time":"20201210231305","is_ascension_mode":true,"campfire_choices":[{"floor":7,"key":"REST"},{"data":"Noxious Fumes","floor":12,"key":"SMITH"},{"data":"Neutralize","floor":15,"key":"SMITH"},{"floor":23,"key":"REST"},{"data":"Wraith Form v2","floor":27,"key":"SMITH"},{"floor":32,"key":"REST"},{"data":"Well Laid Plans","floor":40,"key":"SMITH"},{"floor":44,"key":"RECALL"},{"floor":49,"key":"REST"},{"data":"Calculated Gamble","floor":52,"key":"SMITH"}],"circlet_count":0,"master_deck":["AscendersBane","Strike_G+1","Strike_G+1","Defend_G","Defend_G","Defend_G","Defend_G","Defend_G","Survivor","Neutralize+1","Poisoned Stab","Noxious Fumes+1","Predator","Quick Slash","Dodge and Roll","Well Laid Plans+1","Bouncing Flask","Wraith Form v2+1","Sucker Punch","Crippling Poison","Apotheosis","Dodge and Roll","Terror","Catalyst+1","PiercingWail","Corpse Explosion","PiercingWail+1","Calculated Gamble+1","PiercingWail","Catalyst+1","Acrobatics","Panacea","Dark Shackles","Crippling Poison+1","Crippling Poison+1"],"relics":["Ring of the Snake","Strawberry","White Beast Statue","Ninja Scroll","Pear","Oddly Smooth Stone","Juzu Bracelet","Snecko Eye","Orichalcum","Bag of Marbles","Whetstone","SacredBark","OrangePellets","Blood Vial","The Specimen","Incense Burner","Sundial","Medical Kit","Boot"],"acts_visited":["Exordium","TheCity","TheBeyond","TheEnding"],"potions_floor_usage":[8,10,13,14,16,18,21,25,25,28,31,36,41,41,46,50,55,55],"damage_taken":[{"damage":0,"enemies":"Small Slimes","floor":1,"turns":6},{"damage":0,"enemies":"Jaw Worm","floor":3,"turns":4},{"damage":0,"enemies":"Cultist","floor":5,"turns":3},{"damage":28,"enemies":"Gremlin Nob","floor":6,"turns":5},{"damage":5,"enemies":"Gremlin Gang","floor":8,"turns":6},{"damage":12,"enemies":"3 Sentries","floor":10,"turns":8},{"damage":0,"enemies":"Looter","floor":11,"turns":3},{"damage":22,"enemies":"Gremlin Nob","floor":13,"turns":4},{"damage":13,"enemies":"Exordium Wildlife","floor":14,"turns":3},{"damage":25,"enemies":"The Guardian","floor":16,"turns":8},{"damage":5,"enemies":"Spheric Guardian","floor":18,"turns":5},{"damage":0,"enemies":"Chosen","floor":21,"turns":3},{"damage":6,"enemies":"Centurion and Healer","floor":22,"turns":5},{"damage":23,"enemies":"Book of Stabbing","floor":25,"turns":5},{"damage":17,"enemies":"Gremlin Leader","floor":28,"turns":7},{"damage":0,"enemies":"3 Cultists","floor":31,"turns":5},{"damage":7,"enemies":"Collector","floor":33,"turns":5},{"damage":5,"enemies":"Orb Walker","floor":35,"turns":3},{"damage":0,"enemies":"3 Darklings","floor":36,"turns":2},{"damage":0,"enemies":"Jaw Worm Horde","floor":38,"turns":4},{"damage":8,"enemies":"Reptomancer","floor":41,"turns":7},{"damage":5,"enemies":"Mind Bloom Boss Battle","floor":42,"turns":5},{"damage":4,"enemies":"Sphere and 2 Shapes","floor":45,"turns":5},{"damage":0,"enemies":"Nemesis","floor":46,"turns":5},{"damage":6,"enemies":"Writhing Mass","floor":48,"turns":5},{"damage":18,"enemies":"Time Eater","floor":50,"turns":7},{"damage":13,"enemies":"Shield and Spear","floor":54,"turns":5},{"damage":9,"enemies":"The Heart","floor":55,"turns":7}],"seed_played":"-2698378431711740668","potions_obtained":[{"floor":3,"key":"Fruit Juice"},{"floor":5,"key":"Strength Potion"},{"floor":6,"key":"Regen Potion"},{"floor":8,"key":"Fruit Juice"},{"floor":10,"key":"LiquidBronze"},{"floor":13,"key":"Fire Potion"},{"floor":14,"key":"SteroidPotion"},{"floor":16,"key":"Fruit Juice"},{"floor":18,"key":"DistilledChaos"},{"floor":21,"key":"Block Potion"},{"floor":25,"key":"Fire Potion"},{"floor":28,"key":"DuplicationPotion"},{"floor":31,"key":"FearPotion"},{"floor":33,"key":"Block Potion"},{"floor":35,"key":"FairyPotion"},{"floor":36,"key":"Poison Potion"},{"floor":41,"key":"Swift Potion"},{"floor":42,"key":"SkillPotion"},{"floor":46,"key":"Swift Potion"},{"floor":54,"key":"DistilledChaos"}],"is_trial":false,"path_per_floor":["M","$","M","?","M","E","R","M","T","E","M","R","E","M","R","B",null,"M","?","$","M","M","R","?","E","T","R","E","?","?","M","R","B",null,"M","M","$","M","?","R","E","?","T","R","M","E","?","M","R","B",null,"R","$","E","B",null],"character_chosen":"THE_SILENT","items_purchased":["Noxious Fumes","Apotheosis","OrangePellets","Blood Vial","Calculated Gamble","Medical Kit","LiquidBronze"],"campfire_rested":4,"item_purchase_floors":[2,20,37,37,37,53,53],"current_hp_per_floor":[70,70,70,52,52,24,47,47,57,50,50,50,42,29,29,4,74,74,74,74,74,68,98,98,75,75,75,58,48,27,27,59,52,93,88,88,88,90,90,90,84,81,81,81,79,81,71,67,97,81,97,97,97,86,79],"gold":40,"neow_bonus":"RANDOM_COMMON_RELIC","is_daily":false,"chose_seed":false,"campfire_upgraded":5,"win_rate":0.0,"timestamp":1607659985,"path_taken":["M","$","M","?","M","E","R","M","T","E","M","R","E","M","R","BOSS","M","?","$","M","M","R","?","E","T","R","E","?","?","M","R","BOSS","M","M","$","M","?","R","E","?","T","R","M","E","?","M","R","BOSS","R","$","E","BOSS"],"items_purchased_type":["Card","Card","Relic","Relic","Card","Relic","Potion"],"build_version":"2020-12-07","purchased_purges":2,"victory":true,"max_hp_per_floor":[77,77,77,77,77,77,77,82,92,97,97,97,97,97,97,97,97,102,102,102,102,102,102,102,102,102,102,102,102,107,107,107,107,107,107,107,107,107,102,102,102,102,102,102,102,102,102,102,102,102,102,102,102,102,102],"relic_stats":{"Blood Vial":18,"OrangePellets":[15],"counters":[28,140],"Sundial":[4],"Snecko Eye":[122,132,108,137],"Juzu Bracelet":3,"Whetstone":["Strike_G","Strike_G"],"Orichalcum":[168],"Medical Kit":[5],"Boot":[1],"obtain_stats":[{"Pear":9,"The Specimen":41,"SacredBark":34,"Oddly Smooth Stone":10,"Juzu Bracelet":13,"Incense Burner":42,"Whetstone":28,"Orichalcum":25,"Medical Kit":53,"Boot":54,"White Beast Statue":4,"Blood Vial":37,"OrangePellets":37,"Ninja Scroll":6,"Sundial":46,"Strawberry":0,"Snecko Eye":17,"Bag of Marbles":26,"Ring of the Snake":0},{"Pear":5,"The Specimen":21,"SacredBark":17,"Oddly Smooth Stone":6,"Juzu Bracelet":8,"Incense Burner":22,"Whetstone":15,"Orichalcum":14,"Medical Kit":26,"Boot":27,"White Beast Statue":2,"Blood Vial":19,"OrangePellets":19,"Ninja Scroll":4,"Sundial":24,"Strawberry":0,"Snecko Eye":10,"Bag of Marbles":14,"Ring of the Snake":0},{"Pear":24,"The Specimen":101,"SacredBark":85,"Oddly Smooth Stone":32,"Juzu Bracelet":39,"Incense Burner":106,"Whetstone":75,"Orichalcum":68,"Medical Kit":128,"Boot":133,"White Beast Statue":10,"Blood Vial":90,"OrangePellets":90,"Ninja Scroll":18,"Sundial":116,"Strawberry":0,"Snecko Eye":50,"Bag of Marbles":68,"Ring of the Snake":0}],"Ring of the Snake":[20]},"card_choices":[{"not_picked":["Prepared","Catalyst"],"picked":"Poisoned Stab","floor":1},{"not_picked":["Dodge and Roll","Crippling Poison"],"picked":"Predator","floor":3},{"not_picked":["Outmaneuver","Calculated Gamble"],"picked":"Quick Slash","floor":5},{"not_picked":["Dagger Throw","Deadly Poison"],"picked":"Dodge and Roll","floor":6},{"not_picked":["Accuracy","Phantasmal Killer","Dagger Throw"],"picked":"SKIP","floor":8},{"not_picked":["Endless Agony","Underhanded Strike","Outmaneuver"],"picked":"SKIP","floor":10},{"not_picked":["Quick Slash","Caltrops"],"picked":"Well Laid Plans","floor":11},{"not_picked":["Sucker Punch","Predator"],"picked":"Bouncing Flask","floor":13},{"not_picked":["Setup","Cloak And Dagger","Dagger Throw"],"picked":"SKIP","floor":14},{"not_picked":["Grand Finale","Phantasmal Killer"],"picked":"Wraith Form v2","floor":16},{"not_picked":["Underhanded Strike","Reflex"],"picked":"Sucker Punch","floor":18},{"not_picked":["Sucker Punch","Riddle With Holes"],"picked":"Dodge and Roll","floor":21},{"not_picked":["Setup","Reflex","Flying Knee+1"],"picked":"SKIP","floor":22},{"not_picked":["Leg Sweep","Footwork"],"picked":"Catalyst+1","floor":25},{"not_picked":["Quick Slash","Slice","Cloak And Dagger"],"picked":"SKIP","floor":28},{"not_picked":["Bouncing Flask","Blade Dance"],"picked":"PiercingWail","floor":31},{"not_picked":["Doppelganger","Grand Finale"],"picked":"Corpse Explosion","floor":33},{"not_picked":["Poisoned Stab+1","Sucker Punch+1"],"picked":"PiercingWail+1","floor":35},{"not_picked":["Expertise","Flying Knee+1","Accuracy+1"],"picked":"SKIP","floor":36},{"not_picked":["Reflex","Concentrate+1"],"picked":"PiercingWail","floor":38},{"not_picked":["Masterful Stab+1","Corpse Explosion"],"picked":"Catalyst+1","floor":41},{"not_picked":["Bane","Reflex"],"picked":"Acrobatics","floor":42},{"not_picked":["Blade Dance+1","Sucker Punch","Flechettes+1"],"picked":"SKIP","floor":45},{"not_picked":["All Out Attack+1","Dagger Spray+1","Terror"],"picked":"SKIP","floor":46},{"not_picked":["Transmutation","Dramatic Entrance"],"picked":"Panacea","floor":47},{"not_picked":["Blind","Panache"],"picked":"Dark Shackles","floor":47},{"not_picked":["Dodge and Roll","Noxious Fumes"],"picked":"Crippling Poison+1","floor":48},{"not_picked":["Quick Slash+1","Noxious Fumes+1"],"picked":"Crippling Poison+1","floor":54}],"player_experience":2837598,"relics_obtained":[{"floor":6,"key":"Ninja Scroll"},{"floor":9,"key":"Pear"},{"floor":10,"key":"Oddly Smooth Stone"},{"floor":13,"key":"Juzu Bracelet"},{"floor":25,"key":"Orichalcum"},{"floor":26,"key":"Bag of Marbles"},{"floor":28,"key":"Whetstone"},{"floor":41,"key":"The Specimen"},{"floor":42,"key":"Incense Burner"},{"floor":46,"key":"Sundial"},{"floor":54,"key":"Boot"}],"event_choices":[{"damage_healed":0,"gold_gain":0,"player_choice":"Success","damage_taken":18,"relics_obtained":["White Beast Statue"],"max_hp_gain":0,"max_hp_loss":0,"event_name":"Scrap Ooze","floor":4,"gold_loss":0},{"damage_healed":0,"gold_gain":0,"player_choice":"Read","damage_taken":0,"max_hp_gain":0,"max_hp_loss":0,"event_name":"The Library","floor":19,"gold_loss":0,"cards_obtained":["Crippling Poison"]},{"damage_healed":0,"gold_gain":0,"cards_transformed":["Strike_G"],"player_choice":"Transformed","damage_taken":0,"max_hp_gain":0,"max_hp_loss":0,"event_name":"Transmorgrifier","floor":24,"gold_loss":0,"cards_obtained":["Terror"]},{"damage_healed":0,"gold_gain":75,"player_choice":"Touch","damage_taken":10,"max_hp_gain":0,"max_hp_loss":0,"event_name":"FaceTrader","floor":29,"gold_loss":0},{"damage_healed":0,"gold_gain":0,"player_choice":"Shed Blood","damage_taken":26,"max_hp_gain":5,"max_hp_loss":0,"event_name":"Forgotten Altar","floor":30,"gold_loss":0},{"damage_healed":0,"gold_gain":0,"player_choice":"Max HP","damage_taken":0,"max_hp_gain":0,"max_hp_loss":5,"event_name":"Winding Halls","floor":39,"gold_loss":0},{"damage_healed":0,"gold_gain":0,"player_choice":"Fight","damage_taken":0,"max_hp_gain":0,"max_hp_loss":0,"event_name":"MindBloom","floor":42,"gold_loss":0},{"damage_healed":0,"gold_gain":0,"player_choice":"Memory 3","damage_taken":10,"max_hp_gain":0,"max_hp_loss":0,"event_name":"SensoryStone","floor":47,"gold_loss":0}],"is_beta":true,"boss_relics":[{"not_picked":["Black Star","Coffee Dripper"],"picked":"Snecko Eye"},{"not_picked":["Tiny House","Astrolabe"],"picked":"SacredBark"}],"items_purged_floors":[20,37],"is_endless":false,"potions_floor_spawned":[3,5,6,8,10,11,13,14,16,18,21,22,25,28,31,33,35,36,38,41,42,45,46,48,54],"ascension_level":10}}