{"host":"ez767vrydzojtnp0","time":1607704121,"event":{"mods":["Act Like it!","Aspiration","BaseMod","Better Note","BetterRewards","Challenge The Spire","Colored Powertips","Conspire","GifTheSpireLib","Hermit","Hubris","Infinite Spire","Minty Spire (QoL Compilation)","Quick Restart","Rare Cards Sparkle","Relic Stats","Replay The Spire","Shop Mod","Spikes Relics","StSLib","Stuff the Spire","SuperFastMode","everything is the same but u backflip on backflip","slay the spire mod where everything is the same but ironclad has a cowboy hat","vexMod"],"gold_per_floor":[115,115,115,130,155,196,196,220,269,82,82,115,128,157,157,280,280,293,293,371,399,399],"floor_reached":21,"playtime":964,"items_purged":[],"score":289,"play_id":"579e3d27-22b8-42b4-a9b4-f833752beeca","local_time":"20201211142841","is_ascension_mode":false,"campfire_choices":[{"floor":7,"key":"RECALL"},{"floor":11,"key":"REST"},{"floor":15,"key":"REST"}],"circlet_count":0,"master_deck":["Strike_R","Strike_R","Strike_R","Strike_R","Strike_R","Defend_R","Defend_R","Defend_R","Defend_R","Bash","Iron Wave","StuffTheSpire:Incineration","Dropkick","Absolvement","Pommel Strike","hubris:StunningStrike","Replay:Undeath\u0027s Touch","Thunderclap","Impervious","CloudedMind","Exhume","True Grit"],"relics":["Burning Blood","Golden Idol","vexMod:BarristanHead","Ice Cream","MerchantsRug","Omamori","FossilizedHelix","Odd Mushroom","Replay:Ancient Bell","Oddly Smooth Stone","vexMod:ConsolationPrize","Durian"],"acts_visited":["Exordium","TheCity"],"potions_floor_usage":[6,16,21],"damage_taken":[{"damage":5,"enemies":"Small Slimes","floor":1,"turns":3},{"damage":4,"enemies":"2 Louse","floor":4,"turns":4},{"damage":1,"enemies":"Cultist","floor":5,"turns":3},{"damage":17,"enemies":"3 Sentries","floor":6,"turns":8},{"damage":6,"enemies":"Large Slime","floor":8,"turns":4},{"damage":27,"enemies":"Lagavulin","floor":12,"turns":7},{"damage":12,"enemies":"Blue Slaver","floor":13,"turns":5},{"damage":25,"enemies":"The Mushroom Lair","floor":14,"turns":4},{"damage":37,"enemies":"Slime Boss","floor":16,"turns":10},{"damage":0,"enemies":"Chosen","floor":18,"turns":8},{"damage":62,"enemies":"Shell Parasite","floor":20,"turns":14},{"damage":34,"enemies":"Centurion and Healer","floor":21,"turns":11}],"seed_played":"-4679295054643553848","potions_obtained":[{"floor":1,"key":"Reflective Coating"},{"floor":4,"key":"Explosive Potion"},{"floor":12,"key":"PowerPotion"},{"floor":20,"key":"LiquidMemories"}],"is_trial":false,"path_per_floor":["M","?","?","M","M","E","R","M","T","$","R","E","M","?","R","B",null,"M","?","M","M"],"character_chosen":"IRONCLAD","items_purchased":["MerchantsRug","Omamori"],"campfire_rested":2,"item_purchase_floors":[10,10],"current_hp_per_floor":[71,51,51,53,58,47,47,47,47,47,71,50,44,25,49,18,85,85,85,29,0,0],"gold":399,"neow_bonus":"","is_daily":false,"chose_seed":false,"campfire_upgraded":0,"win_rate":0.0,"timestamp":1607704121,"path_taken":["M","?","?","M","M","E","R","M","T","$","R","E","M","?","R","BOSS","M","?","M","M"],"items_purchased_type":["Relic","Relic"],"build_version":"2020-11-30","purchased_purges":0,"victory":false,"max_hp_per_floor":[80,80,80,80,80,80,80,80,80,80,80,80,80,80,80,80,85,85,85,85,85,85],"relic_stats":{"counters":[64,332],"Golden Idol":68,"obtain_stats":[{"Ice Cream":6,"vexMod:PlasmaPancake":0,"StuffTheSpire:Barrel":24,"hubris:CrystalStatue":7,"Torii":22,"Magic Flower":6,"Black Blood":36,"Painkiller Herb":34,"aspiration:PoetsPen_weak":34,"StuffTheSpire:EmeraldSignet":9,"Juzu Bracelet":26,"Sling":24,"Burning Blood":0,"aspiration:RitualStick":27,"StuffTheSpire:Experiment12":0,"hubris:Icosahedron":45,"hubris:ScarierMask":24,"Red Mask":47,"aspiration:ChemicalBlood":32,"Gremlin Food":25,"MerchantsRug":10,"aspiration:Nostalgia":0,"infinitespire:CursedDice":0,"GiantMaggot":43,"Golden Idol":2,"Quantum Egg":11,"vexMod:ConsolationPrize":17,"Oddly Smooth Stone":17,"Replay:WaspNest":14,"Omamori":10,"Replay:Ancient Bell":17,"aspiration:SecretTechniqueScroll":17,"Odd Mushroom":14,"Akabeko":5,"infinitespire:EvilPickle":33,"Du-Vu Doll":0,"infinitespire:DarkRift":0,"vexMod:BarristanHead":3,"vexMod:CursedCompass":17,"SpikesRelics:DaevaFist":10,"Durian":17,"aspiration:HatOfInfinitePower":0,"FossilizedHelix":12,"infinitespire:Midas Blood":26,"hubris:BottledRain":36},{"Ice Cream":56,"vexMod:PlasmaPancake":19,"StuffTheSpire:Barrel":31,"hubris:CrystalStatue":45,"Torii":10,"Magic Flower":3,"Black Blood":16,"Painkiller Herb":15,"aspiration:PoetsPen_weak":34,"StuffTheSpire:EmeraldSignet":46,"Juzu Bracelet":31,"Sling":11,"Burning Blood":0,"aspiration:RitualStick":31,"StuffTheSpire:Experiment12":41,"hubris:Icosahedron":39,"hubris:ScarierMask":11,"Red Mask":40,"aspiration:ChemicalBlood":14,"Gremlin Food":12,"MerchantsRug":57,"aspiration:Nostalgia":0,"infinitespire:CursedDice":19,"GiantMaggot":39,"Golden Idol":53,"Quantum Egg":47,"vexMod:ConsolationPrize":61,"Oddly Smooth Stone":61,"Replay:WaspNest":27,"Omamori":57,"Replay:Ancient Bell":61,"aspiration:SecretTechniqueScroll":28,"Odd Mushroom":60,"Akabeko":44,"infinitespire:EvilPickle":15,"Du-Vu Doll":52,"infinitespire:DarkRift":0,"vexMod:BarristanHead":53,"vexMod:CursedCompass":7,"SpikesRelics:DaevaFist":24,"Durian":61,"aspiration:HatOfInfinitePower":41,"FossilizedHelix":58,"infinitespire:Midas Blood":12,"hubris:BottledRain":16},{"Ice Cream":269,"vexMod:PlasmaPancake":111,"StuffTheSpire:Barrel":155,"hubris:CrystalStatue":218,"Torii":59,"Magic Flower":8,"Black Blood":96,"Painkiller Herb":92,"aspiration:PoetsPen_weak":170,"StuffTheSpire:EmeraldSignet":221,"Juzu Bracelet":155,"Sling":65,"Burning Blood":0,"aspiration:RitualStick":155,"StuffTheSpire:Experiment12":199,"hubris:Icosahedron":190,"hubris:ScarierMask":65,"Red Mask":194,"aspiration:ChemicalBlood":78,"Gremlin Food":67,"MerchantsRug":273,"aspiration:Nostalgia":0,"infinitespire:CursedDice":111,"GiantMaggot":190,"Golden Idol":254,"Quantum Egg":225,"vexMod:ConsolationPrize":299,"Oddly Smooth Stone":299,"Replay:WaspNest":134,"Omamori":273,"Replay:Ancient Bell":299,"aspiration:SecretTechniqueScroll":144,"Odd Mushroom":289,"Akabeko":210,"infinitespire:EvilPickle":92,"Du-Vu Doll":251,"infinitespire:DarkRift":0,"vexMod:BarristanHead":254,"vexMod:CursedCompass":39,"SpikesRelics:DaevaFist":125,"Durian":299,"aspiration:HatOfInfinitePower":199,"FossilizedHelix":280,"infinitespire:Midas Blood":67,"hubris:BottledRain":96}],"Burning Blood":380},"card_choices":[{"not_picked":["Clash","Abandon"],"picked":"Iron Wave","floor":1},{"not_picked":["True Grit","Shrug It Off"],"picked":"StuffTheSpire:Incineration","floor":4},{"not_picked":["Abandon","Power Through"],"picked":"Dropkick","floor":5},{"not_picked":["Warcry","Replay:Undeath\u0027s Touch"],"picked":"Absolvement","floor":6},{"not_picked":["Clash","conspire:ExplosiveBarrier"],"picked":"Pommel Strike","floor":8},{"not_picked":["Battle Trance","Heavy Blade"],"picked":"hubris:StunningStrike","floor":12},{"not_picked":["StuffTheSpire:RagingBull","Run Through"],"picked":"Replay:Undeath\u0027s Touch","floor":13},{"not_picked":["Perfected Strike","Dropkick"],"picked":"Thunderclap","floor":14},{"not_picked":["conspire:HitWhereItHurts","Immolate"],"picked":"Impervious","floor":16},{"not_picked":["hubris:Lust","conspire:NecroticWound"],"picked":"Regret","floor":17},{"not_picked":["Sickly","Regret"],"picked":"Overencumbered","floor":17},{"not_picked":["Amnesia","hubris:Disease"],"picked":"CloudedMind","floor":17},{"not_picked":["ReplayTheSpireMod:Strike From Hell","Life Link"],"picked":"Exhume","floor":18},{"not_picked":["Thunderclap+1","ReplayTheSpireMod:Strike From Hell"],"picked":"True Grit","floor":20}],"player_experience":356965,"relics_obtained":[{"floor":3,"key":"vexMod:BarristanHead"},{"floor":6,"key":"Ice Cream"},{"floor":12,"key":"FossilizedHelix"},{"floor":14,"key":"Odd Mushroom"}],"event_choices":[{"damage_healed":0,"gold_gain":0,"player_choice":"Take Damage","damage_taken":20,"relics_obtained":["Golden Idol"],"max_hp_gain":0,"max_hp_loss":0,"event_name":"Golden Idol","floor":2,"gold_loss":0},{"damage_healed":0,"gold_gain":0,"player_choice":"Fought Mushrooms","damage_taken":0,"max_hp_gain":0,"max_hp_loss":0,"event_name":"Mushrooms","floor":14,"gold_loss":0},{"damage_healed":0,"gold_gain":0,"player_choice":"Ignored","damage_taken":0,"max_hp_gain":0,"max_hp_loss":0,"event_name":"betterNote:BetterNote","floor":19,"gold_loss":0,"cards_obtained":["Hemogenesis"]}],"is_beta":false,"boss_relics":[{"not_picked":["hubris:BlackHole","vexMod:CursedCompass"],"picked":"Replay:Ancient Bell"},{"not_picked":["Bag of Marbles","Akabeko"],"picked":"Oddly Smooth Stone"},{"not_picked":["StuffTheSpire:Tea","Golden Egg"],"picked":"vexMod:ConsolationPrize"},{"not_picked":["Peace Pipe","conspire:GiftBox"],"picked":"Durian"}],"items_purged_floors":[],"is_endless":false,"potions_floor_spawned":[1,4,12,20],"killed_by":"Centurion and Healer","ascension_level":0}}