{"host":"sh8ot41fo7a0kahq","time":1607674605,"event":{"mods":["BaseMod","Better Third Choice","Colored Powertips","Minty Spire (QoL Compilation)","Quick Restart","Spicy Shops","StSLib","UnlockEverythingMod"],"gold_per_floor":[110,120,120,120,295,321,340,357,357,389,163,192,210,221,221,323,323,339,339,339,351,351,351,351,351,378,378,167,197,209,227,227,328,328,340,340,340],"floor_reached":36,"playtime":1179,"items_purged":["Doubt","Writhe"],"score":559,"play_id":"0e8e8b4f-7e11-4b60-bf73-81590fa65ee0","local_time":"20201211161645","is_ascension_mode":true,"campfire_choices":[{"data":"Armaments","floor":15.0,"key":"SMITH"},{"data":"Feel No Pain","floor":23.0,"key":"SMITH"},{"data":"Second Wind","floor":25.0,"key":"SMITH"},{"data":"Rampage","floor":27.0,"key":"SMITH"},{"floor":32.0,"key":"REST"}],"circlet_count":0,"master_deck":["Strike_R","Defend_R+1","Defend_R","Defend_R+1","Defend_R","Bash","Adrenaline+1","Armaments+1","Shockwave","Shrug It Off","Feed","Inflame","Feel No Pain+1","Impervious","Rampage+1","Flex","Second Wind+1","Feel No Pain","Corruption"],"relics":["Burning Blood","NeowsBlessing","War Paint","Orichalcum","Paper Frog","Blood Vial","PreservedInsect","Juzu Bracelet","Cursed Key","Nunchaku","Smiling Mask","Empty Cage"],"acts_visited":["Exordium","TheCity","TheBeyond"],"potions_floor_usage":[],"damage_taken":[{"damage":0.0,"enemies":"Jaw Worm","floor":1.0,"turns":1.0},{"damage":0.0,"enemies":"2 Louse","floor":2.0,"turns":1.0},{"damage":0.0,"enemies":"Gremlin Nob","floor":6.0,"turns":1.0},{"damage":2.0,"enemies":"Cultist","floor":7.0,"turns":3.0},{"damage":2.0,"enemies":"2 Fungi Beasts","floor":8.0,"turns":3.0},{"damage":17.0,"enemies":"3 Sentries","floor":10.0,"turns":8.0},{"damage":9.0,"enemies":"Gremlin Nob","floor":12.0,"turns":3.0},{"damage":0.0,"enemies":"3 Louse","floor":13.0,"turns":5.0},{"damage":12.0,"enemies":"Lots of Slimes","floor":14.0,"turns":4.0},{"damage":38.0,"enemies":"The Guardian","floor":16.0,"turns":11.0},{"damage":10.0,"enemies":"2 Thieves","floor":18.0,"turns":4.0},{"damage":3.0,"enemies":"3 Byrds","floor":21.0,"turns":5.0},{"damage":17.0,"enemies":"Book of Stabbing","floor":29.0,"turns":5.0},{"damage":31.0,"enemies":"Snake Plant","floor":30.0,"turns":5.0},{"damage":4.0,"enemies":"3 Cultists","floor":31.0,"turns":7.0},{"damage":38.0,"enemies":"Champ","floor":33.0,"turns":11.0},{"damage":52,"enemies":"3 Darklings","floor":35,"turns":10},{"damage":42,"enemies":"Orb Walker","floor":36,"turns":7}],"seed_played":"-2002845626030702127","potions_obtained":[{"floor":6.0,"key":"Fire Potion"},{"floor":8.0,"key":"Explosive Potion"},{"floor":12.0,"key":"PowerPotion"},{"floor":16.0,"key":"DistilledChaos"}],"is_trial":false,"path_per_floor":["M","M","?","?","?","E","M","M","T","E","$","E","M","M","R","B",null,"M","?","?","M","?","R","?","R","T","R","$","E","M","M","R","B",null,"M","M"],"character_chosen":"IRONCLAD","items_purchased":["PreservedInsect","Feel No Pain"],"campfire_rested":1,"item_purchase_floors":[11,28],"current_hp_per_floor":[80,80,75,75,75,80,80,80,80,69,69,68,79,78,78,48,77,75,75,75,84,84,84,66,66,66,66,66,57,34,41,70,40,84,40,0,0],"gold":340,"neow_bonus":"THREE_ENEMY_KILL","is_daily":false,"chose_seed":false,"campfire_upgraded":4,"win_rate":0.0,"timestamp":1607674605,"path_taken":["M","M","?","?","?","E","?","M","T","E","$","E","M","M","R","BOSS","M","?","?","M","?","R","?","R","T","R","$","E","M","M","R","BOSS","M","M"],"items_purchased_type":["Relic","Card"],"build_version":"2020-11-30","purchased_purges":2,"victory":false,"max_hp_per_floor":[80,80,80,80,80,80,80,80,80,80,80,80,83,86,86,86,86,86,86,86,90,90,90,95,95,95,95,95,95,95,98,98,98,98,98,98,98],"card_choices":[{"not_picked":["Headbutt","Shrug It Off"],"picked":"Hemokinesis","floor":1.0},{"not_picked":["Entrench","Disarm","Intimidate"],"picked":"SKIP","floor":2.0},{"not_picked":["Warcry","Intimidate"],"picked":"Armaments","floor":6.0},{"not_picked":["Anger","Clothesline"],"picked":"Shockwave","floor":7.0},{"not_picked":["Flex","Dark Embrace"],"picked":"Shrug It Off","floor":8.0},{"not_picked":["Flame Barrier","Pommel Strike"],"picked":"Feed","floor":10.0},{"not_picked":["Iron Wave","Hemokinesis","Disarm"],"picked":"SKIP","floor":12.0},{"not_picked":["Anger","Flex"],"picked":"Inflame","floor":13.0},{"not_picked":["Flex","Shrug It Off"],"picked":"Feel No Pain","floor":14.0},{"not_picked":["Demon Form","Brutality"],"picked":"Impervious","floor":16.0},{"not_picked":["Hemokinesis+1","Shrug It Off","Wild Strike"],"picked":"SKIP","floor":18.0},{"not_picked":["Armaments+1","Shockwave"],"picked":"Rampage","floor":21.0},{"not_picked":["Reckless Charge","Perfected Strike","Shockwave"],"picked":"SKIP","floor":29.0},{"not_picked":["Combust+1","Inflame","Evolve"],"picked":"SKIP","floor":30.0},{"not_picked":["Headbutt","Entrench"],"picked":"Corruption","floor":31.0},{"not_picked":["Twin Strike","Rampage+1","Sentinel+1"],"picked":"SKIP","floor":35}],"player_experience":270286,"relics_obtained":[{"floor":6.0,"key":"Orichalcum"},{"floor":9.0,"key":"Paper Frog"},{"floor":10.0,"key":"Blood Vial"},{"floor":12.0,"key":"Juzu Bracelet"},{"floor":26.0,"key":"Nunchaku"},{"floor":29.0,"key":"Smiling Mask"}],"event_choices":[{"damage_healed":0.0,"max_hp_gain":0.0,"max_hp_loss":0.0,"gold_gain":0.0,"event_name":"Living Wall","player_choice":"Grow","floor":4.0,"gold_loss":0.0,"damage_taken":0.0,"cards_upgraded":["Adrenaline"]},{"damage_healed":0.0,"max_hp_gain":0.0,"max_hp_loss":0.0,"gold_gain":175.0,"event_name":"betterThird:BetterSerpent","player_choice":"AGREE","floor":5.0,"gold_loss":0.0,"damage_taken":120.0},{"cards_removed":["Strike_R"],"damage_healed":0.0,"max_hp_gain":0.0,"max_hp_loss":0.0,"gold_gain":0.0,"event_name":"Bonfire Elementals","player_choice":"Offered Basic","floor":19.0,"gold_loss":0.0,"damage_taken":0.0},{"damage_healed":0.0,"max_hp_gain":0.0,"max_hp_loss":0.0,"gold_gain":0.0,"event_name":"Vampires","player_choice":"Ignored","floor":20.0,"gold_loss":0.0,"damage_taken":0.0},{"damage_healed":0.0,"max_hp_gain":0.0,"max_hp_loss":0.0,"gold_gain":0.0,"cards_transformed":["Strike_R","Hemokinesis"],"event_name":"Drug Dealer","player_choice":"Became Test Subject","floor":22.0,"gold_loss":0.0,"damage_taken":0.0,"cards_obtained":["Flex","Second Wind"]},{"damage_healed":0.0,"max_hp_gain":5.0,"max_hp_loss":0.0,"gold_gain":0.0,"event_name":"Forgotten Altar","player_choice":"Shed Blood","floor":24.0,"gold_loss":0.0,"damage_taken":23.0}],"is_beta":false,"boss_relics":[{"not_picked":["Snecko Eye","Astrolabe"],"picked":"Cursed Key"},{"not_picked":["Pandora\u0027s Box","Coffee Dripper"],"picked":"Empty Cage"}],"items_purged_floors":[11,28],"is_endless":false,"potions_floor_spawned":[6,8,12,16,30],"killed_by":"Orb Walker","ascension_level":5}}