{"host":"hfxp6ue4pvwo3fit","time":1607656116,"event":{"mods":["AchievementEnabler","BaseMod","Card Forge","Colored Map","Colored Powertips","Highlight Path","Minty Spire (QoL Compilation)","StSLib","SuperFastMode"],"gold_per_floor":[119,133,133,7,7,37,37,63,63,63,76,88,105,120,120,194,194,213,213,213,230,256,286,286,313,340,372,391,401,51,62,62,137,137,149,149,164,180,180,180,1,1,25,50,69,94,94,106,106,106],"floor_reached":51,"playtime":2388,"items_purged":["Strike_G","Strike_G+1","Strike_G+1"],"score":1557,"play_id":"dbe362b8-79f4-4ee8-97fa-dbd5851add78","local_time":"20201210210836","is_ascension_mode":true,"campfire_choices":[{"data":"Noxious Fumes","floor":7,"key":"SMITH"},{"floor":10,"key":"REST"},{"data":"Noxious Fumes","floor":15,"key":"SMITH"},{"floor":24,"key":"REST"},{"floor":32,"key":"REST"},{"data":"Wraith Form v2","floor":40,"key":"SMITH"},{"data":"Well Laid Plans","floor":42,"key":"SMITH"},{"data":"1","floor":47,"key":"LIFT"},{"data":"Wraith Form v2","floor":49,"key":"SMITH"}],"circlet_count":0,"master_deck":["AscendersBane","Strike_G+1","Strike_G+1","Defend_G+1","Defend_G+1","Defend_G+1","Defend_G+1","Defend_G+1","Survivor","Neutralize","Unload","Predator+1","Deadly Poison","Noxious Fumes+1","Adrenaline+1","Leg Sweep+1","Dagger Spray","PiercingWail+1","Deadly Poison+1","Escape Plan+1","Dash","Noxious Fumes+1","Adrenaline+1","Footwork","Concentrate+1","PiercingWail+1","Bouncing Flask+1","Crippling Poison+1","Blade Dance+1","Night Terror+1","Blade Dance+1","Footwork","Wraith Form v2+1","Blade Dance+1","PiercingWail+1","Cloak And Dagger+1","Blur+1","Blade Dance+1","Well Laid Plans+1","Wraith Form v2+1","Catalyst+1"],"relics":["Ring of the Serpent","Hammer of Thor","Seething Fire","Anvil of the Gods","Toxic Egg 2","Akabeko","Unceasing Top","Prayer Wheel","Nilry\u0027s Codex","Red Mask","Mercury Hourglass","Paper Crane","Omamori","Kunai","Bag of Marbles","Coffee Dripper","Smiling Mask","Toy Ornithopter","Girya","Ginger"],"acts_visited":["Exordium","TheCity","TheBeyond"],"potions_floor_usage":[16,16,22,29,33,46,50],"damage_taken":[{"damage":4,"enemies":"Jaw Worm","floor":1,"turns":5},{"damage":0,"enemies":"Cultist","floor":2,"turns":4},{"damage":26,"enemies":"Gremlin Nob","floor":6,"turns":4},{"damage":17,"enemies":"Lagavulin","floor":8,"turns":7},{"damage":0,"enemies":"2 Louse","floor":11,"turns":2},{"damage":1,"enemies":"Red Slaver","floor":12,"turns":2},{"damage":0,"enemies":"Exordium Thugs","floor":13,"turns":4},{"damage":0,"enemies":"Exordium Wildlife","floor":14,"turns":3},{"damage":2,"enemies":"Slime Boss","floor":16,"turns":8},{"damage":0,"enemies":"Spheric Guardian","floor":18,"turns":5},{"damage":2,"enemies":"Chosen","floor":21,"turns":4},{"damage":0,"enemies":"Masked Bandits","floor":22,"turns":2},{"damage":15,"enemies":"Book of Stabbing","floor":23,"turns":6},{"damage":11,"enemies":"Slavers","floor":25,"turns":4},{"damage":0,"enemies":"Book of Stabbing","floor":27,"turns":5},{"damage":0,"enemies":"Sentry and Sphere","floor":28,"turns":4},{"damage":10,"enemies":"3 Cultists","floor":29,"turns":4},{"damage":0,"enemies":"Centurion and Healer","floor":31,"turns":4},{"damage":12,"enemies":"Automaton","floor":33,"turns":8},{"damage":0,"enemies":"Orb Walker","floor":35,"turns":3},{"damage":16,"enemies":"3 Darklings","floor":37,"turns":4},{"damage":0,"enemies":"Jaw Worm Horde","floor":38,"turns":5},{"damage":0,"enemies":"Mind Bloom Boss Battle","floor":44,"turns":8},{"damage":0,"enemies":"Sphere and 2 Shapes","floor":45,"turns":5},{"damage":3,"enemies":"Nemesis","floor":46,"turns":9},{"damage":1,"enemies":"Maw","floor":48,"turns":8},{"damage":12,"enemies":"Donu and Deca","floor":50,"turns":10}],"seed_played":"-8124397188345127788","potions_obtained":[{"floor":6,"key":"GhostInAJar"},{"floor":8,"key":"Block Potion"},{"floor":11,"key":"PowerPotion"},{"floor":16,"key":"Strength Potion"},{"floor":23,"key":"CultistPotion"},{"floor":25,"key":"CunningPotion"},{"floor":29,"key":"LiquidBronze"},{"floor":33,"key":"GamblersBrew"},{"floor":37,"key":"SkillPotion"},{"floor":38,"key":"PowerPotion"}],"is_trial":false,"path_per_floor":["M","M","?","$","?","E","R","E","T","R","M","M","M","M","R","B",null,"M","?","?","M","?","E","R","E","T","E","M","M","$","M","R","B",null,"M","?","M","M","T","R","$","R","T","?","M","E","R","M","R","B",null],"character_chosen":"THE_SILENT","items_purchased":["Deadly Poison","Footwork","Bag of Marbles","Blade Dance+1","Well Laid Plans"],"campfire_rested":3,"item_purchase_floors":[4,30,30,41,41],"current_hp_per_floor":[55,55,55,55,55,29,29,12,12,31,31,30,30,30,30,28,57,57,57,36,34,34,19,38,27,27,27,27,17,17,17,36,24,56,56,56,40,40,40,40,40,40,40,40,40,42,42,41,41,34],"gold":106,"neow_bonus":"ONE_RANDOM_RARE_CARD","is_daily":false,"chose_seed":false,"campfire_upgraded":5,"win_rate":0.0,"timestamp":1607656116,"path_taken":["M","M","?","?","?","E","R","E","T","R","?","M","M","M","R","BOSS","M","?","?","M","?","E","R","E","T","E","M","M","?","M","R","BOSS","M","?","M","?","?","R","$","R","T","?","M","E","R","M","R","BOSS"],"items_purchased_type":["Card","Card","Relic","Undefined","Card"],"build_version":"2020-11-30","purchased_purges":3,"victory":true,"max_hp_per_floor":[66,66,66,66,66,66,66,66,66,66,66,66,66,66,66,66,66,66,66,66,66,66,66,66,66,66,66,66,66,66,66,66,66,66,66,66,66,66,66,66,66,66,66,66,66,66,66,66,66,66],"card_choices":[{"not_picked":["Slice","Deflect"],"picked":"Dagger Throw","floor":1},{"not_picked":["Flying Knee","Prepared"],"picked":"Predator","floor":2},{"not_picked":["Escape Plan+1","Blade Dance+1"],"picked":"Noxious Fumes","floor":6},{"not_picked":["Acrobatics+1","Finisher"],"picked":"Adrenaline+1","floor":8},{"not_picked":["Deadly Poison+1","Calculated Gamble+1"],"picked":"Leg Sweep+1","floor":11},{"not_picked":["Outmaneuver+1","Deflect+1"],"picked":"Dagger Spray","floor":11},{"not_picked":["Dagger Spray","Underhanded Strike"],"picked":"PiercingWail+1","floor":12},{"not_picked":["PiercingWail+1","Bane"],"picked":"Deadly Poison+1","floor":12},{"not_picked":["Reflex+1","Flying Knee"],"picked":"Escape Plan+1","floor":13},{"not_picked":["Endless Agony","Dodge and Roll+1"],"picked":"Dash","floor":13},{"not_picked":["Poisoned Stab","Masterful Stab"],"picked":"Noxious Fumes","floor":14},{"not_picked":["Dagger Throw","Riddle With Holes","Terror+1"],"picked":"SKIP","floor":14},{"not_picked":["After Image","Venomology+1"],"picked":"Adrenaline+1","floor":16},{"not_picked":["Skewer","Dagger Spray"],"picked":"Footwork","floor":18},{"not_picked":["Tactician+1","Sucker Punch"],"picked":"Concentrate+1","floor":18},{"not_picked":["Sucker Punch","Dagger Throw"],"picked":"PiercingWail+1","floor":21},{"not_picked":["Prepared+1","Underhanded Strike","Finisher+1"],"picked":"SKIP","floor":21},{"not_picked":["Expertise+1","Dodge and Roll+1"],"picked":"Bouncing Flask+1","floor":22},{"not_picked":["Terror+1","Deadly Poison+1"],"picked":"Crippling Poison+1","floor":23},{"not_picked":["Leg Sweep+1","Skewer","Slice"],"picked":"SKIP","floor":25},{"not_picked":["Deflect+1","Flechettes"],"picked":"Blade Dance+1","floor":27},{"not_picked":["Predator","Prepared+1"],"picked":"Night Terror+1","floor":28},{"not_picked":["Sucker Punch","Concentrate+1","Eviscerate"],"picked":"SKIP","floor":28},{"not_picked":["Caltrops","Flying Knee"],"picked":"Blade Dance+1","floor":29},{"not_picked":["Acrobatics+1","Poisoned Stab","Riddle With Holes"],"picked":"SKIP","floor":29},{"not_picked":["Dodge and Roll+1","Calculated Gamble+1"],"picked":"Wraith Form v2","floor":31},{"not_picked":["PiercingWail+1","Dodge and Roll+1"],"picked":"Blade Dance+1","floor":31},{"not_picked":["Noxious Fumes+1","Flying Knee"],"picked":"PiercingWail+1","floor":35},{"not_picked":["Expertise+1","Bane","Slice"],"picked":"SKIP","floor":35},{"not_picked":["Sucker Punch+1","Slice+1"],"picked":"Blur+1","floor":37},{"not_picked":["Deadly Poison+1","Dash","Crippling Poison+1"],"picked":"SKIP","floor":37},{"not_picked":["PiercingWail+1","Tactician+1","Dagger Spray"],"picked":"SKIP","floor":38},{"not_picked":["Heel Hook+1","Eviscerate","Prepared+1"],"picked":"SKIP","floor":38},{"not_picked":["Backstab","Flying Knee"],"picked":"Wraith Form v2","floor":44},{"not_picked":["Prepared+1","Quick Slash","Dagger Throw"],"picked":"SKIP","floor":45},{"not_picked":["Poisoned Stab","Choke","Accuracy"],"picked":"SKIP","floor":45},{"not_picked":["Heel Hook","Dagger Throw+1","Skewer+1"],"picked":"SKIP","floor":46},{"not_picked":["Dagger Spray","PiercingWail+1"],"picked":"Catalyst+1","floor":48},{"not_picked":["Prepared+1","PiercingWail+1","Acrobatics+1"],"picked":"SKIP","floor":48}],"player_experience":348489,"relics_obtained":[{"floor":6,"key":"Akabeko"},{"floor":8,"key":"Unceasing Top"},{"floor":9,"key":"Prayer Wheel"},{"floor":20,"key":"Nilry\u0027s Codex"},{"floor":22,"key":"Red Mask"},{"floor":23,"key":"Mercury Hourglass"},{"floor":25,"key":"Paper Crane"},{"floor":26,"key":"Omamori"},{"floor":27,"key":"Kunai"},{"floor":39,"key":"Smiling Mask"},{"floor":43,"key":"Toy Ornithopter"},{"floor":44,"key":"Girya"},{"floor":46,"key":"Ginger"}],"event_choices":[{"damage_healed":0,"gold_gain":0,"player_choice":"Upgraded","damage_taken":0,"max_hp_gain":0,"max_hp_loss":0,"event_name":"Upgrade Shrine","floor":3,"gold_loss":0,"cards_upgraded":["Predator"]},{"cards_removed":["Dagger Throw"],"damage_healed":0,"gold_gain":0,"player_choice":"Gave Card","damage_taken":0,"relics_obtained":["Toxic Egg 2"],"max_hp_gain":0,"max_hp_loss":0,"event_name":"WeMeetAgain","floor":5,"gold_loss":0},{"damage_healed":0,"gold_gain":0,"player_choice":"Simplicity","damage_taken":0,"max_hp_gain":0,"max_hp_loss":0,"event_name":"Back to Basics","floor":19,"gold_loss":0,"cards_upgraded":["Strike_G","Strike_G","Strike_G","Strike_G","Defend_G","Defend_G","Defend_G","Defend_G","Defend_G"]},{"damage_healed":0,"gold_gain":0,"player_choice":"Obtained Book","damage_taken":21,"max_hp_gain":0,"max_hp_loss":0,"event_name":"Cursed Tome","floor":20,"gold_loss":0},{"damage_healed":0,"gold_gain":0,"player_choice":"Fought Bandits","damage_taken":0,"max_hp_gain":0,"max_hp_loss":0,"event_name":"Masked Bandits","floor":22,"gold_loss":0},{"damage_healed":0,"gold_gain":0,"player_choice":"1 cards matched","damage_taken":0,"max_hp_gain":0,"max_hp_loss":0,"event_name":"Match and Keep!","floor":36,"gold_loss":0,"cards_obtained":["Cloak And Dagger"]},{"damage_healed":0,"gold_gain":0,"player_choice":"Fight","damage_taken":0,"max_hp_gain":0,"max_hp_loss":0,"event_name":"MindBloom","floor":44,"gold_loss":0}],"is_beta":false,"boss_relics":[{"not_picked":["Tiny House","Busted Crown"],"picked":"Ring of the Serpent"},{"not_picked":["Calling Bell","WristBlade"],"picked":"Coffee Dripper"}],"items_purged_floors":[4,30,41],"is_endless":false,"potions_floor_spawned":[6,8,11,13,14,16,23,25,29,33,37,38,45],"ascension_level":19}}