{"host":"61ejhfsushs0xmcl","time":1607686658,"event":{"mods":["Act Like it!","BaseMod","Colored Map","Dota2Spire","Gold Saver","Marisa（F雨　魔理沙）","Minty Spire (QoL Compilation)","MostiFishMod","Replay The Spire","Spicy Shops","StSLib","TestMod","The Dragon Tamer","Waifu the Spire","篝火指南"],"gold_per_floor":[111,36,55,55,55,82,82,109,109,119,54,74,109,127,127,251,251,267,282,302,21,71,98,98,129,174,191,409,324,349,361,361,487,487,498,549,949,949,961,996,1010,1035,1035,1035,1063,439,470,487,487,487,487,487,487,113,140,140],"floor_reached":57,"playtime":3303,"items_purged":["Defend_P","Strike_P","Defend_P","Strike_P","Strike_P","Strike_P"],"score":3850,"play_id":"95353feb-fbfc-4524-8e2e-4cdf053b211d","local_time":"20201211193738","is_ascension_mode":true,"campfire_choices":[{"data":"Ragnarok","floor":15,"key":"SMITH"},{"floor":24,"key":"DIG"},{"floor":32,"key":"RECALL"},{"data":"1","floor":44,"key":"LIFT"},{"data":"2","floor":49,"key":"LIFT"},{"data":"3","floor":53,"key":"LIFT"}],"circlet_count":0,"master_deck":["AscendersBane","Defend_P","Eruption","Vigilance","MostiFishMod:Disappear+1","Ragnarok+1","Omniscience","WheelKick+1","MostiFishMod:StarHerder+1","SpiritShield+1","MostiFishMod:StarLaLaLa","DevaForm","testmod-RepeatForm","testmod-Collector","Omniscience","Wish"],"relics":["testmod-TestBox","Snecko Eye","testmod-AscensionHeart","xbg","Question Card","Mirror","Dota2Spire:PhaseBoots","testmod-Maize","Simple Rune","ImportantClient","testmod-Prudence","Shovel","Dota2Spire:BattleFury","Lizard Tail","DaCapo","Gremlin Food","Girya","Shuriken","Dota2Spire:Bloodstone","CatCart","Dota2Spire:EchoSabre","Divine Protection","testmod-LifeArmor","Dota2Spire:PowerTreads","Yang","Medical Kit","Lantern","Dota2Spire:OrchidMalevolence","Turnip","Bag of Marbles","testmod-IndustrialRevolution"],"acts_visited":["Exordium","TheCity","TheBeyond","TheEnding"],"potions_floor_usage":[],"damage_taken":[{"damage":0,"enemies":"Jaw Worm","floor":1,"turns":3},{"damage":0,"enemies":"2 Louse","floor":3,"turns":2},{"damage":2,"enemies":"Gremlin Nob","floor":6,"turns":3},{"damage":1,"enemies":"3 Sentries","floor":8,"turns":4},{"damage":0,"enemies":"Small Slimes","floor":10,"turns":2},{"damage":0,"enemies":"Looter","floor":12,"turns":1},{"damage":0,"enemies":"Gremlin Nob","floor":13,"turns":2},{"damage":0,"enemies":"Gremlin Gang","floor":14,"turns":1},{"damage":0,"enemies":"Fading Forest","floor":16,"turns":9},{"damage":0,"enemies":"2 Thieves","floor":18,"turns":2},{"damage":0,"enemies":"Spheric Guardian","floor":19,"turns":2},{"damage":0,"enemies":"3 Cultists","floor":20,"turns":2},{"damage":0,"enemies":"Slavers","floor":23,"turns":2},{"damage":0,"enemies":"Book of Stabbing","floor":25,"turns":2},{"damage":0,"enemies":"Chosen and Byrds","floor":27,"turns":1},{"damage":13,"enemies":"Centurion and Healer","floor":28,"turns":3},{"damage":0,"enemies":"Slavers","floor":30,"turns":2},{"damage":0,"enemies":"Snecko","floor":31,"turns":2},{"damage":0,"enemies":"Pondfish","floor":33,"turns":3},{"damage":0,"enemies":"3 Darklings","floor":35,"turns":2},{"damage":0,"enemies":"Orin","floor":36,"turns":6},{"damage":0,"enemies":"3 Shapes","floor":39,"turns":1},{"damage":0,"enemies":"R_Hoarder","floor":40,"turns":4},{"damage":0,"enemies":"Transient","floor":41,"turns":2},{"damage":0,"enemies":"Giant Head","floor":42,"turns":3},{"damage":0,"enemies":"Nemesis","floor":45,"turns":1},{"damage":0,"enemies":"R_Hoarder","floor":47,"turns":2},{"damage":0,"enemies":"3 Darklings","floor":48,"turns":1},{"damage":0,"enemies":"Donu and Deca","floor":50,"turns":1},{"damage":0,"enemies":"Replay:Hell Engine","floor":51,"turns":1},{"damage":0,"enemies":"Shield and Spear","floor":55,"turns":1},{"damage":0,"enemies":"The Heart","floor":56,"turns":4}],"seed_played":"5734372507493913691","potions_obtained":[{"floor":3,"key":"SteroidPotion"},{"floor":6,"key":"SteroidPotion"},{"floor":14,"key":"Energy Potion"},{"floor":36,"key":"Flashbang"}],"is_trial":false,"path_per_floor":["M","?","M","T","?","E","?","E","T","M","$","M","E","M","R","B",null,"M","M","M","$","?","E","R","E","T","M","M","?","E","M","R","B",null,"M","?","?","?","M","E","M","E","T","R","E","$","E","M","R","B","B",null,"R","$","E","B",null],"character_chosen":"WATCHER","items_purchased":["Shovel","Yang","Medical Kit","Lantern","Turnip","Bag of Marbles"],"campfire_rested":0,"item_purchase_floors":[21,46,46,46,54,54],"current_hp_per_floor":[62,62,63,63,68,68,68,69,69,70,70,71,73,74,74,80,81,81,81,81,81,81,82,82,83,83,83,70,70,72,73,73,79,87,88,89,89,84,85,87,88,90,90,90,92,92,93,93,93,98,103,103,103,103,104,109],"gold":140,"neow_bonus":"BOSS_RELIC","is_daily":false,"chose_seed":false,"campfire_upgraded":1,"win_rate":0.0,"timestamp":1607686658,"path_taken":["M","?","M","?","?","E","?","E","T","M","?","M","E","M","R","BOSS","M","?","M","$","?","E","R","E","T","M","?","?","E","M","R","BOSS","M","?","?","?","M","E","M","E","T","R","E","$","E","M","R","BOSS","BOSS","R","$","E","BOSS"],"items_purchased_type":["Relic","Relic","Relic","Relic","Relic","Relic"],"build_version":"2020-11-30","purchased_purges":6,"victory":true,"max_hp_per_floor":[68,68,68,68,73,74,74,75,75,75,75,75,76,76,76,81,81,81,81,81,81,81,82,82,83,83,83,83,83,84,84,84,89,89,89,89,89,89,89,90,90,91,91,91,92,92,93,93,93,98,103,103,103,103,104,109],"card_choices":[{"not_picked":["FollowUp","FlyingSleeves","WindmillStrike"],"picked":"SKIP","floor":1},{"not_picked":["EmptyFist","Crescendo","PathToVictory","Protect"],"picked":"SKIP","floor":3},{"not_picked":["MostiFishMod:MemoryFragments","MostiFishMod:DustFall","MostiFishMod:DisColor"],"picked":"MostiFishMod:Disappear","floor":6},{"not_picked":["Brilliance","MostiFishMod:StarHerder","MostiFishMod:DisColor"],"picked":"Ragnarok","floor":8},{"not_picked":["JustLucky","CrushJoints","Sanctity","Protect"],"picked":"SKIP","floor":10},{"not_picked":["FollowUp","JustLucky","Evaluate","InnerPeace"],"picked":"SKIP","floor":12},{"not_picked":["MostiFishMod:Pointsdynamics","Blasphemy","DevaForm"],"picked":"Omniscience","floor":13},{"not_picked":["EmptyMind","ThirdEye","FollowUp"],"picked":"WheelKick","floor":14},{"not_picked":["Replay:LoomingThreat","MostiFishMod:DustFall","Replay:AllIn"],"picked":"MostiFishMod:StarHerder","floor":16},{"not_picked":["Halt","Replay:BluntJabs","CarveReality","Replay:ManipulateFuture"],"picked":"SKIP","floor":18},{"not_picked":["SashWhip","Replay:BluntJabs+1","PathToVictory","Consecrate"],"picked":"SKIP","floor":19},{"not_picked":["Pray","Replay:BluntJabs+1","CarveReality+1","Protect"],"picked":"SKIP","floor":20},{"not_picked":["MostiFishMod:Moonprays","LessonLearned","MostiFishMod:Nomercy"],"picked":"SpiritShield","floor":23},{"not_picked":["MostiFishMod:DustFall","MostiFishMod:FlowState","DeusExMachina"],"picked":"MostiFishMod:CyberBuddha","floor":25},{"not_picked":["SashWhip","EmptyFist","EmptyBody","Evaluate"],"picked":"SKIP","floor":27},{"not_picked":["Replay:ManipulateFuture","Replay:BluntJabs","CutThroughFate+1","DeusExMachina"],"picked":"SKIP","floor":28},{"not_picked":["MostiFishMod:Dust","MostiFishMod:DisColor","MostiFishMod:Adaptation"],"picked":"MostiFishMod:StarLaLaLa","floor":30},{"not_picked":["Halt+1","Replay:AtTheReady","CutThroughFate","Replay:ManipulateFuture+1"],"picked":"SKIP","floor":31},{"not_picked":["Brilliance","MostiFishMod:Adaptation","MostiFishMod:OutWit"],"picked":"DevaForm","floor":33},{"not_picked":["Replay:AtTheReady+1","EmptyBody","Replay:BluntJabs","Crescendo"],"picked":"SKIP","floor":35},{"not_picked":["testmod-LimitFlipper","testmod-SubstituteBySubterfuge","ReplayTheSpireMod:Uncanny Aura"],"picked":"testmod-RepeatForm","floor":38},{"not_picked":["Trip","Purity","testmod-PowerStrike"],"picked":"testmod-Collector","floor":38},{"not_picked":["Replay:BluntJabs+1","ThirdEye+1","Evaluate","InnerPeace"],"picked":"SKIP","floor":39},{"not_picked":["Wish","Replay:LoomingThreat","SpiritShield"],"picked":"Omniscience","floor":40},{"not_picked":["Halt","Collect+1","FlyingSleeves+1","CarveReality"],"picked":"SKIP","floor":41},{"not_picked":["DevaForm","MostiFishMod:StarLaLaLa","Judgement","MostiFishMod:DustFall"],"picked":"SKIP","floor":42},{"not_picked":["MostiFishMod:Dust","MostiFishMod:PathToVictory","ConjureBlade","MasterReality"],"picked":"SKIP","floor":45},{"not_picked":["DevaForm","MostiFishMod:Disappear","Establishment","Replay:LoomingThreat"],"picked":"SKIP","floor":47},{"not_picked":["DeceiveReality","EmptyBody+1","ClearTheMind","FlyingSleeves+1"],"picked":"SKIP","floor":48},{"not_picked":["Devotion","MostiFishMod:Nomercy","MostiFishMod:UniPurple"],"picked":"Wish","floor":55}],"player_experience":778759,"relics_obtained":[{"floor":1,"key":"Question Card"},{"floor":4,"key":"Mirror"},{"floor":6,"key":"Dota2Spire:PhaseBoots"},{"floor":8,"key":"testmod-Maize"},{"floor":13,"key":"Simple Rune"},{"floor":16,"key":"ImportantClient"},{"floor":23,"key":"Dota2Spire:BattleFury"},{"floor":24,"key":"Lizard Tail"},{"floor":25,"key":"DaCapo"},{"floor":26,"key":"Gremlin Food"},{"floor":30,"key":"Shuriken"},{"floor":36,"key":"CatCart"},{"floor":40,"key":"Dota2Spire:EchoSabre"},{"floor":42,"key":"Divine Protection"},{"floor":43,"key":"testmod-LifeArmor"},{"floor":45,"key":"Dota2Spire:PowerTreads"},{"floor":47,"key":"Dota2Spire:OrchidMalevolence"},{"floor":55,"key":"testmod-IndustrialRevolution"}],"event_choices":[{"cards_removed":["Defend_P"],"damage_healed":0,"gold_gain":0,"player_choice":"Card Removal","damage_taken":0,"max_hp_gain":0,"max_hp_loss":0,"event_name":"The Cleric","floor":2,"gold_loss":75},{"damage_healed":0,"gold_gain":0,"player_choice":"Donut","damage_taken":0,"max_hp_gain":5,"max_hp_loss":0,"event_name":"Big Fish","floor":5,"gold_loss":0},{"damage_healed":0,"gold_gain":0,"player_choice":"Ignored","damage_taken":0,"max_hp_gain":0,"max_hp_loss":0,"event_name":"Liars Game","floor":7,"gold_loss":0},{"damage_healed":0,"gold_gain":50,"player_choice":"Pray","damage_taken":0,"max_hp_gain":0,"max_hp_loss":0,"event_name":"Golden Shrine","floor":22,"gold_loss":0},{"damage_healed":0,"gold_gain":0,"player_choice":"Obtained Relic","damage_taken":0,"relics_obtained":["Girya"],"max_hp_gain":0,"max_hp_loss":0,"event_name":"Addict","floor":29,"gold_loss":85},{"damage_healed":0,"gold_gain":0,"player_choice":"Fight","damage_taken":0,"max_hp_gain":0,"max_hp_loss":0,"event_name":"OrinTheCat","floor":36,"gold_loss":0},{"damage_healed":0,"gold_gain":400,"player_choice":"Sell","damage_taken":0,"max_hp_gain":0,"max_hp_loss":0,"event_name":"恩洛斯的盘子","floor":37,"relics_lost":["DaveBox"],"gold_loss":0},{"damage_healed":0,"gold_gain":0,"player_choice":"Memory 3","damage_taken":10,"max_hp_gain":0,"max_hp_loss":0,"event_name":"SensoryStone","floor":38,"gold_loss":0}],"is_beta":false,"boss_relics":[{"not_picked":["Runic Pyramid","SacredBark"],"picked":"testmod-Prudence"},{"not_picked":["Ring of Chaos","FixedStarFall"],"picked":"Dota2Spire:Bloodstone"}],"items_purged_floors":[11,21,21,46,46,54],"is_endless":false,"potions_floor_spawned":[3,6,10,14,20,25,30,31,33,36,39,41,48],"ascension_level":20}}