{"host":"foq4mrde4mssg7vt","time":1607713329,"event":{"mods":["AchievementEnabler","BaseMod","Colored Map","Colored Powertips","Highlight Path","Minty Spire (QoL Compilation)","Relic Stats","everything is the same but u backflip on backflip"],"gold_per_floor":[114,189,41,52,63,63,92,68,68,81,107,107,119,150,150,251,251,271,282,282,293,311,311,337,355,379,379,75,109,24,41,41,41,41],"floor_reached":33,"playtime":1334,"items_purged":[],"score":424,"play_id":"33767ca5-70a7-407e-9699-5eeb61338bb6","local_time":"20201212030209","is_ascension_mode":true,"campfire_choices":[{"data":"Lockon","floor":6.0,"key":"SMITH"},{"data":"Fission","floor":15.0,"key":"SMITH"},{"floor":23.0,"key":"REST"},{"data":"Biased Cognition","floor":27.0,"key":"SMITH"},{"floor":32.0,"key":"REST"}],"circlet_count":0,"master_deck":["Strike_B+1","Strike_B","Strike_B","Defend_B","Defend_B","Defend_B","Defend_B","Zap","Dualcast","Leap","Glacier","Lockon+1","Rebound","Chill","Ball Lightning","Gash","Cold Snap+1","Fission+1","Compile Driver","Hologram","Biased Cognition+1","Conserve Battery","Coolheaded","Self Repair","Doom and Gloom","Conserve Battery+1","Redo+1","Capacitor"],"relics":["FrozenCore","Anchor","Singing Bowl","Mango","StoneCalendar","Centennial Puzzle","Whetstone","Emotion Chip","Toy Ornithopter","Letter Opener"],"acts_visited":["Exordium","TheCity"],"potions_floor_usage":[],"damage_taken":[{"damage":0.0,"enemies":"Small Slimes","floor":1.0,"turns":3.0},{"damage":0.0,"enemies":"Jaw Worm","floor":4.0,"turns":2.0},{"damage":0.0,"enemies":"Cultist","floor":5.0,"turns":2.0},{"damage":6.0,"enemies":"Lagavulin","floor":7.0,"turns":7.0},{"damage":0.0,"enemies":"Large Slime","floor":10.0,"turns":5.0},{"damage":25.0,"enemies":"Gremlin Nob","floor":11.0,"turns":4.0},{"damage":0.0,"enemies":"2 Fungi Beasts","floor":13.0,"turns":4.0},{"damage":11.0,"enemies":"Lagavulin","floor":14.0,"turns":7.0},{"damage":10.0,"enemies":"Hexaghost","floor":16.0,"turns":9.0},{"damage":5.0,"enemies":"Shell Parasite","floor":18.0,"turns":5.0},{"damage":0.0,"enemies":"Chosen","floor":19.0,"turns":4.0},{"damage":4.0,"enemies":"Snake Plant","floor":21.0,"turns":6.0},{"damage":36.0,"enemies":"3 Cultists","floor":22.0,"turns":7.0},{"damage":22.0,"enemies":"Book of Stabbing","floor":24.0,"turns":7.0},{"damage":2.0,"enemies":"Chosen and Byrds","floor":25.0,"turns":7.0},{"damage":21.0,"enemies":"Slavers","floor":29.0,"turns":7.0},{"damage":0.0,"enemies":"Snake Plant","floor":31.0,"turns":4.0},{"damage":61,"enemies":"Automaton","floor":33,"turns":6}],"seed_played":"2496694313851810401","potions_obtained":[{"floor":4.0,"key":"Swift Potion"},{"floor":5.0,"key":"Strength Potion"},{"floor":7.0,"key":"Regen Potion"},{"floor":22.0,"key":"Explosive Potion"},{"floor":29.0,"key":"GamblersBrew"}],"is_trial":false,"path_per_floor":["M","?","$","M","M","R","E","$","T","M","E","?","M","E","R","B",null,"M","M","?","M","M","R","E","M","T","R","$","E","?","M","R","B"],"character_chosen":"DEFECT","items_purchased":["Glacier","Lockon","Gash","Emotion Chip"],"campfire_rested":2,"item_purchase_floors":[3,3,8,28],"current_hp_per_floor":[68,57,57,57,57,57,51,51,51,51,40,40,40,44,44,34,75,70,70,53,49,20,48,33,40,40,40,40,19,19,26,54,0,0],"gold":41,"neow_bonus":"RANDOM_COMMON_RELIC","is_daily":false,"chose_seed":false,"campfire_upgraded":3,"win_rate":0.0,"timestamp":1607713329,"path_taken":["M","?","$","M","M","R","E","$","T","M","E","?","M","E","R","BOSS","M","?","?","M","M","R","E","M","T","R","$","E","?","M","R","BOSS"],"items_purchased_type":["Card","Card","Card","Relic"],"build_version":"2020-11-30","purchased_purges":0,"victory":false,"max_hp_per_floor":[75,75,75,75,75,75,75,75,75,75,89,89,89,89,89,89,89,89,89,94,94,94,94,94,96,96,96,96,96,96,96,96,96,96],"relic_stats":{"Centennial Puzzle":[9],"Emotion Chip":[20,6,13,1,0],"Singing Bowl":2,"counters":[18,96],"StoneCalendar":[137],"Whetstone":["Strike_B","Cold Snap"],"Letter Opener":[5],"obtain_stats":[{"Anchor":0,"Centennial Puzzle":24,"Emotion Chip":28,"Singing Bowl":7,"Mango":11,"StoneCalendar":14,"Whetstone":26,"Letter Opener":30,"Cracked Core":0,"Toy Ornithopter":29,"FrozenCore":17},{"Anchor":0,"Centennial Puzzle":14,"Emotion Chip":15,"Singing Bowl":4,"Mango":6,"StoneCalendar":8,"Whetstone":15,"Letter Opener":16,"Cracked Core":0,"Toy Ornithopter":16,"FrozenCore":9},{"Anchor":0,"Centennial Puzzle":72,"Emotion Chip":79,"Singing Bowl":14,"Mango":23,"StoneCalendar":34,"Whetstone":79,"Letter Opener":86,"Cracked Core":0,"Toy Ornithopter":86,"FrozenCore":43}],"Toy Ornithopter":0,"FrozenCore":[18]},"card_choices":[{"not_picked":["Hologram","Steam"],"picked":"Leap","floor":1.0},{"not_picked":["White Noise","Steam Power"],"picked":"Rebound","floor":4.0},{"not_picked":["Undo","Beam Cell"],"picked":"Chill","floor":5.0},{"not_picked":["Sweeping Beam","Hologram"],"picked":"Ball Lightning","floor":7.0},{"not_picked":["Sweeping Beam","Force Field"],"picked":"Cold Snap","floor":10.0},{"not_picked":["Reboot","Turbo"],"picked":"Fission","floor":11.0},{"not_picked":["Sweeping Beam","Chaos"],"picked":"Compile Driver","floor":13.0},{"not_picked":["Recycle","Redo"],"picked":"Hologram","floor":14.0},{"not_picked":["Hyperbeam","Creative AI"],"picked":"Biased Cognition","floor":16.0},{"not_picked":["Rip and Tear","Chill+1"],"picked":"Conserve Battery","floor":18.0},{"not_picked":["Stack","Sweeping Beam+1"],"picked":"Coolheaded","floor":19.0},{"not_picked":["Static Discharge+1","Doom and Gloom"],"picked":"Self Repair","floor":21.0},{"not_picked":["Heatsinks","Sunder"],"picked":"Doom and Gloom","floor":22.0},{"not_picked":["Undo","Reboot"],"picked":"Conserve Battery+1","floor":24.0},{"not_picked":["Gash","Stack","Rebound"],"picked":"Singing Bowl","floor":25.0},{"not_picked":["Glacier","Beam Cell+1"],"picked":"Redo+1","floor":29.0},{"not_picked":["Double Energy","Gash+1"],"picked":"Capacitor","floor":31.0}],"player_experience":148934,"relics_obtained":[{"floor":7.0,"key":"Singing Bowl"},{"floor":11.0,"key":"Mango"},{"floor":14.0,"key":"StoneCalendar"},{"floor":24.0,"key":"Centennial Puzzle"},{"floor":26.0,"key":"Whetstone"},{"floor":29.0,"key":"Toy Ornithopter"}],"event_choices":[{"damage_healed":0.0,"max_hp_gain":0.0,"max_hp_loss":0.0,"gold_gain":75.0,"event_name":"World of Goop","player_choice":"Gather Gold","floor":2.0,"gold_loss":0.0,"damage_taken":11.0},{"cards_removed":["Strike_B"],"damage_healed":0.0,"max_hp_gain":0.0,"max_hp_loss":0.0,"gold_gain":0.0,"event_name":"Purifier","player_choice":"Purged","floor":12.0,"gold_loss":0.0,"damage_taken":0.0},{"damage_healed":0.0,"max_hp_gain":5.0,"max_hp_loss":0.0,"gold_gain":0.0,"event_name":"Forgotten Altar","player_choice":"Shed Blood","floor":20.0,"gold_loss":0.0,"damage_taken":22.0},{"damage_healed":0.0,"max_hp_gain":0.0,"max_hp_loss":0.0,"gold_gain":0.0,"event_name":"Addict","player_choice":"Obtained Relic","floor":30.0,"gold_loss":85.0,"damage_taken":0.0,"relics_obtained":["Letter Opener"]}],"is_beta":false,"boss_relics":[{"not_picked":["SacredBark","Tiny House"],"picked":"FrozenCore"}],"items_purged_floors":[],"is_endless":false,"potions_floor_spawned":[4,5,7,22,25,29],"killed_by":"Automaton","ascension_level":6}}