{"host":"le69utka9ynaq64d","time":1607684705,"event":{"mods":["AchievementEnabler","Aspiration","BaseMod","Block Reminder","Conspire","Energized Spire","GifTheSpireLib","Halation","Hubris","Minty Spire (QoL Compilation)","Permanent Neow","Quick Restart","Replay The Spire","RiskOfSpire","StSLib","Stuff the Spire","Trackpad","vexMod"],"gold_per_floor":[118,118,118,118,118,149,175,159,159,159,157,174,174,199,199,199,199],"floor_reached":16,"playtime":1173,"items_purged":[],"score":118,"play_id":"03e1e944-14b9-4305-a921-06ed83c4f58c","local_time":"20201211060505","daily_mods":["DeadlyEvents","Elite Swarm"],"is_ascension_mode":false,"campfire_choices":[{"floor":10.0,"key":"REST"},{"floor":13,"key":"REST"},{"floor":15,"key":"REST"}],"circlet_count":0,"master_deck":["Strike_B","Strike_B","Strike_B","Strike_B","Defend_B","Defend_B","Defend_B","Defend_B","Zap","Dualcast","Redo","Creative AI","Cold Snap","Self Repair","Self Repair","Force Field"],"relics":["Cracked Core","Happy Flower","vexMod:MemoryStick","Prayer Wheel","riskOfSpire:RustyKey","riskOfSpire:ArmorPiercingRounds","riskOfSpire:BustlingFungus","Pen Nib","Prayer Wheel"],"acts_visited":["Exordium"],"potions_floor_usage":[14,16],"damage_taken":[{"damage":3.0,"enemies":"2 Louse","floor":1.0,"turns":2.0},{"damage":29.0,"enemies":"Gremlin Nob","floor":6.0,"turns":4.0},{"damage":25.0,"enemies":"3 Sentries","floor":7.0,"turns":9.0},{"damage":15.0,"enemies":"Cultist","floor":8.0,"turns":6.0},{"damage":3.0,"enemies":"Small Slimes","floor":11.0,"turns":4.0},{"damage":3,"enemies":"Looter","floor":12,"turns":4},{"damage":14,"enemies":"Gremlin Nob","floor":14,"turns":4},{"damage":75,"enemies":"Hexaghost","floor":16,"turns":16}],"seed_played":"4715559968537124494","potions_obtained":[{"floor":1.0,"key":"FocusPotion"},{"floor":5.0,"key":"EssenceOfSteel"},{"floor":6.0,"key":"Fire Potion"},{"floor":8.0,"key":"PotionOfCapacity"}],"is_trial":true,"path_per_floor":["M","?","$","?","?","E","E","M","T","R","M","M","R","E","R","B"],"character_chosen":"DEFECT","items_purchased":[],"campfire_rested":3,"item_purchase_floors":[],"current_hp_per_floor":[72,75,75,75,75,46,21,6,6,28,25,29,51,51,73,0,0],"gold":199,"neow_bonus":"","is_daily":false,"chose_seed":false,"campfire_upgraded":0,"win_rate":0.0,"timestamp":1607684705,"path_taken":["M","?","$","?","?","E","?","M","T","R","M","M","R","E","R","BOSS"],"items_purchased_type":[],"build_version":"2020-11-30","purchased_purges":0,"victory":false,"max_hp_per_floor":[75,75,75,75,75,75,75,75,75,75,75,75,75,75,75,75,75],"card_choices":[{"not_picked":["Time Bomb","Rebound"],"picked":"Redo","floor":1.0},{"not_picked":["hubris:DoWhile","Echo Form"],"picked":"Creative AI","floor":6.0},{"not_picked":["Echo Form","Creative AI"],"picked":"ReplayTheSpireMod:Fabricate Wheel","floor":7.0},{"not_picked":["hubris:PowerSurge","Barrage"],"picked":"Cold Snap","floor":8.0},{"not_picked":["Hello World","Leap"],"picked":"Self Repair","floor":11.0},{"not_picked":["Hologram","Turbo"],"picked":"Self Repair","floor":12},{"not_picked":["StuffTheSpire:Rend","Redo"],"picked":"Force Field","floor":12},{"not_picked":["StuffTheSpire:LaunchingStrike","Thunder Strike"],"picked":"ReplayTheSpireMod:Fabricate Wheel","floor":14}],"player_experience":312611,"relics_obtained":[{"floor":6.0,"key":"Happy Flower"},{"floor":7.0,"key":"vexMod:MemoryStick"},{"floor":8.0,"key":"riskOfSpire:RustyKey"},{"floor":9.0,"key":"riskOfSpire:ArmorPiercingRounds"},{"floor":11.0,"key":"riskOfSpire:BustlingFungus"},{"floor":14,"key":"Pen Nib"}],"event_choices":[],"is_beta":false,"boss_relics":[],"items_purged_floors":[],"is_endless":true,"potions_floor_spawned":[1,6,8],"killed_by":"Hexaghost","ascension_level":0}}