{"host":"8zzc9mdnfkdiyxma","time":1607672351,"event":{"mods":["2.2 Compatiblity","BaseMod","Better Altar","Better Match","Better Note","Better Sensory Stone","Better Skull","Better Third Choice","Better Vampires","Colored Map","Colored Powertips","Energized Spire","Halation","Minty Spire (QoL Compilation)","Permanent Neow","Rare Cards Sparkle","Relic Filter","SacredBarkPlus","StSLib","Waifu the Spire"],"gold_per_floor":[115,115,21,21,34,34,34,76,76,115,135,205,227,227,227,312,312,312,312,312,16,16,16,16,16,16,16,16,16,16,16,16,16,16,16,16,16,16,16,16,16,16,16,16,16,16,16,16,16,16,16,16,16,16,16,16],"floor_reached":55,"playtime":3225,"items_purged":["Strike_R"],"score":2018,"play_id":"02f9e704-31ad-4f8f-b470-4f140746f363","local_time":"20201211023911","is_ascension_mode":true,"campfire_choices":[{"data":"Iron Wave","floor":6,"key":"SMITH"},{"data":"Juggernaut","floor":15,"key":"SMITH"},{"data":"Juggernaut","floor":24,"key":"SMITH"},{"floor":27,"key":"REST"},{"data":"Entrench","floor":32,"key":"SMITH"},{"floor":40,"key":"RECALL"},{"data":"Scrawl","floor":42,"key":"SMITH"},{"data":"Berserk","floor":45,"key":"SMITH"},{"floor":49,"key":"REST"},{"floor":53,"key":"REST"}],"circlet_count":0,"master_deck":["AscendersBane","Defend_R","Trip","Iron Wave+1","Headbutt","Ghostly Armor","Iron Wave","Ghostly Armor","Juggernaut+1","Juggernaut+1","Disarm+1","Scrawl+1","Bite","Bite","Bite","Bite","Ghostly Armor","Battle Trance+1","Entrench+1","Shrug It Off","Berserk+1","Seeing Red","Armaments+1","Ghostly Armor","Inflame","Shrug It Off+1","Ghostly Armor"],"relics":["Burning Blood","NeowsBlessing","Unceasing Top","CeramicFish","Question Card","halation:SelfBoilingWater","Omamori","Ectoplasm","halation:PinkSoulGem","TheAbacus","Mummified Hand","Paper Frog","StrikeDummy","Bottled Lightning","Empty Cage","PreservedInsect","halation:TwoAmDonut"],"acts_visited":["Exordium","TheCity","TheBeyond","TheEnding"],"potions_floor_usage":[10,12,18,25,25,29,33,44,50,50],"damage_taken":[{"damage":0,"enemies":"Cultist","floor":1,"turns":1},{"damage":0,"enemies":"Small Slimes","floor":5,"turns":1},{"damage":0,"enemies":"Gremlin Nob","floor":8,"turns":1},{"damage":18,"enemies":"Lagavulin","floor":10,"turns":4},{"damage":3,"enemies":"2 Louse","floor":11,"turns":3},{"damage":1,"enemies":"Gremlin Nob","floor":12,"turns":3},{"damage":6,"enemies":"Looter","floor":13,"turns":3},{"damage":28,"enemies":"The Guardian","floor":16,"turns":8},{"damage":13,"enemies":"Shell Parasite","floor":18,"turns":4},{"damage":40,"enemies":"Book of Stabbing","floor":23,"turns":5},{"damage":21,"enemies":"Slavers","floor":25,"turns":5},{"damage":21,"enemies":"Gremlin Leader","floor":29,"turns":6},{"damage":2,"enemies":"3 Byrds","floor":30,"turns":4},{"damage":3,"enemies":"Champ","floor":33,"turns":10},{"damage":6,"enemies":"3 Darklings","floor":35,"turns":4},{"damage":0,"enemies":"Orb Walker","floor":36,"turns":3},{"damage":1,"enemies":"Sphere and 2 Shapes","floor":37,"turns":4},{"damage":10,"enemies":"4 Shapes","floor":41,"turns":5},{"damage":24,"enemies":"Spire Growth","floor":44,"turns":4},{"damage":0,"enemies":"Nemesis","floor":46,"turns":5},{"damage":39,"enemies":"3 Darklings","floor":48,"turns":3},{"damage":53,"enemies":"Awakened One","floor":50,"turns":11},{"damage":29,"enemies":"Donu and Deca","floor":51,"turns":8},{"damage":69,"enemies":"Shield and Spear","floor":55,"turns":5}],"seed_played":"-138661051026075661","potions_obtained":[{"floor":5,"key":"SpeedPotion"},{"floor":8,"key":"DistilledChaos"},{"floor":11,"key":"FearPotion"},{"floor":16,"key":"DistilledChaos"},{"floor":18,"key":"SmokeBomb"},{"floor":25,"key":"BlessingOfTheForge"},{"floor":29,"key":"BlessingOfTheForge"},{"floor":36,"key":"Block Potion"},{"floor":41,"key":"DuplicationPotion"},{"floor":48,"key":"Block Potion"}],"is_trial":false,"path_per_floor":["M","?","$","T","M","R","$","E","T","E","M","?","M","T","R","B",null,"M","?","?","$","?","E","R","E","T","R","?","E","M","?","R","B",null,"M","M","M","$","?","R","M","R","T","M","R","E","$","M","R","B","B",null,"R","$","E"],"character_chosen":"IRONCLAD","items_purchased":["Trip","TheAbacus","Dexterity Potion"],"campfire_rested":3,"item_purchase_floors":[3,21,21],"current_hp_per_floor":[74,74,74,74,75,75,75,75,75,63,66,71,71,71,71,49,69,62,62,62,62,57,29,29,16,16,33,33,30,40,40,40,57,57,57,57,57,57,57,57,57,57,57,41,41,57,57,30,47,34,20,48,57,57,0,0],"gold":16,"neow_bonus":"THREE_ENEMY_KILL","is_daily":false,"chose_seed":false,"campfire_upgraded":6,"win_rate":0.0,"timestamp":1607672351,"path_taken":["M","?","$","?","M","R","$","E","T","E","M","?","M","?","R","BOSS","M","?","?","$","?","E","R","E","T","R","?","E","?","?","R","BOSS","M","M","M","$","?","R","M","R","T","M","R","E","?","M","R","BOSS","BOSS","R","$","E"],"items_purchased_type":["Card","Relic","Potion"],"build_version":"2020-11-30","purchased_purges":1,"victory":false,"max_hp_per_floor":[75,75,75,75,75,75,75,75,75,75,75,75,75,75,75,75,75,75,75,75,75,57,57,57,57,57,57,57,57,57,57,57,57,57,57,57,57,57,57,57,57,57,57,57,57,57,57,57,57,57,57,57,57,57,57,57],"card_choices":[{"not_picked":["Warcry","Flex"],"picked":"Clash","floor":1},{"not_picked":["Rupture","Warcry"],"picked":"Iron Wave","floor":5},{"not_picked":["Clash","Twin Strike"],"picked":"Headbutt","floor":8},{"not_picked":["Bloodletting","Burning Pact","Evolve"],"picked":"Ghostly Armor","floor":10},{"not_picked":["Searing Blow","Twin Strike","Perfected Strike"],"picked":"Iron Wave","floor":11},{"not_picked":["Wild Strike","Sever Soul","Spot Weakness"],"picked":"Ghostly Armor","floor":12},{"not_picked":["Perfected Strike","Twin Strike","Anger"],"picked":"Juggernaut","floor":13},{"not_picked":["Feed","Limit Break","Exhume"],"picked":"Juggernaut","floor":16},{"not_picked":["Searing Blow","Perfected Strike","Flex"],"picked":"Disarm+1","floor":18},{"not_picked":["Armaments","Inflame","Pommel Strike"],"picked":"Ghostly Armor","floor":23},{"not_picked":["Exhume","Perfected Strike","Carnage"],"picked":"Battle Trance+1","floor":25},{"not_picked":["Thunderclap","Heavy Blade","Body Slam"],"picked":"Entrench","floor":29},{"not_picked":["Battle Trance+1","Armaments","Power Through"],"picked":"Shrug It Off","floor":30},{"not_picked":["Exhume","Demon Form","Immolate"],"picked":"Berserk","floor":33},{"not_picked":["Fire Breathing+1","Flex","Heavy Blade","Spot Weakness+1"],"picked":"SKIP","floor":35},{"not_picked":["Armaments","Feel No Pain","Clash"],"picked":"Seeing Red","floor":36},{"not_picked":["Thunderclap","Disarm","Perfected Strike"],"picked":"Armaments+1","floor":37},{"not_picked":["Warcry+1","Rampage","Combust"],"picked":"Inflame","floor":41},{"not_picked":["Sentinel","True Grit","Dropkick"],"picked":"Shrug It Off+1","floor":44},{"not_picked":["Brutality","Perfected Strike+1","Blood for Blood","Pommel Strike"],"picked":"SKIP","floor":46},{"not_picked":["Spot Weakness+1","Disarm","Headbutt"],"picked":"Ghostly Armor","floor":48}],"player_experience":976793,"relics_obtained":[{"floor":4,"key":"Unceasing Top"},{"floor":8,"key":"CeramicFish"},{"floor":9,"key":"Question Card"},{"floor":10,"key":"halation:SelfBoilingWater"},{"floor":12,"key":"Omamori"},{"floor":23,"key":"Mummified Hand"},{"floor":25,"key":"Paper Frog"},{"floor":26,"key":"StrikeDummy"},{"floor":29,"key":"Bottled Lightning"},{"floor":43,"key":"PreservedInsect"},{"floor":46,"key":"halation:TwoAmDonut"}],"event_choices":[{"cards_removed":["Defend_R"],"damage_healed":0,"gold_gain":0,"player_choice":"Purged","damage_taken":0,"max_hp_gain":0,"max_hp_loss":0,"event_name":"Purifier","floor":2,"gold_loss":0},{"damage_healed":0,"gold_gain":0,"player_choice":"Searched \u00272\u0027 times","damage_taken":0,"max_hp_gain":0,"max_hp_loss":0,"event_name":"Dead Adventurer","floor":12,"gold_loss":0},{"cards_removed":["Juggernaut"],"damage_healed":0,"gold_gain":0,"player_choice":"Take \u0026 Give","damage_taken":0,"max_hp_gain":0,"max_hp_loss":0,"event_name":"betterNote:BetterNote","floor":19,"gold_loss":0,"cards_obtained":["Scrawl"]},{"damage_healed":0,"gold_gain":0,"player_choice":"Became a vampire","damage_taken":0,"max_hp_gain":0,"max_hp_loss":18,"event_name":"Vampires","floor":22,"gold_loss":0,"cards_obtained":["Bite","Bite","Bite","Bite"]},{"damage_healed":0,"gold_gain":0,"player_choice":"Ignored","damage_taken":0,"max_hp_gain":0,"max_hp_loss":0,"event_name":"Cursed Tome","floor":28,"gold_loss":0},{"cards_removed":["Clash"],"damage_healed":0,"gold_gain":0,"player_choice":"Elegance","damage_taken":0,"max_hp_gain":0,"max_hp_loss":0,"event_name":"betterThird:BetterWriting","floor":31,"gold_loss":0},{"damage_healed":0,"gold_gain":0,"cards_transformed":["Defend_R"],"player_choice":"Transformed","damage_taken":0,"max_hp_gain":0,"max_hp_loss":0,"event_name":"Transmorgrifier","floor":39,"gold_loss":0,"cards_obtained":["Ghostly Armor"]}],"is_beta":false,"boss_relics":[{"not_picked":["Black Blood","energizedSpire:StickyHand"],"picked":"Ectoplasm"},{"not_picked":["Pandora\u0027s Box","Tiny House"],"picked":"Empty Cage"}],"items_purged_floors":[21],"is_endless":false,"potions_floor_spawned":[5,8,11,16,18,25,29,36,41,48],"killed_by":"Shield and Spear","ascension_level":20}}