{"host":"pdblcivshj41hlsq","time":1607691657,"event":{"mods":["BaseMod","Hermit","Minty Spire (QoL Compilation)","StSLib","The Cursed","The Runesmith"],"gold_per_floor":[115,130,21,21,41,75,75,75,75],"floor_reached":8,"playtime":348,"items_purged":[],"score":62,"play_id":"539bf3e0-a685-4b0b-b9e1-d66768ff388b","local_time":"20201211220057","is_ascension_mode":true,"campfire_choices":[{"floor":7,"key":"REST"}],"circlet_count":0,"master_deck":["hermit:Strike_Hermit","hermit:Strike_Hermit","hermit:Strike_Hermit","hermit:Defend_Hermit","hermit:Defend_Hermit","hermit:Defend_Hermit","hermit:Defend_Hermit","hermit:Snapshot","hermit:Covet","hermit:Snipe","hermit:FatalDesire","hermit:FlashPowder"],"relics":["hermit:Momento","Potion Belt","Bag of Preparation"],"acts_visited":["Exordium"],"potions_floor_usage":[],"damage_taken":[{"damage":13,"enemies":"Jaw Worm","floor":1,"turns":4},{"damage":0,"enemies":"Cultist","floor":2,"turns":4},{"damage":0,"enemies":"2 Louse","floor":5,"turns":3},{"damage":54,"enemies":"Lagavulin","floor":6,"turns":9},{"damage":12,"enemies":"Gremlin Nob","floor":8,"turns":3}],"seed_played":"920180053190502584","potions_obtained":[{"floor":6,"key":"hermit:Tonic"}],"is_trial":false,"path_per_floor":["M","M","$","?","M","E","R","E"],"character_chosen":"HERMIT","items_purchased":["hermit:CursedWeapon","hermit:FlashPowder"],"campfire_rested":1,"item_purchase_floors":[3,3],"current_hp_per_floor":[62,62,62,62,62,8,30,18,18],"gold":75,"neow_bonus":"REMOVE_CARD","is_daily":false,"chose_seed":false,"campfire_upgraded":0,"win_rate":0.0,"timestamp":1607691657,"path_taken":["M","M","$","?","?","E","R","E"],"items_purchased_type":["Card","Card"],"build_version":"2020-11-30","purchased_purges":0,"victory":false,"max_hp_per_floor":[75,75,75,75,75,75,75,75,75],"card_choices":[{"not_picked":["hermit:BodyArmor","hermit:CalledShot"],"picked":"hermit:Snipe","floor":1},{"not_picked":["hermit:SprayPray","hermit:CursedWeapon"],"picked":"hermit:FatalDesire","floor":2},{"not_picked":["hermit:Horror","hermit:HoleUp","hermit:Desperado"],"picked":"SKIP","floor":5},{"not_picked":["hermit:Snipe","hermit:FullyLoaded","hermit:Shortfuse"],"picked":"SKIP","floor":6}],"player_experience":492025,"relics_obtained":[{"floor":6,"key":"Bag of Preparation"}],"event_choices":[{"cards_removed":["hermit:CursedWeapon"],"damage_healed":0,"gold_gain":0,"player_choice":"Gave Card","damage_taken":0,"relics_obtained":["Potion Belt"],"max_hp_gain":0,"max_hp_loss":0,"event_name":"WeMeetAgain","floor":4,"gold_loss":0}],"is_beta":false,"boss_relics":[],"items_purged_floors":[],"is_endless":false,"potions_floor_spawned":[6],"killed_by":"Gremlin Nob","ascension_level":2}}