{"host":"1c52r9kaxdyo25eq","time":1607694555,"event":{"mods":["AchievementEnabler","BaseMod","Minty Spire (QoL Compilation)","Rare Cards Sparkle","SuperFastMode","everything is the same but u backflip on backflip"],"gold_per_floor":[115,127,52,52,68,68,82,82,82,3,20,70,98,113,113,190,190,230,295,295,295,295,295],"floor_reached":22,"playtime":445,"items_purged":[],"score":340,"play_id":"a74ba092-786b-42f5-b0e0-1d5c51ae4219","local_time":"20201211224915","is_ascension_mode":true,"campfire_choices":[{"data":"Adaptation","floor":6.0,"key":"SMITH"},{"data":"Vigilance","floor":8.0,"key":"SMITH"},{"data":"FearNoEvil","floor":15.0,"key":"SMITH"}],"circlet_count":0,"master_deck":["AscendersBane","Eruption+1","Vigilance+1","Adaptation+1","FearNoEvil+1","DeusExMachina+1","FlyingSleeves","Fasting2","Nirvana","WreathOfFlame+1","Wish+1","ClearTheMind+1"],"relics":["PureWater","HornCleat","Toxic Egg 2","Pandora\u0027s Box","Red Mask"],"acts_visited":["Exordium","TheCity"],"potions_floor_usage":[],"damage_taken":[{"damage":0.0,"enemies":"2 Louse","floor":1.0,"turns":3.0},{"damage":4.0,"enemies":"Jaw Worm","floor":2.0,"turns":3.0},{"damage":2.0,"enemies":"Cultist","floor":5.0,"turns":3.0},{"damage":0.0,"enemies":"Blue Slaver","floor":7.0,"turns":4.0},{"damage":0.0,"enemies":"Exordium Thugs","floor":11.0,"turns":3.0},{"damage":2.0,"enemies":"Gremlin Nob","floor":13.0,"turns":3.0},{"damage":0.0,"enemies":"3 Louse","floor":14.0,"turns":2.0},{"damage":51.0,"enemies":"Hexaghost","floor":16.0,"turns":12.0},{"damage":18.0,"enemies":"3 Byrds","floor":18.0,"turns":4.0},{"damage":20,"enemies":"Masked Bandits","floor":19,"turns":5},{"damage":0,"enemies":"Shell Parasite","floor":22,"turns":1}],"seed_played":"-3650954327726668237","potions_obtained":[{"floor":5.0,"key":"Block Potion"},{"floor":11.0,"key":"ColorlessPotion"},{"floor":14.0,"key":"Block Potion"},{"floor":21,"key":"Energy Potion"},{"floor":21,"key":"Energy Potion"}],"is_trial":false,"path_per_floor":["M","M","?","?","M","R","M","R","T","$","M","?","E","M","R","B",null,"M","?","?","?","M"],"character_chosen":"WATCHER","items_purchased":["FearNoEvil"],"campfire_rested":0,"item_purchase_floors":[10],"current_hp_per_floor":[61,57,57,57,55,55,55,55,55,55,55,55,53,53,53,2,52,34,14,14,14,14,14],"gold":295,"neow_bonus":"UPGRADE_CARD","is_daily":false,"chose_seed":false,"campfire_upgraded":3,"win_rate":0.0,"timestamp":1607694555,"path_taken":["M","M","?","?","M","R","M","R","T","$","?","?","E","M","R","BOSS","M","?","?","?","M"],"items_purchased_type":["Card"],"build_version":"2020-11-30","purchased_purges":0,"victory":false,"max_hp_per_floor":[68,68,68,68,68,68,68,68,68,68,68,68,68,68,68,68,68,68,68,68,68,68,68],"card_choices":[{"not_picked":["CrushJoints","Weave","EmptyFist"],"picked":"SKIP","floor":1.0},{"not_picked":["Worship","Prostrate"],"picked":"Adaptation","floor":2.0},{"not_picked":["Consecrate","EmptyMind","Swivel"],"picked":"SKIP","floor":5.0},{"not_picked":["Wallop","CrushJoints","Prostrate"],"picked":"SKIP","floor":7.0},{"not_picked":["EmptyBody","Protect","Prostrate"],"picked":"SKIP","floor":11.0},{"not_picked":["ThirdEye+1","Weave","JustLucky"],"picked":"SKIP","floor":13.0},{"not_picked":["CarveReality","WindmillStrike","Protect+1"],"picked":"SKIP","floor":14.0},{"not_picked":["Blasphemy+1","Establishment"],"picked":"DeusExMachina+1","floor":16.0},{"not_picked":["Weave","SignatureMove","BowlingBash+1"],"picked":"SKIP","floor":18.0}],"player_experience":455769,"relics_obtained":[{"floor":9.0,"key":"HornCleat"},{"floor":13.0,"key":"Toxic Egg 2"},{"floor":19,"key":"Red Mask"}],"event_choices":[{"cards_removed":["Strike_P"],"damage_healed":0.0,"max_hp_gain":0.0,"max_hp_loss":0.0,"gold_gain":0.0,"event_name":"The Cleric","player_choice":"Card Removal","floor":3.0,"gold_loss":75.0,"damage_taken":0.0},{"cards_removed":["Defend_P"],"damage_healed":0.0,"max_hp_gain":0.0,"max_hp_loss":0.0,"gold_gain":0.0,"event_name":"Purifier","player_choice":"Purged","floor":4.0,"gold_loss":0.0,"damage_taken":0.0},{"damage_healed":0.0,"max_hp_gain":0.0,"max_hp_loss":0.0,"gold_gain":50.0,"event_name":"Golden Shrine","player_choice":"Pray","floor":12.0,"gold_loss":0.0,"damage_taken":0.0},{"damage_healed":0,"gold_gain":0,"player_choice":"Fought Bandits","damage_taken":0,"max_hp_gain":0,"max_hp_loss":0,"event_name":"Masked Bandits","floor":19,"gold_loss":0},{"damage_healed":0,"gold_gain":0,"player_choice":"Ignored","damage_taken":0,"max_hp_gain":0,"max_hp_loss":0,"event_name":"Cursed Tome","floor":20,"gold_loss":0},{"damage_healed":0,"gold_gain":0,"player_choice":"Got Potions","damage_taken":0,"max_hp_gain":0,"max_hp_loss":0,"event_name":"Lab","floor":21,"gold_loss":0}],"is_beta":false,"boss_relics":[{"not_picked":["Fusion Hammer","Snecko Eye"],"picked":"Pandora\u0027s Box"}],"items_purged_floors":[],"is_endless":false,"potions_floor_spawned":[5,11,13,14],"killed_by":"Shell Parasite","ascension_level":17}}