{"host":"ueef25wtkg2eer3h","time":1607715526,"event":{"mods":["AchievementEnabler","BaseMod","Colored Map","Colored Powertips","DeckTracker","Displayed Cursed Tome","Googly Eyes","Highlight Path","Minty Spire (QoL Compilation)","Slay the Relics Exporter","StSLib"],"gold_per_floor":[114,134,134,145,164,164,182,216,216,216,235,223,253,270,270,375,375,392,403,37,52,71,71,83,83,83,83,83,118,218,5,5,100,100,119,219,231,249,30,30,43,43,43,58,69,98,123,123,123,123],"floor_reached":51,"playtime":2468,"items_purged":["Defend_B","Shame"],"score":1107,"play_id":"596e872a-79e2-4f1e-9b3a-78abcf654bf5","local_time":"20201211203846","is_ascension_mode":true,"campfire_choices":[{"floor":6,"key":"REST"},{"data":"1","floor":10,"key":"LIFT"},{"data":"2","floor":15,"key":"LIFT"},{"floor":23,"key":"REST"},{"data":"3","floor":25,"key":"LIFT"},{"data":"Defragment","floor":27,"key":"SMITH"},{"data":"Defragment","floor":32,"key":"SMITH"},{"floor":40,"key":"REST"},{"floor":42,"key":"REST"},{"floor":49,"key":"REST"}],"circlet_count":0,"master_deck":["AscendersBane","Strike_B","Strike_B","Strike_B","Defend_B","Defend_B","Zap","Dualcast","Capacitor","Sweeping Beam","Coolheaded","Double Energy","Coolheaded","Zap","Glacier","Conserve Battery","Cold Snap","Doom and Gloom","Beam Cell","Cold Snap","Beam Cell","Steam","Electrodynamics","Coolheaded+1","Defragment+1","Defragment+1","Fusion","Glacier+1","Go for the Eyes","Static Discharge","Force Field","Static Discharge","Sunder","Echo Form","Ball Lightning+1","Barrage","Thunder Strike","Defragment+1","Aggregate","Capacitor+1","Aggregate","Electrodynamics"],"relics":["Cracked Core","Meat on the Bone","Girya","StrikeDummy","SlaversCollar","DollysMirror","Pen Nib","Mummified Hand","Torii","Toy Ornithopter","Bird Faced Urn","Symbiotic Virus","Fusion Hammer","Happy Flower","Eternal Feather","DataDisk"],"acts_visited":["Exordium","TheCity","TheBeyond"],"potions_floor_usage":[12,12,14,16,16,18,24,30,38,46],"damage_taken":[{"damage":8,"enemies":"Small Slimes","floor":1,"turns":4},{"damage":12,"enemies":"Cultist","floor":2,"turns":4},{"damage":7,"enemies":"2 Louse","floor":4,"turns":2},{"damage":4,"enemies":"2 Fungi Beasts","floor":5,"turns":5},{"damage":16,"enemies":"Large Slime","floor":7,"turns":5},{"damage":14,"enemies":"3 Sentries","floor":8,"turns":9},{"damage":5,"enemies":"Red Slaver","floor":11,"turns":2},{"damage":5,"enemies":"Exordium Thugs","floor":12,"turns":4},{"damage":28,"enemies":"Gremlin Nob","floor":13,"turns":4},{"damage":0,"enemies":"Blue Slaver","floor":14,"turns":2},{"damage":32,"enemies":"The Guardian","floor":16,"turns":12},{"damage":22,"enemies":"2 Thieves","floor":18,"turns":4},{"damage":13,"enemies":"Chosen","floor":19,"turns":4},{"damage":19,"enemies":"Centurion and Healer","floor":21,"turns":5},{"damage":24,"enemies":"Snecko","floor":22,"turns":5},{"damage":5,"enemies":"Cultist and Chosen","floor":24,"turns":4},{"damage":0,"enemies":"Slavers","floor":29,"turns":3},{"damage":11,"enemies":"Colosseum Slavers","floor":30,"turns":5},{"damage":12,"enemies":"Colosseum Nobs","floor":30,"turns":4},{"damage":48,"enemies":"Collector","floor":33,"turns":11},{"damage":6,"enemies":"3 Shapes","floor":35,"turns":3},{"damage":9,"enemies":"Orb Walker","floor":37,"turns":3},{"damage":44,"enemies":"Writhing Mass","floor":38,"turns":5},{"damage":0,"enemies":"Transient","floor":41,"turns":5},{"damage":7,"enemies":"Sphere and 2 Shapes","floor":44,"turns":4},{"damage":22,"enemies":"Jaw Worm Horde","floor":45,"turns":4},{"damage":48,"enemies":"Reptomancer","floor":46,"turns":5},{"damage":77,"enemies":"Time Eater","floor":50,"turns":10}],"seed_played":"1384414259826152790","potions_obtained":[{"floor":2,"key":"Swift Potion"},{"floor":7,"key":"PotionOfCapacity"},{"floor":11,"key":"Weak Potion"},{"floor":12,"key":"PowerPotion"},{"floor":13,"key":"DistilledChaos"},{"floor":16,"key":"ColorlessPotion"},{"floor":19,"key":"Dexterity Potion"},{"floor":22,"key":"ColorlessPotion"},{"floor":37,"key":"BlessingOfTheForge"},{"floor":44,"key":"Fire Potion"}],"is_trial":false,"path_per_floor":["M","M","?","M","M","R","M","E","T","R","M","M","E","M","R","B",null,"M","M","$","M","M","R","M","R","T","R","?","E","?","$","R","B",null,"M","?","M","M","$","R","M","R","T","M","M","E","T","?","R","B",null],"character_chosen":"DEFECT","items_purchased":["DollysMirror","Pen Nib","Static Discharge","Sunder","Thunder Strike","Defragment"],"campfire_rested":5,"item_purchase_floors":[20,20,31,31,39,39],"current_hp_per_floor":[60,48,48,41,37,57,41,27,27,27,34,41,25,37,37,17,55,45,44,44,37,25,45,40,40,40,40,40,40,46,46,46,22,57,57,57,54,39,39,59,68,68,68,61,47,30,30,30,68,25],"gold":123,"neow_bonus":"TRANSFORM_TWO_CARDS","is_daily":false,"chose_seed":false,"campfire_upgraded":2,"win_rate":0.0,"timestamp":1607715526,"path_taken":["M","M","?","M","M","R","M","E","T","R","?","M","E","M","R","BOSS","M","M","$","?","M","R","M","R","T","R","?","E","?","$","R","BOSS","M","?","M","M","$","R","M","R","T","M","?","E","?","?","R","BOSS"],"items_purchased_type":["Relic","Relic","Card","Card","Card","Card"],"build_version":"2020-11-30","purchased_purges":2,"victory":true,"max_hp_per_floor":[68,68,68,68,68,68,68,68,68,68,68,68,68,68,68,68,68,68,68,68,68,68,68,68,68,68,68,68,68,68,68,68,68,68,68,68,68,68,68,68,68,68,68,68,68,68,68,68,68,68],"card_choices":[{"not_picked":["Steam","Melter"],"picked":"Coolheaded","floor":1},{"not_picked":["Coolheaded","Ball Lightning"],"picked":"Double Energy","floor":2},{"not_picked":["Hello World","Conserve Battery"],"picked":"Glacier","floor":4},{"not_picked":["Steam Power","Reinforced Body"],"picked":"Conserve Battery","floor":5},{"not_picked":["Stack","Go for the Eyes"],"picked":"Cold Snap","floor":7},{"not_picked":["Undo","Buffer"],"picked":"Doom and Gloom","floor":8},{"not_picked":["Rebound","Cold Snap"],"picked":"Beam Cell","floor":11},{"not_picked":["Compile Driver","FTL"],"picked":"Cold Snap","floor":12},{"not_picked":["Stack","Melter"],"picked":"Beam Cell","floor":13},{"not_picked":["Doom and Gloom","Auto Shields"],"picked":"Steam","floor":14},{"not_picked":["Biased Cognition","Buffer"],"picked":"Electrodynamics","floor":16},{"not_picked":["Hologram","Heatsinks"],"picked":"Coolheaded+1","floor":18},{"not_picked":["Melter","Genetic Algorithm"],"picked":"Defragment","floor":19},{"not_picked":["Doom and Gloom","Stack+1"],"picked":"Fusion","floor":21},{"not_picked":["Chaos","Doom and Gloom"],"picked":"Glacier+1","floor":22},{"not_picked":["Blizzard","Leap+1"],"picked":"Go for the Eyes","floor":24},{"not_picked":["Electrodynamics","Rebound"],"picked":"Static Discharge","floor":29},{"not_picked":["Go for the Eyes","Reinforced Body"],"picked":"Force Field","floor":30},{"not_picked":["Core Surge","Machine Learning"],"picked":"Echo Form","floor":33},{"not_picked":["Sweeping Beam","Cold Snap+1"],"picked":"Ball Lightning+1","floor":35},{"not_picked":["Ball Lightning","Steam Power+1","Cold Snap+1"],"picked":"SKIP","floor":37},{"not_picked":["Genetic Algorithm","Chaos+1"],"picked":"Barrage","floor":38},{"not_picked":["Hologram+1","Conserve Battery+1"],"picked":"Aggregate","floor":41},{"not_picked":["Steam","Stack+1"],"picked":"Capacitor+1","floor":44},{"not_picked":["Hologram","Consume"],"picked":"Aggregate","floor":45},{"not_picked":["Auto Shields+1","Coolheaded"],"picked":"Electrodynamics","floor":46}],"player_experience":246805,"relics_obtained":[{"floor":8,"key":"Meat on the Bone"},{"floor":9,"key":"Girya"},{"floor":13,"key":"StrikeDummy"},{"floor":26,"key":"Mummified Hand"},{"floor":29,"key":"Toy Ornithopter"},{"floor":30,"key":"Bird Faced Urn"},{"floor":30,"key":"Symbiotic Virus"},{"floor":43,"key":"Happy Flower"},{"floor":46,"key":"Eternal Feather"},{"floor":47,"key":"DataDisk"}],"event_choices":[{"damage_healed":0,"gold_gain":0,"player_choice":"2 cards matched","damage_taken":0,"max_hp_gain":0,"max_hp_loss":0,"event_name":"Match and Keep!","floor":3,"gold_loss":0,"cards_obtained":["Coolheaded","Zap"]},{"damage_healed":0,"gold_gain":0,"player_choice":"Stole Relic","damage_taken":0,"relics_obtained":["Torii"],"max_hp_gain":0,"max_hp_loss":0,"event_name":"Addict","floor":28,"gold_loss":0,"cards_obtained":["Shame"]},{"damage_healed":0,"gold_gain":0,"player_choice":"Fight","damage_taken":0,"max_hp_gain":0,"max_hp_loss":0,"event_name":"Colosseum","floor":30,"gold_loss":0},{"damage_healed":0,"gold_gain":0,"player_choice":"Fought Nobs","damage_taken":0,"max_hp_gain":0,"max_hp_loss":0,"event_name":"Colosseum","floor":30,"gold_loss":0},{"damage_healed":0,"gold_gain":100,"player_choice":"Pray","damage_taken":0,"max_hp_gain":0,"max_hp_loss":0,"event_name":"Golden Shrine","floor":36,"gold_loss":0},{"damage_healed":0,"gold_gain":0,"player_choice":"Upgraded","damage_taken":0,"max_hp_gain":0,"max_hp_loss":0,"event_name":"Upgrade Shrine","floor":48,"gold_loss":0,"cards_upgraded":["Defragment"]}],"is_beta":false,"boss_relics":[{"not_picked":["Astrolabe","Cursed Key"],"picked":"SlaversCollar"},{"not_picked":["Velvet Choker","Busted Crown"],"picked":"Fusion Hammer"}],"items_purged_floors":[20,31],"is_endless":false,"potions_floor_spawned":[2,7,11,12,13,16,19,22,30,37,44],"ascension_level":10}}