{"host":"2nw7vjz0sy04etg3","time":1607695593,"event":{"mods":["BaseMod","DeckTracker","Minty Spire (QoL Compilation)","Quick Restart"],"gold_per_floor":[112,112,37,37,37,68,218,246,301,316,326,340,201,221,221,221,221],"floor_reached":16,"playtime":304,"items_purged":["Strike_B","Strike_B"],"score":288,"play_id":"2a9fcc7e-58c1-4658-81d8-20373e2e97f4","local_time":"20201211230633","is_ascension_mode":true,"campfire_choices":[{"data":"Dualcast","floor":15,"key":"SMITH"}],"circlet_count":0,"master_deck":["AscendersBane","Strike_B","Strike_B","Defend_B","Defend_B","Defend_B","Defend_B","Zap","Dualcast+1","Conserve Battery","Turbo","Ball Lightning","Go for the Eyes","Cold Snap","Capacitor","Sunder"],"relics":["Cracked Core","NeowsBlessing","Omamori","Toy Ornithopter","Ornamental Fan","Pear","Bag of Preparation"],"acts_visited":["Exordium"],"potions_floor_usage":[],"damage_taken":[{"damage":0,"enemies":"Cultist","floor":1,"turns":1},{"damage":0,"enemies":"3 Sentries","floor":6,"turns":1},{"damage":0,"enemies":"Gremlin Nob","floor":8,"turns":1},{"damage":0,"enemies":"Jaw Worm","floor":10,"turns":3},{"damage":0,"enemies":"2 Louse","floor":11,"turns":3},{"damage":6,"enemies":"Blue Slaver","floor":12,"turns":3},{"damage":30,"enemies":"Lots of Slimes","floor":14,"turns":5},{"damage":29,"enemies":"Slime Boss","floor":16,"turns":6}],"seed_played":"48404919668080619","potions_obtained":[{"floor":2,"key":"CultistPotion"},{"floor":2,"key":"Explosive Potion"},{"floor":8,"key":"SteroidPotion"}],"is_trial":false,"path_per_floor":["M","?","$","T","T","E","?","E","T","M","M","M","$","M","R","B"],"character_chosen":"DEFECT","items_purchased":["Capacitor"],"campfire_rested":0,"item_purchase_floors":[13],"current_hp_per_floor":[64,64,64,64,64,64,64,74,74,74,74,68,68,38,38,9,9],"gold":221,"neow_bonus":"THREE_ENEMY_KILL","is_daily":false,"chose_seed":false,"campfire_upgraded":1,"win_rate":0.0,"timestamp":1607695593,"path_taken":["M","?","$","?","?","E","?","E","T","M","?","?","$","M","R","BOSS"],"items_purchased_type":["Card"],"build_version":"2020-11-30","purchased_purges":2,"victory":false,"max_hp_per_floor":[71,71,71,71,71,71,71,81,81,81,81,81,81,81,81,81,81],"card_choices":[{"not_picked":["Coolheaded","Streamline"],"picked":"Conserve Battery","floor":1},{"not_picked":["Double Energy","Machine Learning"],"picked":"Turbo","floor":6},{"not_picked":["Gash","Hello World"],"picked":"Ball Lightning","floor":8},{"not_picked":["Redo","Gash"],"picked":"Go for the Eyes","floor":10},{"not_picked":["Conserve Battery","Hologram"],"picked":"Cold Snap","floor":11},{"not_picked":["Cold Snap","Steam","Redo"],"picked":"SKIP","floor":12},{"not_picked":["Auto Shields","Redo"],"picked":"Sunder","floor":14}],"player_experience":222241,"relics_obtained":[{"floor":4,"key":"Omamori"},{"floor":5,"key":"Toy Ornithopter"},{"floor":6,"key":"Ornamental Fan"},{"floor":8,"key":"Pear"},{"floor":9,"key":"Bag of Preparation"}],"event_choices":[{"damage_healed":0,"gold_gain":0,"player_choice":"Got Potions","damage_taken":0,"max_hp_gain":0,"max_hp_loss":0,"event_name":"Lab","floor":2,"gold_loss":0},{"damage_healed":0,"gold_gain":150,"player_choice":"AGREE","damage_taken":0,"max_hp_gain":0,"max_hp_loss":0,"event_name":"Liars Game","floor":7,"gold_loss":0,"cards_obtained":["Doubt"]}],"is_beta":false,"boss_relics":[],"items_purged_floors":[3,13],"is_endless":false,"potions_floor_spawned":[8,11,12,14],"killed_by":"Slime Boss","ascension_level":16}}