{"host":"utqe55yv0jihe4d6","time":1607661533,"event":{"mods":["2.2 Compatiblity","AchievementEnabler","BaseMod","Block Reminder","Colored Map","Colored Powertips","Minty Spire (QoL Compilation)","Quick Restart","Rare Cards Sparkle","Relic Stats","SuperFastMode"],"gold_per_floor":[20,20,95,70,70,70,85,118,198,198,223,223,259,283,283,283,283],"floor_reached":16,"playtime":328,"items_purged":[],"score":216,"play_id":"0eb4c37e-3e6e-4108-b82a-d7320c72b1e2","local_time":"20201210233853","is_ascension_mode":true,"campfire_choices":[{"data":"Ball Lightning","floor":6.0,"key":"SMITH"},{"floor":10.0,"key":"REST"},{"data":"Cold Snap","floor":12.0,"key":"SMITH"},{"data":"Loop","floor":15.0,"key":"SMITH"}],"circlet_count":0,"master_deck":["AscendersBane","Strike_B","Strike_B","Strike_B","Defend_B","Defend_B","Defend_B","Defend_B","Zap","Dualcast","Auto Shields","Ball Lightning+1","Cold Snap+1","Doom and Gloom","Streamline","Loop+1"],"relics":["Cracked Core","Calipers","Golden Idol","Centennial Puzzle","Blue Candle","Eternal Feather"],"acts_visited":["Exordium"],"potions_floor_usage":[],"damage_taken":[{"damage":1.0,"enemies":"Cultist","floor":1.0,"turns":3.0},{"damage":3.0,"enemies":"2 Louse","floor":7.0,"turns":3.0},{"damage":28.0,"enemies":"3 Sentries","floor":8.0,"turns":7.0},{"damage":3.0,"enemies":"Small Slimes","floor":11.0,"turns":3.0},{"damage":9.0,"enemies":"Gremlin Nob","floor":13.0,"turns":3.0},{"damage":6.0,"enemies":"Blue Slaver","floor":14.0,"turns":3.0},{"damage":26,"enemies":"The Guardian","floor":16,"turns":9}],"seed_played":"1704013258443499244","potions_obtained":[{"floor":1.0,"key":"AttackPotion"},{"floor":7.0,"key":"LiquidBronze"},{"floor":11.0,"key":"BlessingOfTheForge"}],"is_trial":false,"path_per_floor":["M","?","?","$","?","R","M","E","T","R","M","R","E","M","R","B"],"character_chosen":"DEFECT","items_purchased":["Ball Lightning"],"campfire_rested":1,"item_purchase_floors":[4],"current_hp_per_floor":[63,63,52,52,45,45,42,14,14,33,30,30,21,15,24,0,0],"gold":283,"neow_bonus":"ONE_RARE_RELIC","is_daily":false,"chose_seed":false,"campfire_upgraded":3,"win_rate":0.0,"timestamp":1607661533,"path_taken":["M","?","?","$","?","R","M","E","T","R","M","R","E","M","R","BOSS"],"items_purchased_type":["Card"],"build_version":"2020-11-30","purchased_purges":0,"victory":false,"max_hp_per_floor":[71,64,64,64,64,64,64,64,64,64,64,64,64,64,64,64,64],"relic_stats":{"Centennial Puzzle":[12],"counters":[7,31],"Golden Idol":27,"Blue Candle":[0],"Eternal Feather":9,"obtain_stats":[{"Centennial Puzzle":8,"Calipers":0,"Golden Idol":2,"Blue Candle":9,"Eternal Feather":13,"Cracked Core":0},{"Centennial Puzzle":3,"Calipers":0,"Golden Idol":1,"Blue Candle":3,"Eternal Feather":5,"Cracked Core":0},{"Centennial Puzzle":13,"Calipers":0,"Golden Idol":3,"Blue Candle":13,"Eternal Feather":19,"Cracked Core":0}]},"card_choices":[{"not_picked":["Heatsinks","Steam"],"picked":"Auto Shields","floor":1.0},{"not_picked":["Double Energy","Compile Driver"],"picked":"Cold Snap","floor":7.0},{"not_picked":["Ball Lightning","Fission"],"picked":"Doom and Gloom","floor":8.0},{"not_picked":["Fusion","Beam Cell","Aggregate"],"picked":"SKIP","floor":11.0},{"not_picked":["Force Field","Leap"],"picked":"Streamline","floor":13.0},{"not_picked":["Streamline","Heatsinks"],"picked":"Loop","floor":14.0}],"player_experience":2735825,"relics_obtained":[{"floor":8.0,"key":"Centennial Puzzle"},{"floor":9.0,"key":"Blue Candle"},{"floor":13.0,"key":"Eternal Feather"}],"event_choices":[{"damage_healed":0.0,"max_hp_gain":0.0,"max_hp_loss":7.0,"gold_gain":0.0,"event_name":"Golden Idol","player_choice":"Lose Max HP","floor":2.0,"gold_loss":0.0,"damage_taken":0.0,"relics_obtained":["Golden Idol"]},{"damage_healed":0.0,"max_hp_gain":0.0,"max_hp_loss":0.0,"gold_gain":75.0,"event_name":"World of Goop","player_choice":"Gather Gold","floor":3.0,"gold_loss":0.0,"damage_taken":11.0},{"cards_removed":["Strike_B"],"damage_healed":0.0,"max_hp_gain":0.0,"max_hp_loss":0.0,"gold_gain":0.0,"event_name":"Golden Wing","player_choice":"Card Removal","floor":5.0,"gold_loss":0.0,"damage_taken":7.0}],"is_beta":false,"boss_relics":[],"items_purged_floors":[],"is_endless":false,"potions_floor_spawned":[1,7,11],"killed_by":"The Guardian","ascension_level":20}}