{"host":"nk1hwk2qadwaubm5","time":1607706999,"event":{"mods":["BaseMod","Hermit","Infinite Spire","Minty Spire (QoL Compilation)","Replay The Spire","StSLib","The Cursed","The Jungle","The Servant 0.9.4"],"gold_per_floor":[111,111,121,121,137,166,179,190,190,190,41,53,53,87,87,184,184,200,200,200,200,215,215,68,88,88,122,122,208,208,221,221,325,325,354,354,437,467,467,537,537,140,216,216,262,262,290,133,133,133],"floor_reached":51,"playtime":2962,"items_purged":[],"score":828,"play_id":"9c1cc88c-7995-4f60-acf8-95bd38c23c95","local_time":"20201211181639","is_ascension_mode":false,"campfire_choices":[{"floor":13,"key":"REST"},{"floor":15,"key":"REST"},{"data":"infinitespire:DeathsTouch","floor":23,"key":"SMITH"},{"data":"hermit:Enervate","floor":28,"key":"SMITH"},{"data":"hermit:DeadOrAlive","floor":32,"key":"SMITH"},{"data":"hermit:Roughhouse","floor":41,"key":"SMITH"},{"data":"hermit:Defend_Hermit","floor":44,"key":"SMITH"},{"data":"hermit:Defend_Hermit","floor":46,"key":"SMITH"},{"data":"hermit:Defend_Hermit","floor":49,"key":"SMITH"}],"circlet_count":0,"master_deck":["hermit:Strike_Hermit","hermit:Strike_Hermit","hermit:Strike_Hermit","hermit:Strike_Hermit","hermit:Defend_Hermit+2","hermit:Defend_Hermit","hermit:Defend_Hermit","hermit:Defend_Hermit","hermit:Snapshot+1","hermit:Maintenance+1","CurseOfTheBell","infinitespire:DeathsTouch+1","hermit:Maintenance","hermit:Brawl+1","hermit:DeadOrAlive+1","hermit:Roughhouse+1","hermit:Maintenance","hermit:HighNoon","hermit:FullyLoaded","hermit:TakeAim+1"],"relics":["Snecko Heart","Letter Opener","ReplayTheSpireMod:TigerMarble","Quantum Egg","Bag of Marbles","infinitespire:CursedDice","Replay:Grab Bag","infinitespire:Cupcake","ReplayTheSpireMod:DimensionalGlitch","Calling Bell","Snecko Eye","Anchor","infinitespire:CheckeredPen","Lizard Tail","theJungle:WildStrawberry","infinitespire:Bottled Soul","ClockworkSouvenir","Mummified Hand","Replay:Bottled Flurry","Philosopher\u0027s Stone","Pocketwatch","Blood Vial","Bronze Scales","Mirror","infinitespire:EmpoweringShard","Simple Rune"],"acts_visited":["Exordium","Exordium","TheBeyond"],"potions_floor_usage":[6,14,14,14,16],"damage_taken":[{"damage":1,"enemies":"Jaw Worm","floor":1,"turns":3},{"damage":0,"enemies":"Small Slimes","floor":3,"turns":3},{"damage":1,"enemies":"Cultist","floor":5,"turns":4},{"damage":28,"enemies":"Gremlin Nob","floor":6,"turns":4},{"damage":0,"enemies":"Looter","floor":7,"turns":3},{"damage":0,"enemies":"2 Fungi Beasts","floor":8,"turns":3},{"damage":0,"enemies":"Exordium Wildlife","floor":12,"turns":2},{"damage":1,"enemies":"3 Sentries","floor":14,"turns":4},{"damage":28,"enemies":"Hexaghost","floor":16,"turns":10},{"damage":0,"enemies":"theJungle:MUSHROOMGANG","floor":18,"turns":4},{"damage":1,"enemies":"theJungle:5_Spyders","floor":22,"turns":4},{"damage":0,"enemies":"theJungle:Snecko_Cultist_And_Trap","floor":25,"turns":3},{"damage":0,"enemies":"theJungle:Cassacara","floor":27,"turns":4},{"damage":9,"enemies":"theJungle:2_Flameangoes","floor":31,"turns":3},{"damage":12,"enemies":"theJungle:FunGuy","floor":33,"turns":9},{"damage":0,"enemies":"3 Darklings","floor":35,"turns":1},{"damage":21,"enemies":"2 Orb Walkers","floor":37,"turns":4},{"damage":0,"enemies":"Orb Walker","floor":38,"turns":1},{"damage":0,"enemies":"R_Hoarder","floor":40,"turns":4},{"damage":0,"enemies":"Jaw Worm Horde","floor":45,"turns":3},{"damage":0,"enemies":"Writhing Mass","floor":47,"turns":2},{"damage":0,"enemies":"Time Eater","floor":50,"turns":7}],"seed_played":"-40468083442903979","potions_obtained":[{"floor":1,"key":"PowerPotion"},{"floor":6,"key":"SteroidPotion"},{"floor":7,"key":"Energy Potion"},{"floor":8,"key":"EntropicBrew"},{"floor":16,"key":"AttackPotion"},{"floor":25,"key":"DistilledChaos"}],"is_trial":false,"path_per_floor":["M","?","M","?","M","E","M","M","T","?","$","M","R","E","R","B",null,"M","?","AVR","T","M","R","$","M","T","E","R","?","?","M","R","B",null,"M","?","?","M","?","E","R","$","T","R","M","R","M","$","R","B",null],"character_chosen":"HERMIT","items_purchased":["Bag of Marbles","ClockworkSouvenir","Bronze Scales","Mirror","Simple Rune"],"campfire_rested":2,"item_purchase_floors":[11,24,42,42,48],"current_hp_per_floor":[74,41,41,41,40,12,16,16,16,16,16,16,38,37,59,31,75,75,61,61,61,60,60,60,60,60,60,60,40,40,31,31,19,82,82,82,61,61,61,61,61,61,61,61,62,62,65,65,65,66],"gold":133,"neow_bonus":"BOSS_RELIC","is_daily":false,"chose_seed":false,"campfire_upgraded":7,"win_rate":0.0,"timestamp":1607706999,"path_taken":["M","?","M","?","M","E","M","?","T","?","$","M","R","E","R","BOSS","M","?","AVR","?","M","R","?","?","T","E","R","?","?","M","R","BOSS","M","?","?","M","?","E","R","$","T","R","?","R","M","$","R","BOSS"],"items_purchased_type":["Relic","Relic","Relic","Relic","Relic"],"build_version":"2020-11-30","purchased_purges":0,"victory":true,"max_hp_per_floor":[75,75,75,75,75,75,75,75,75,75,75,75,75,75,75,75,75,75,82,82,82,82,82,82,82,82,82,82,82,82,82,82,82,82,82,82,82,82,82,82,82,82,82,82,82,82,82,82,82,82],"card_choices":[{"not_picked":["hermit:Cheat","hermit:Maintenance","hermit:LowProfile"],"picked":"SKIP","floor":1},{"not_picked":["hermit:Quickdraw","hermit:Feint","hermit:Glare"],"picked":"SKIP","floor":3},{"not_picked":["hermit:Horror","hermit:Spite","hermit:LowProfile"],"picked":"SKIP","floor":5},{"not_picked":["hermit:Scavenge","hermit:Brawl","hermit:HighNoon"],"picked":"SKIP","floor":6},{"not_picked":["hermit:Snipe","hermit:Midnight"],"picked":"hermit:Maintenance","floor":7},{"not_picked":["hermit:Scavenge","hermit:DeadMansHand","hermit:BodyArmor"],"picked":"SKIP","floor":8},{"not_picked":["hermit:Spite","hermit:Roulette","hermit:Horror"],"picked":"SKIP","floor":12},{"not_picked":["hermit:PistolWhip","hermit:FatalDesire","hermit:Deadeye"],"picked":"SKIP","floor":14},{"not_picked":["hermit:Glare+1","hermit:Feint","hermit:HighCaliber"],"picked":"SKIP","floor":18},{"not_picked":["hermit:Horror","hermit:Determination+1"],"picked":"hermit:Maintenance","floor":22},{"not_picked":["hermit:HoleUp","hermit:HighCaliber+1","hermit:Shortfuse"],"picked":"SKIP","floor":25},{"not_picked":["hermit:Misfire","hermit:Desperado+1"],"picked":"hermit:Enervate","floor":27},{"not_picked":["hermit:Feint+1","hermit:Dive"],"picked":"hermit:Brawl+1","floor":29},{"not_picked":["hermit:Cheat","hermit:Gestalt"],"picked":"hermit:DeadOrAlive","floor":31},{"not_picked":["hermit:RoundhouseKick","hermit:Adapt"],"picked":"hermit:Roughhouse","floor":33},{"not_picked":["hermit:Enervate+1","hermit:NoHoldsBarred","hermit:Feint+1"],"picked":"SKIP","floor":35},{"not_picked":["hermit:Virtue+1","hermit:Enervate"],"picked":"hermit:Maintenance","floor":37},{"not_picked":["hermit:Feint+1","hermit:Misfire"],"picked":"hermit:HighNoon","floor":38},{"not_picked":["hermit:Grudge+1","hermit:Adapt"],"picked":"hermit:FullyLoaded","floor":40},{"not_picked":["hermit:CalledShot+1","hermit:FlashPowder+1","hermit:Headshot"],"picked":"SKIP","floor":45},{"not_picked":["hermit:ShadowCloak","hermit:SprayPray+1"],"picked":"hermit:TakeAim+1","floor":47}],"player_experience":124565,"relics_obtained":[{"floor":6,"key":"ReplayTheSpireMod:TigerMarble"},{"floor":9,"key":"Quantum Egg"},{"floor":14,"key":"infinitespire:CursedDice"},{"floor":17,"key":"Anchor"},{"floor":17,"key":"infinitespire:CheckeredPen"},{"floor":17,"key":"Lizard Tail"},{"floor":21,"key":"infinitespire:Bottled Soul"},{"floor":26,"key":"Mummified Hand"},{"floor":27,"key":"Replay:Bottled Flurry"},{"floor":37,"key":"Pocketwatch"},{"floor":40,"key":"Blood Vial"},{"floor":43,"key":"infinitespire:EmpoweringShard"}],"event_choices":[{"damage_healed":0,"gold_gain":0,"player_choice":"Success","damage_taken":33,"relics_obtained":["Letter Opener"],"max_hp_gain":0,"max_hp_loss":0,"event_name":"Scrap Ooze","floor":2,"gold_loss":0},{"damage_healed":0,"gold_gain":0,"player_choice":"Upgraded","damage_taken":0,"max_hp_gain":0,"max_hp_loss":0,"event_name":"Upgrade Shrine","floor":4,"gold_loss":0,"cards_upgraded":["hermit:Snapshot"]},{"damage_healed":0,"gold_gain":0,"cards_transformed":["hermit:Covet"],"player_choice":"Transformed","damage_taken":0,"max_hp_gain":0,"max_hp_loss":0,"event_name":"Transmorgrifier","floor":30,"gold_loss":0,"cards_obtained":["hermit:FlashPowder"]},{"cards_removed":["hermit:Enervate"],"damage_healed":0,"gold_gain":0,"player_choice":"Removed Attack","damage_taken":0,"max_hp_gain":0,"max_hp_loss":0,"event_name":"Falling","floor":36,"gold_loss":0},{"damage_healed":0,"gold_gain":0,"player_choice":"Fight","damage_taken":0,"max_hp_gain":0,"max_hp_loss":0,"event_name":"Mysterious Sphere","floor":37,"gold_loss":0},{"cards_removed":["hermit:FlashPowder"],"damage_healed":0,"gold_gain":0,"player_choice":"Purged","damage_taken":0,"max_hp_gain":0,"max_hp_loss":0,"event_name":"Purifier","floor":39,"gold_loss":0}],"is_beta":false,"boss_relics":[{"not_picked":["ReplayTheSpireMod:SealedPack","hermit:DentedPlate"],"picked":"Replay:Grab Bag"},{"not_picked":["Sozu","Replay:Wanted Poster"],"picked":"infinitespire:Cupcake"},{"not_picked":["Velvet Choker","Fusion Hammer"],"picked":"ReplayTheSpireMod:DimensionalGlitch"},{"not_picked":["Runic Pyramid","Kintsugi"],"picked":"Calling Bell"},{"not_picked":["Black Star","Empty Cage"],"picked":"Snecko Eye"},{"not_picked":["Abe\u0027s Treasure","Replay:Fungal Core"],"picked":"Philosopher\u0027s Stone"}],"items_purged_floors":[],"is_endless":false,"potions_floor_spawned":[1,6,7,8,16,25,27,31,35,40],"ascension_level":0}}