{"host":"ecaj4hn004xnnrw9","time":1607649059,"event":{"mods":["BaseMod","AchievementEnabler","StSLib","Hermit","Quick Restart","Minty Spire (QoL Compilation)","Replay The Spire","The Cursed"],"gold_per_floor":[118,129,54,68,68,68,95,110,156,156,56,56,56,68,68,170,170,184,184,94,110,128,162,174,202,249,276,296,296,119,130,130,234,234,246,265,315,14,28,28,63,63,88,116,82,82,93,0,0,0,0,0,0,30,30],"floor_reached":56,"playtime":2724,"items_purged":["hermit:Defend_Hermit","hermit:Defend_Hermit","hermit:Quickdraw","hermit:Snipe+1"],"score":1601,"play_id":"2ac4c038-d591-4c16-9e4d-af5b21af222d","local_time":"20201211011059","is_ascension_mode":true,"campfire_choices":[{"data":"hermit:Enervate","floor":6,"key":"SMITH"},{"data":"hermit:Covet","floor":10,"key":"SMITH"},{"data":"hermit:Quickdraw","floor":12,"key":"SMITH"},{"data":"hermit:Strike_Hermit","floor":15,"key":"PURGE"},{"data":"hermit:Snipe","floor":29,"key":"SMITH"},{"data":"hermit:Enervate","floor":32,"key":"SMITH"},{"floor":40,"key":"RECALL"},{"floor":42,"key":"REST"},{"floor":49,"key":"REST"},{"floor":52,"key":"REST"}],"circlet_count":0,"master_deck":["hermit:Covet+1","CommonCold","hermit:Enervate+1","hermit:Snipe+1","hermit:Enervate+1"],"relics":["Kintsugi","ReplayTheSpireMod:Shallot","Blue Doll","Juzu Bracelet","Ring of Chaos","Replay:Wax Seal","Bottled Flame","Toy Ornithopter","Black Star","CaptainsWheel","TheAbacus","Blood Vial","Du-Vu Doll","ReplayTheSpireMod:TigerMarble","Replay:WaspNest","Art of War","Red Mask","Kunai","Anchor"],"acts_visited":["Exordium","TheCity","TheBeyond","TheEnding"],"potions_floor_usage":[22,37,41,41,47,55],"damage_taken":[{"damage":0,"enemies":"Cultist","floor":1,"turns":3},{"damage":0,"enemies":"2 Louse","floor":2,"turns":2},{"damage":6,"enemies":"Jaw Worm","floor":4,"turns":2},{"damage":0,"enemies":"Lagavulin","floor":7,"turns":4},{"damage":0,"enemies":"Large Slime","floor":8,"turns":3},{"damage":0,"enemies":"Exordium Wildlife","floor":14,"turns":2},{"damage":0,"enemies":"Hexaghost","floor":16,"turns":1},{"damage":0,"enemies":"3 Byrds","floor":18,"turns":2},{"damage":0,"enemies":"Shell Parasite","floor":21,"turns":1},{"damage":10,"enemies":"3 Cultists","floor":22,"turns":3},{"damage":0,"enemies":"Book of Stabbing","floor":23,"turns":1},{"damage":0,"enemies":"Centurion and Healer","floor":24,"turns":1},{"damage":0,"enemies":"Slavers","floor":25,"turns":1},{"damage":0,"enemies":"Book of Stabbing","floor":27,"turns":1},{"damage":0,"enemies":"Cultist and Chosen","floor":28,"turns":1},{"damage":0,"enemies":"Snecko","floor":31,"turns":1},{"damage":0,"enemies":"Champ","floor":33,"turns":1},{"damage":0,"enemies":"3 Darklings","floor":35,"turns":1},{"damage":13,"enemies":"3 Shapes","floor":36,"turns":2},{"damage":0,"enemies":"Mind Bloom Boss Battle","floor":37,"turns":1},{"damage":0,"enemies":"Jaw Worm Horde","floor":39,"turns":1},{"damage":6,"enemies":"R_Hoarder","floor":41,"turns":12},{"damage":0,"enemies":"Reptomancer","floor":44,"turns":1},{"damage":0,"enemies":"4 Shapes","floor":47,"turns":1},{"damage":3,"enemies":"Time Eater","floor":50,"turns":7},{"damage":0,"enemies":"Shield and Spear","floor":54,"turns":1},{"damage":76,"enemies":"The Heart","floor":55,"turns":5}],"seed_played":"-2566432008373946315","potions_obtained":[{"floor":8,"key":"PowerPotion"},{"floor":14,"key":"GamblersBrew"},{"floor":18,"key":"ColorlessPotion"},{"floor":23,"key":"LiquidMemories"},{"floor":37,"key":"SpeedPotion"},{"floor":39,"key":"Dexterity Potion"},{"floor":41,"key":"Adrenaline Potion"}],"is_trial":false,"path_per_floor":["M","M","$","M","?","R","E","M","T","R","$","R","$","M","R","B",null,"M","?","?","M","M","E","M","E","T","E","M","R","$","M","R","B",null,"M","M","?","$","M","R","E","R","T","E","$","?","M","?","R","B",null,"R","$","E","B",null],"character_chosen":"HERMIT","items_purchased":["Block Potion","TheAbacus","Elixir"],"campfire_rested":3,"item_purchase_floors":[30,38,45],"current_hp_per_floor":[75,75,75,69,51,51,51,51,51,51,51,51,51,51,51,51,75,75,75,75,75,65,65,65,65,65,65,65,65,65,65,65,65,75,75,62,67,67,67,67,75,75,75,75,75,75,75,75,75,72,75,75,75,75,4],"gold":30,"neow_bonus":"BOSS_RELIC","is_daily":false,"chose_seed":false,"campfire_upgraded":5,"win_rate":0,"timestamp":1607649059,"path_taken":["M","?","$","M","?","R","E","M","T","R","?","R","$","M","R","BOSS","M","?","?","M","M","E","M","E","T","E","M","R","$","M","R","BOSS","M","M","?","$","M","R","E","R","T","E","$","?","M","?","R","BOSS","R","$","E","BOSS"],"build_version":"2020-11-30","purchased_purges":4,"victory":true,"max_hp_per_floor":[75,75,75,75,75,75,75,75,75,75,75,75,75,75,75,75,75,75,75,75,75,75,75,75,75,75,75,75,75,75,75,75,75,75,75,75,75,75,75,75,75,75,75,75,75,75,75,75,75,75,75,75,75,75,75],"card_choices":[{"not_picked":["hermit:CalledShot","hermit:Grudge"],"picked":"hermit:Enervate","floor":1},{"not_picked":["hermit:FullyLoaded","hermit:GhostlyPresence","hermit:WideOpen"],"picked":"SKIP","floor":2},{"not_picked":["hermit:Headshot","hermit:Showdown"],"picked":"hermit:Quickdraw","floor":4},{"not_picked":["hermit:Ricochet","hermit:Cheat","hermit:Desperado"],"picked":"SKIP","floor":7},{"not_picked":["hermit:Dive","hermit:ShadowCloak"],"picked":"hermit:Quickdraw","floor":8},{"not_picked":["hermit:Coalescence","hermit:Headshot","hermit:BodyArmor"],"picked":"SKIP","floor":14},{"not_picked":["hermit:HighCaliber","hermit:Headshot","hermit:DeadMansHand"],"picked":"SKIP","floor":18},{"not_picked":["hermit:CalledShot","hermit:GoldenBullet"],"picked":"hermit:Snipe","floor":21},{"not_picked":["hermit:Brawl","hermit:Vantage","hermit:Coalescence"],"picked":"SKIP","floor":22},{"not_picked":["hermit:Showdown+1","hermit:Feint","hermit:LoneWolf"],"picked":"SKIP","floor":23},{"not_picked":["hermit:HighCaliber+1","hermit:Spite+1","hermit:Glare"],"picked":"SKIP","floor":24},{"not_picked":["hermit:CalledShot+1","hermit:NoHoldsBarred+1","hermit:Misfire"],"picked":"SKIP","floor":25},{"not_picked":["hermit:Deadeye","hermit:Misfire"],"picked":"hermit:Enervate","floor":27},{"not_picked":["hermit:RoundhouseKick","hermit:PistolWhip","hermit:Quickdraw"],"picked":"SKIP","floor":28},{"not_picked":["hermit:EyeOfTheStorm","hermit:Desperado","hermit:GoldenBullet"],"picked":"SKIP","floor":31},{"not_picked":["hermit:TakeAim","hermit:TrackingShot"],"picked":"hermit:Snipe+1","floor":35},{"not_picked":["hermit:Coalescence","hermit:LowProfile+1","hermit:Vantage+1"],"picked":"SKIP","floor":36},{"not_picked":["hermit:Manifest+1","hermit:Misfire+1","hermit:Shortfuse"],"picked":"SKIP","floor":39},{"not_picked":["hermit:Virtue","hermit:Quickdraw","hermit:CalledShot"],"picked":"SKIP","floor":41},{"not_picked":["hermit:Misfire+1","hermit:Showdown+1","hermit:Snipe+1"],"picked":"SKIP","floor":44},{"not_picked":["hermit:BodyArmor+1","hermit:Midnight+1","hermit:Coalescence+1"],"picked":"SKIP","floor":47},{"not_picked":["hermit:Horror+1","hermit:BodyArmor+1","hermit:Determination+1"],"picked":"SKIP","floor":54}],"player_experience":168210,"relics_obtained":[{"floor":7,"key":"Blue Doll"},{"floor":9,"key":"Juzu Bracelet"},{"floor":23,"key":"Replay:Wax Seal"},{"floor":25,"key":"Bottled Flame"},{"floor":27,"key":"Toy Ornithopter"},{"floor":37,"key":"CaptainsWheel"},{"floor":41,"key":"Blood Vial"},{"floor":41,"key":"Du-Vu Doll"},{"floor":43,"key":"ReplayTheSpireMod:TigerMarble"},{"floor":44,"key":"Replay:WaspNest"},{"floor":44,"key":"Art of War"},{"floor":54,"key":"Kunai"},{"floor":54,"key":"Anchor"}],"event_choices":[{"damage_healed":0,"gold_gain":0,"player_choice":"Success","damage_taken":18,"relics_obtained":["ReplayTheSpireMod:Shallot"],"max_hp_gain":0,"max_hp_loss":0,"event_name":"Scrap Ooze","floor":5,"gold_loss":0},{"damage_healed":25,"gold_gain":0,"player_choice":"Heal","damage_taken":0,"max_hp_gain":0,"max_hp_loss":0,"event_name":"The Library","floor":19,"gold_loss":0},{"cards_removed":["hermit:Snapshot"],"damage_healed":0,"gold_gain":0,"player_choice":"Upgrade and Remove","damage_taken":0,"max_hp_gain":0,"max_hp_loss":0,"event_name":"Designer","floor":20,"gold_loss":90,"cards_upgraded":["ReplayTheSpireMod:Faulty Equipment"]},{"damage_healed":0,"gold_gain":0,"player_choice":"Fight","damage_taken":0,"max_hp_gain":0,"max_hp_loss":0,"event_name":"MindBloom","floor":37,"gold_loss":0},{"cards_removed":["hermit:Quickdraw"],"damage_healed":5,"gold_gain":0,"player_choice":"Offered Common","damage_taken":0,"max_hp_gain":0,"max_hp_loss":0,"event_name":"Bonfire Elementals","floor":46,"gold_loss":0},{"cards_removed":["hermit:Quickdraw"],"damage_healed":5,"gold_gain":0,"player_choice":"Offered Special","damage_taken":0,"max_hp_gain":0,"max_hp_loss":0,"event_name":"Bonfire Elementals","floor":46,"gold_loss":0},{"damage_healed":0,"gold_gain":0,"player_choice":"Paid","damage_taken":0,"relics_obtained":["Red Mask"],"max_hp_gain":0,"max_hp_loss":0,"event_name":"Tomb of Lord Red Mask","floor":48,"gold_loss":93}],"is_beta":false,"boss_relics":[{"not_picked":["Runic Dome","SlaversCollar"],"picked":"Ring of Chaos"},{"not_picked":["Tiny House","Snecko Eye"],"picked":"Black Star"}],"items_purged_floors":[3,11,30,38],"is_endless":false,"potions_floor_spawned":[8,14,18,21,23,28,31,37,39,41],"ascension_level":1}}