{"host":"21cpix1xyksoaq27","time":1607670362,"event":{"mods":["BaseMod","Minty Spire (QoL Compilation)","StSLib","The Forsaken","The Hierophant","The Judge","The Necromancer","The Showman","The Spell Scribe"],"gold_per_floor":[114,126,126,126,126,126,138,168,168,182,182,194,212,227,227,332,332,351,441,421,421,421],"floor_reached":21,"playtime":1238,"items_purged":[],"score":173,"play_id":"1b30dca5-867d-410c-9533-9d5f9313d19e","local_time":"20201211020602","daily_mods":["Draft","Heirloom"],"is_ascension_mode":false,"campfire_choices":[{"floor":6,"key":"REST"},{"floor":15,"key":"REST"}],"circlet_count":0,"master_deck":["Negative_Energy_Shield","Epidemic+1","Negative_Energy_Sphere","Death_March_Dance","Negative_Energy_Shield+1","Shackles_Of_Pain","Bone_Prison","Negative_Energy_Sphere","Toxic_Smoke_Screen+1","Toxic_Smoke_Screen","Negative_Energy_Javelin","Stop_Heart","Vampiric_Strike","Negative_Energy_Burst","Spectral_Walk","Negative_Energy_Shield","Death_Coil","theForsaken:PlagueCurse","Consume_Illness","Negative_Energy_Javelin","Summon_Undead_Army","Negative_Energy_Mist","Acid_Javelin","Hellfire","Scare","Negative_Energy_Mist"],"relics":["Vampire_Amulet","CaptainsWheel","theForsaken:PlagueMask","MealTicket","SlaversCollar"],"acts_visited":["Exordium","TheCity"],"potions_floor_usage":[],"damage_taken":[{"damage":0,"enemies":"Cultist","floor":1,"turns":3},{"damage":0,"enemies":"Jaw Worm","floor":2,"turns":5},{"damage":2,"enemies":"Small Slimes","floor":7,"turns":4},{"damage":3,"enemies":"Blue Slaver","floor":10,"turns":4},{"damage":3,"enemies":"2 Fungi Beasts","floor":12,"turns":5},{"damage":10,"enemies":"Lots of Slimes","floor":13,"turns":3},{"damage":5,"enemies":"Looter","floor":14,"turns":5},{"damage":6,"enemies":"Hexaghost","floor":16,"turns":9},{"damage":20,"enemies":"Shell Parasite","floor":18,"turns":9},{"damage":20,"enemies":"2 Thieves","floor":20,"turns":4},{"damage":36,"enemies":"3 Cultists","floor":21,"turns":4}],"seed_played":"61838748584581238","potions_obtained":[{"floor":10,"key":"Dexterity Potion"},{"floor":13,"key":"Fire Potion"},{"floor":16,"key":"Energy Potion"},{"floor":18,"key":"BlessingOfTheForge"}],"is_trial":true,"path_per_floor":["M","M","?","?","?","R","M","?","T","M","?","M","M","M","R","B",null,"M","?","M","M"],"character_chosen":"NECROMANCER","items_purchased":[],"campfire_rested":2,"item_purchase_floors":[],"current_hp_per_floor":[75,75,75,75,60,75,75,75,75,74,74,74,73,70,75,71,75,60,48,30,0,0],"gold":421,"neow_bonus":"","is_daily":false,"chose_seed":false,"campfire_upgraded":0,"win_rate":0.0,"timestamp":1607670362,"path_taken":["M","?","?","?","?","R","M","?","T","?","?","M","M","M","R","BOSS","M","?","M","?"],"items_purchased_type":[],"build_version":"2020-11-30","purchased_purges":0,"victory":false,"max_hp_per_floor":[75,75,75,75,75,75,75,75,75,75,75,75,75,75,75,75,75,75,75,75,75,75],"card_choices":[{"not_picked":["Bones_to_Steel","Blood_Whip"],"picked":"Negative_Energy_Shield","floor":0},{"not_picked":["Whirlwind_of_Bones","Blood_Whip"],"picked":"Epidemic","floor":0},{"not_picked":["Negative_Energy_Burst","Blood_Curse"],"picked":"Negative_Energy_Sphere","floor":0},{"not_picked":["Summon_Lich","Uncharnel"],"picked":"Death_March_Dance","floor":0},{"not_picked":["Slay_Living","Death_Knell"],"picked":"Negative_Energy_Shield","floor":0},{"not_picked":["Bone_Spikes","Thousand_Bone_Knives"],"picked":"Shackles_Of_Pain","floor":0},{"not_picked":["Violent_Necrosis","Bone_Shift"],"picked":"Bone_Prison","floor":0},{"not_picked":["Blood_Is_Power","Thousand_Bone_Knives"],"picked":"Negative_Energy_Sphere","floor":0},{"not_picked":["Bone_Shift","Bone_Spikes"],"picked":"Toxic_Smoke_Screen","floor":0},{"not_picked":["Finger_Of_Death","Death_Knell"],"picked":"Toxic_Smoke_Screen","floor":0},{"not_picked":["Negative_Energy_Sphere","Exploit"],"picked":"Negative_Energy_Javelin","floor":0},{"not_picked":["Finger_Of_Death","Exploit"],"picked":"Stop_Heart","floor":0},{"not_picked":["Bone_Armor","Shackles_Of_Pain"],"picked":"Vampiric_Strike","floor":0},{"not_picked":["Bone_Armor","Finger_Of_Death"],"picked":"Negative_Energy_Burst","floor":0},{"not_picked":["Bone_Bullets","Bone_Prison"],"picked":"Spectral_Walk","floor":0},{"not_picked":["Bone_Shift","Negative_Energy_Javelin"],"picked":"Negative_Energy_Shield","floor":1},{"not_picked":["Blood_Whip","Death_March_Dance"],"picked":"Death_Coil","floor":2},{"not_picked":["Slay_Living","Spectral_Walk"],"picked":"Consume_Illness","floor":7},{"not_picked":["Negative_Energy_Shield","Consume_Illness"],"picked":"Negative_Energy_Javelin","floor":10},{"not_picked":["Bone_Armory","Death_Coil"],"picked":"Summon_Undead_Army","floor":12},{"not_picked":["Shackles_Of_Pain","Negative_Energy_Sphere"],"picked":"Negative_Energy_Mist","floor":13},{"not_picked":["Negative_Energy_Javelin","Scare"],"picked":"Acid_Javelin","floor":14},{"not_picked":["Requiem","Cloudkill"],"picked":"Hellfire","floor":16},{"not_picked":["Blood_Whip","Blood_Shield"],"picked":"Scare","floor":18},{"not_picked":["Whirlwind_of_Bones+1","Shackles_Of_Pain"],"picked":"Negative_Energy_Mist","floor":20}],"player_experience":72885,"relics_obtained":[{"floor":9,"key":"MealTicket"}],"event_choices":[{"damage_healed":0,"gold_gain":0,"player_choice":"Grow","damage_taken":0,"max_hp_gain":0,"max_hp_loss":0,"event_name":"Living Wall","floor":3,"gold_loss":0,"cards_upgraded":["Toxic_Smoke_Screen"]},{"damage_healed":0,"gold_gain":0,"player_choice":"Obtain Plague Curse","damage_taken":0,"max_hp_gain":0,"max_hp_loss":0,"event_name":"Plague Doctor","floor":4,"gold_loss":0,"cards_obtained":["theForsaken:PlagueCurse"]},{"damage_healed":0,"gold_gain":0,"player_choice":"Entered Light","damage_taken":15,"max_hp_gain":0,"max_hp_loss":0,"event_name":"Shining Light","floor":5,"gold_loss":0,"cards_upgraded":["Epidemic","Negative_Energy_Shield"]},{"damage_healed":0,"gold_gain":30,"player_choice":"Searched \u00271\u0027 times","damage_taken":0,"max_hp_gain":0,"max_hp_loss":0,"event_name":"Dead Adventurer","floor":8,"gold_loss":0},{"damage_healed":0,"gold_gain":0,"player_choice":"Leave","damage_taken":0,"max_hp_gain":0,"max_hp_loss":0,"event_name":"The Cleric","floor":11,"gold_loss":0},{"damage_healed":0,"gold_gain":90,"player_choice":"GOLD ","damage_taken":12,"max_hp_gain":0,"max_hp_loss":0,"event_name":"Knowing Skull","floor":19,"potions_obtained":[],"gold_loss":0,"cards_obtained":[]}],"is_beta":false,"boss_relics":[{"not_picked":["Runic Pyramid","Sozu"],"picked":"SlaversCollar"}],"items_purged_floors":[],"is_endless":false,"potions_floor_spawned":[10,12,13,16,18,20],"killed_by":"3 Cultists","ascension_level":0}}