{"host":"e326moqq81vao3qq","time":1607729958,"event":{"mods":["BaseMod","Colored Powertips","Downfall","Highlight Path","Minty Spire (QoL Compilation)","Quick Restart","Relic Stats","Spicy Shops","StSLib","The Druid"],"gold_per_floor":[117,117,117,136,136,155,186,186,255,255,275,292,303,328,328,429,429,440,458,458,6,6,6],"floor_reached":22,"playtime":1205,"items_purged":["Injury"],"score":196,"play_id":"65d0feeb-edc6-4e46-adaf-29a19b8507ff","local_time":"20201211183918","is_ascension_mode":false,"campfire_choices":[{"data":"theDruid:Forage","floor":8,"key":"SMITH"},{"floor":15,"key":"REST"}],"circlet_count":0,"master_deck":["theDruid:Strike_O","theDruid:Strike_O","theDruid:Strike_O","theDruid:Strike_O","theDruid:Defend_O","theDruid:Defend_O","theDruid:Defend_O","theDruid:Defend_O","theDruid:BriarArmor+1","theDruid:WildSlash","theDruid:ThornStrike","theDruid:Restoration","theDruid:Forage+1","theDruid:Thornburst","theDruid:IronClaw","theDruid:Impale","theDruid:Recoil","theDruid:Recoil","theDruid:SerratedFlesh","theDruid:Scavenge+1","theDruid:TakeShelter","theDruid:FeralPlants"],"relics":["theDruid:CrownOfTheWilds","NeowsBlessing","Nunchaku","theDruid:ArmillarySphere","Potion Belt","Black Star","Nloth\u0027s Gift","Question Card","Lantern"],"acts_visited":["Exordium","TheCity"],"potions_floor_usage":[16,16,22],"damage_taken":[{"damage":0,"enemies":"Jaw Worm","floor":1,"turns":1},{"damage":0,"enemies":"Cultist","floor":4,"turns":1},{"damage":0,"enemies":"Small Slimes","floor":6,"turns":1},{"damage":42,"enemies":"Gremlin Nob","floor":7,"turns":5},{"damage":5,"enemies":"Looter","floor":11,"turns":3},{"damage":4,"enemies":"2 Fungi Beasts","floor":12,"turns":4},{"damage":9,"enemies":"Lots of Slimes","floor":13,"turns":4},{"damage":28,"enemies":"3 Sentries","floor":14,"turns":7},{"damage":15,"enemies":"Hexaghost","floor":16,"turns":9},{"damage":30,"enemies":"Chosen","floor":18,"turns":6},{"damage":41,"enemies":"Shell Parasite","floor":19,"turns":5},{"damage":17,"enemies":"Snake Plant","floor":22,"turns":2}],"seed_played":"-1897762304644045402","potions_obtained":[{"floor":12,"key":"LiquidMemories"},{"floor":13,"key":"Block Potion"},{"floor":14,"key":"SteroidPotion"},{"floor":16,"key":"hexamod:EctoCoolerPotion"},{"floor":18,"key":"Guardian:BlockOnCardUsePotion"},{"floor":19,"key":"EssenceOfSteel"}],"is_trial":false,"path_per_floor":["M","?","?","M","?","M","E","R","T","?","M","M","M","E","R","B",null,"M","M","?","$","M"],"character_chosen":"DRUID","items_purchased":["Question Card","theDruid:FeralPlants","Lantern","Explosive Potion"],"campfire_rested":1,"item_purchase_floors":[21,21,21,21],"current_hp_per_floor":[75,75,75,75,68,68,29,29,29,29,29,30,26,3,25,15,75,50,14,14,14,0,0],"gold":6,"neow_bonus":"THREE_ENEMY_KILL","is_daily":false,"chose_seed":false,"campfire_upgraded":1,"win_rate":0.0,"timestamp":1607729958,"path_taken":["M","?","?","?","?","M","E","R","T","?","M","M","M","E","R","BOSS","M","M","?","$","M"],"items_purchased_type":["Relic","Card","Relic","Potion"],"build_version":"2020-11-30","purchased_purges":1,"victory":false,"max_hp_per_floor":[75,75,75,75,75,75,75,75,75,75,75,75,75,75,75,75,75,75,75,75,75,75,75],"relic_stats":{"Nunchaku":[7],"counters":[12,48],"Black Star":0,"Nloth\u0027s Gift":0,"Question Card":0,"obtain_stats":[{"Potion Belt":14,"Nunchaku":5,"Lantern":21,"NeowsBlessing":0,"Shuriken":9,"theDruid:ArmillarySphere":7,"Black Star":17,"Nloth\u0027s Gift":20,"Question Card":21,"theDruid:CrownOfTheWilds":0},{"Potion Belt":8,"Nunchaku":2,"Lantern":11,"NeowsBlessing":0,"Shuriken":4,"theDruid:ArmillarySphere":4,"Black Star":9,"Nloth\u0027s Gift":11,"Question Card":11,"theDruid:CrownOfTheWilds":0},{"Potion Belt":26,"Nunchaku":2,"Lantern":46,"NeowsBlessing":0,"Shuriken":8,"theDruid:ArmillarySphere":8,"Black Star":35,"Nloth\u0027s Gift":46,"Question Card":46,"theDruid:CrownOfTheWilds":0}]},"card_choices":[{"not_picked":["theDruid:Starfall","theDruid:Gore"],"picked":"theDruid:ThornStrike","floor":1},{"not_picked":["theDruid:AstralShield","theDruid:Starfall"],"picked":"theDruid:Restoration","floor":4},{"not_picked":["theDruid:Adaptation","theDruid:BristlingBulwark"],"picked":"theDruid:Forage","floor":6},{"not_picked":["theDruid:Infestation","theDruid:Slingshot"],"picked":"theDruid:Thornburst","floor":7},{"not_picked":["theDruid:AstralShield","theDruid:Starburst"],"picked":"theDruid:IronClaw","floor":11},{"not_picked":["theDruid:MysticBarrier","theDruid:BagofTricks"],"picked":"theDruid:Impale","floor":12},{"not_picked":["theDruid:Fortitude","theDruid:Resupply"],"picked":"theDruid:Recoil","floor":13},{"not_picked":["theDruid:PlagueClaw","theDruid:BrambleLash"],"picked":"theDruid:Recoil","floor":14},{"not_picked":["theDruid:IronbarkArmor","theDruid:SurvivalCache"],"picked":"theDruid:SerratedFlesh","floor":16},{"not_picked":["theDruid:FullMoon","theDruid:FuriousSlash"],"picked":"theDruid:Scavenge+1","floor":18},{"not_picked":["theDruid:Resupply","theDruid:FuriousSlash"],"picked":"theDruid:TakeShelter","floor":19}],"player_experience":80961,"relics_obtained":[{"floor":7,"key":"theDruid:ArmillarySphere"},{"floor":9,"key":"Shuriken"},{"floor":14,"key":"Potion Belt"}],"event_choices":[{"damage_healed":0,"gold_gain":0,"player_choice":"Leave","damage_taken":0,"max_hp_gain":0,"max_hp_loss":0,"event_name":"The Cleric","floor":2,"gold_loss":0},{"damage_healed":0,"gold_gain":0,"player_choice":"Forge","damage_taken":0,"max_hp_gain":0,"max_hp_loss":0,"event_name":"Accursed Blacksmith","floor":3,"gold_loss":0,"cards_upgraded":["theDruid:BriarArmor"]},{"damage_healed":0,"gold_gain":0,"player_choice":"Success","damage_taken":7,"relics_obtained":["Nunchaku"],"max_hp_gain":0,"max_hp_loss":0,"event_name":"Scrap Ooze","floor":5,"gold_loss":0},{"damage_healed":0,"gold_gain":0,"player_choice":"Ignored","damage_taken":0,"max_hp_gain":0,"max_hp_loss":0,"event_name":"Golden Wing","floor":10,"gold_loss":0},{"damage_healed":0,"gold_gain":0,"player_choice":"Traded Relic","damage_taken":0,"relics_obtained":["Nloth\u0027s Gift"],"max_hp_gain":0,"max_hp_loss":0,"event_name":"N\u0027loth","floor":20,"relics_lost":["Shuriken"],"gold_loss":0}],"is_beta":false,"boss_relics":[{"not_picked":["Calling Bell","Philosopher\u0027s Stone"],"picked":"Black Star"}],"items_purged_floors":[21],"is_endless":false,"potions_floor_spawned":[12,13,14,16,18,19],"killed_by":"Snake Plant","ascension_level":0}}