{"host":"f7i0xv5umhttwhc1","time":1607674182,"event":{"mods":["BaseMod","Better Third Choice","Colored Map","Highlight Path","Minty Spire (QoL Compilation)","Relic Stats","StSLib"],"gold_per_floor":[112,126,15,15,27,27,55,1,1,1,1,13,27,37,37,134,184,196,196,212,226,326,326,339,339,364,364,41,74,24,43,43,43,43],"floor_reached":33,"playtime":3447,"items_purged":["Strike_G"],"score":269,"play_id":"7e3fd8ab-3fe3-4f95-adf4-e5ef1e33b947","local_time":"20201211190942","is_ascension_mode":false,"campfire_choices":[{"data":"Prepared","floor":6.0,"key":"SMITH"},{"floor":15.0,"key":"REST"},{"floor":23.0,"key":"REST"},{"floor":25.0,"key":"REST"},{"floor":27.0,"key":"REST"},{"floor":32.0,"key":"REST"}],"circlet_count":0,"master_deck":["Strike_G+1","Strike_G+1","Strike_G+1","Strike_G+1","Defend_G+1","Defend_G+1","Defend_G+1","Defend_G+1","Defend_G+1","Survivor","Neutralize+1","Acrobatics","Eviscerate+1","Backstab","Prepared+1","Backstab","Caltrops","Noxious Fumes","Setup","Noxious Fumes","Glass Knife","All Out Attack","Accuracy","Poisoned Stab","Deadly Poison","Infinite Blades"],"relics":["Ring of the Snake","NeowsBlessing","The Courier","HornCleat","Tiny House","Art of War","Sling","Gremlin Horn","CaptainsWheel"],"acts_visited":[],"potions_floor_usage":[],"damage_taken":[{"damage":0.0,"enemies":"Jaw Worm","floor":1.0,"turns":1.0},{"damage":0.0,"enemies":"Cultist","floor":2.0,"turns":1.0},{"damage":0.0,"enemies":"2 Louse","floor":5.0,"turns":1.0},{"damage":48.0,"enemies":"Lagavulin","floor":7.0,"turns":14.0},{"damage":0.0,"enemies":"Lots of Slimes","floor":11.0,"turns":1.0},{"damage":0.0,"enemies":"Looter","floor":12.0,"turns":3.0},{"damage":6.0,"enemies":"Exordium Wildlife","floor":13.0,"turns":5.0},{"damage":3.0,"enemies":"Exordium Thugs","floor":14.0,"turns":2.0},{"damage":21.0,"enemies":"The Guardian","floor":16.0,"turns":11.0},{"damage":12.0,"enemies":"Chosen","floor":18.0,"turns":5.0},{"damage":2.0,"enemies":"Shell Parasite","floor":20.0,"turns":5.0},{"damage":29.0,"enemies":"Centurion and Healer","floor":21.0,"turns":6.0},{"damage":27.0,"enemies":"Sentry and Sphere","floor":24.0,"turns":7.0},{"damage":45.0,"enemies":"Slavers","floor":29.0,"turns":5.0},{"damage":12.0,"enemies":"Snake Plant","floor":31.0,"turns":5.0},{"damage":69,"enemies":"Champ","floor":33,"turns":11}],"seed_played":"6658047746969493073","potions_obtained":[{"floor":4.0,"key":"FairyPotion"},{"floor":4.0,"key":"Swift Potion"},{"floor":4.0,"key":"SmokeBomb"},{"floor":12.0,"key":"Swift Potion"},{"floor":13.0,"key":"EssenceOfSteel"},{"floor":17.0,"key":"SkillPotion"},{"floor":18.0,"key":"Weak Potion"},{"floor":29.0,"key":"Weak Potion"}],"is_trial":false,"path_per_floor":["M","M","$","?","M","R","E","$","T","?","M","M","M","M","R","B",null,"M","?","M","M","?","R","M","R","T","R","$","E","?","M","R","B"],"character_chosen":"THE_SILENT","items_purchased":["Backstab","Caltrops","Sling","Gremlin Horn"],"campfire_rested":5,"item_purchase_floors":[3,8,28,28],"current_hp_per_floor":[70,70,70,70,70,70,22,22,22,22,22,22,16,13,34,13,75,63,63,61,32,32,54,27,49,49,71,71,26,26,14,36,0,0],"gold":43,"neow_bonus":"THREE_ENEMY_KILL","is_daily":false,"chose_seed":false,"campfire_upgraded":1,"win_rate":0.0,"timestamp":1607674182,"path_taken":["M","M","$","?","?","R","E","?","T","?","M","M","M","?","R","BOSS","M","?","M","M","?","R","?","R","T","R","$","E","?","M","R","BOSS"],"items_purchased_type":["Card","Card","Relic","Relic"],"build_version":"2020-11-30","purchased_purges":1,"victory":false,"max_hp_per_floor":[70,70,70,70,70,70,70,70,70,70,70,70,70,70,70,70,75,75,75,75,75,75,75,75,75,75,75,75,75,75,75,75,75,75],"relic_stats":{"Gremlin Horn":[2,2],"counters":[16,83],"Art of War":[2],"obtain_stats":[{"CaptainsWheel":29,"HornCleat":9,"Tiny House":17,"NeowsBlessing":0,"Gremlin Horn":28,"The Courier":7,"Art of War":26,"Sling":28,"Ring of the Snake":0},{"CaptainsWheel":14,"HornCleat":4,"Tiny House":9,"NeowsBlessing":0,"Gremlin Horn":13,"The Courier":4,"Art of War":13,"Sling":13,"Ring of the Snake":0},{"CaptainsWheel":67,"HornCleat":17,"Tiny House":39,"NeowsBlessing":0,"Gremlin Horn":62,"The Courier":17,"Art of War":62,"Sling":62,"Ring of the Snake":0}],"Ring of the Snake":[32]},"card_choices":[{"not_picked":["Dagger Spray","Outmaneuver"],"picked":"Acrobatics","floor":1.0},{"not_picked":["Bane","Sucker Punch"],"picked":"Eviscerate","floor":2.0},{"not_picked":["Setup","Acrobatics"],"picked":"Prepared","floor":5.0},{"not_picked":["Prepared","Deflect"],"picked":"Backstab","floor":7.0},{"not_picked":["Bouncing Flask","Storm of Steel"],"picked":"Noxious Fumes","floor":12.0},{"not_picked":["Concentrate","Blur"],"picked":"Setup","floor":13.0},{"not_picked":["Blade Dance","Prepared"],"picked":"Noxious Fumes","floor":14.0},{"not_picked":["Venomology","Die Die Die"],"picked":"Glass Knife","floor":16.0},{"not_picked":["PiercingWail","Skewer"],"picked":"All Out Attack","floor":17.0},{"not_picked":["Calculated Gamble","Heel Hook"],"picked":"Accuracy","floor":18.0},{"not_picked":["Slice","Predator","Heel Hook"],"picked":"SKIP","floor":20.0},{"not_picked":["Masterful Stab+1","PiercingWail"],"picked":"Poisoned Stab","floor":21.0},{"not_picked":["Crippling Poison+1","Choke"],"picked":"Deadly Poison","floor":24.0},{"not_picked":["Grand Finale","Quick Slash+1"],"picked":"Infinite Blades","floor":29.0},{"not_picked":["Underhanded Strike","PiercingWail","Dash+1"],"picked":"SKIP","floor":31.0}],"player_experience":157325,"relics_obtained":[{"floor":7.0,"key":"The Courier"},{"floor":9.0,"key":"HornCleat"},{"floor":26.0,"key":"Art of War"},{"floor":29.0,"key":"CaptainsWheel"}],"event_choices":[{"damage_healed":0.0,"max_hp_gain":0.0,"max_hp_loss":0.0,"gold_gain":0.0,"event_name":"Lab","player_choice":"Got Potions","floor":4.0,"gold_loss":0.0,"damage_taken":0.0},{"damage_healed":0.0,"max_hp_gain":0.0,"max_hp_loss":0.0,"gold_gain":0.0,"event_name":"Accursed Blacksmith","player_choice":"Forge","floor":10.0,"gold_loss":0.0,"damage_taken":0.0,"cards_upgraded":["Neutralize"]},{"damage_healed":0.0,"max_hp_gain":0.0,"max_hp_loss":9.0,"gold_gain":0.0,"event_name":"betterThird:BetterWriting","player_choice":"Simplicity","floor":19.0,"gold_loss":0.0,"damage_taken":0.0},{"damage_healed":0.0,"max_hp_gain":0.0,"max_hp_loss":0.0,"gold_gain":100.0,"event_name":"Golden Shrine","player_choice":"Pray","floor":22.0,"gold_loss":0.0,"damage_taken":0.0},{"damage_healed":0.0,"max_hp_gain":0.0,"max_hp_loss":0.0,"gold_gain":0.0,"event_name":"The Joust","player_choice":"Bet on Murderer","floor":30.0,"gold_loss":50.0,"damage_taken":0.0}],"is_beta":false,"boss_relics":[{"not_picked":["Ectoplasm","Snecko Eye"],"picked":"Tiny House"}],"items_purged_floors":[3],"is_endless":false,"potions_floor_spawned":[5,12,13,14,18,20,29],"killed_by":"Champ","ascension_level":0}}