{"host":"fq1bpa5mgr3rtgnr","time":1607672803,"event":{"mods":["AchievementEnabler","BaseMod","Colored Map","Colored Powertips","Highlight Path","Minty Spire (QoL Compilation)","Relic Stats","StSLib"],"gold_per_floor":[12,23,23,23,98,98,117,155,181,193,229,282,294,49,49,168,168,187,187,203,219,234,234,247,247,296,296,276,311,335,356,356,486,486,507,522,522,586,586,586],"floor_reached":39,"playtime":2603,"items_purged":["Strike_B"],"score":523,"play_id":"baabc36f-91f8-49cc-95d8-95315fc656bd","local_time":"20201211024643","is_ascension_mode":true,"campfire_choices":[{"data":"Coolheaded","floor":6.0,"key":"SMITH"},{"floor":10.0,"key":"REST"},{"data":"Defragment","floor":13.0,"key":"SMITH"},{"floor":15.0,"key":"REST"},{"data":"Zap","floor":23.0,"key":"SMITH"},{"data":"Go for the Eyes","floor":25.0,"key":"SMITH"},{"data":"Undo","floor":27.0,"key":"SMITH"},{"data":"Coolheaded","floor":32.0,"key":"SMITH"}],"circlet_count":0,"master_deck":["Zap+1","Dualcast","Reboot","Coolheaded+1","Defragment+1","Leap","Melter","Leap","Machine Learning+1","Reinforced Body","Go for the Eyes+1","Turbo","Glacier","Glacier","Rainbow","Leap","Ball Lightning","Defragment+1","Undo+1","Capacitor+1","Ball Lightning","Redo+1","Hologram","Coolheaded+1","Core Surge","BootSequence+1","White Noise+1","Chrysalis","Doom and Gloom"],"relics":["Cracked Core","Golden Idol","Omamori","MawBank","Frozen Egg 2","Strange Spoon","Pandora\u0027s Box","Happy Flower","Ancient Tea Set","Philosopher\u0027s Stone","FossilizedHelix"],"acts_visited":["Exordium","TheCity","TheBeyond"],"potions_floor_usage":[],"damage_taken":[{"damage":1.0,"enemies":"Small Slimes","floor":1.0,"turns":4.0},{"damage":0.0,"enemies":"2 Louse","floor":2.0,"turns":2.0},{"damage":4.0,"enemies":"Jaw Worm","floor":7.0,"turns":4.0},{"damage":30.0,"enemies":"Gremlin Nob","floor":8.0,"turns":4.0},{"damage":11.0,"enemies":"3 Louse","floor":11.0,"turns":5.0},{"damage":20.0,"enemies":"Lagavulin","floor":12.0,"turns":9.0},{"damage":26.0,"enemies":"Slime Boss","floor":16.0,"turns":9.0},{"damage":0.0,"enemies":"Spheric Guardian","floor":18.0,"turns":2.0},{"damage":11.0,"enemies":"3 Byrds","floor":20.0,"turns":5.0},{"damage":0.0,"enemies":"Snecko","floor":21.0,"turns":5.0},{"damage":49.0,"enemies":"3 Cultists","floor":22.0,"turns":6.0},{"damage":0.0,"enemies":"Snake Plant","floor":24.0,"turns":5.0},{"damage":0.0,"enemies":"Book of Stabbing","floor":29.0,"turns":5.0},{"damage":3.0,"enemies":"Centurion and Healer","floor":30.0,"turns":6.0},{"damage":8.0,"enemies":"Snecko","floor":31.0,"turns":6.0},{"damage":1.0,"enemies":"Automaton","floor":33.0,"turns":12.0},{"damage":14.0,"enemies":"3 Darklings","floor":35.0,"turns":7.0},{"damage":39.0,"enemies":"3 Shapes","floor":36.0,"turns":4.0},{"damage":29.0,"enemies":"2 Orb Walkers","floor":38.0,"turns":6.0},{"damage":12,"enemies":"Sphere and 2 Shapes","floor":39,"turns":2}],"seed_played":"-1718432579737699632","potions_obtained":[{"floor":1.0,"key":"Strength Potion"},{"floor":2.0,"key":"LiquidBronze"},{"floor":16.0,"key":"Fruit Juice"},{"floor":20.0,"key":"SneckoOil"},{"floor":24.0,"key":"LiquidBronze"},{"floor":28.0,"key":"DistilledChaos"},{"floor":30.0,"key":"Strength Potion"},{"floor":33.0,"key":"BlessingOfTheForge"},{"floor":35.0,"key":"Dexterity Potion"}],"is_trial":false,"path_per_floor":["M","M","?","?","?","R","M","E","T","R","M","E","R","$","R","B",null,"M","?","M","M","M","R","M","R","T","R","?","E","M","M","R","B",null,"M","M","?","?","M"],"character_chosen":"DEFECT","items_purchased":["Strange Spoon","Leap"],"campfire_rested":2,"item_purchase_floors":[14,14],"current_hp_per_floor":[74,74,56,61,50,50,46,16,16,40,29,9,9,9,33,12,85,85,85,74,74,25,25,25,25,25,25,25,25,22,14,14,13,85,71,32,32,3,0,0],"gold":586,"neow_bonus":"THREE_RARE_CARDS","is_daily":false,"chose_seed":false,"campfire_upgraded":6,"win_rate":0.0,"timestamp":1607672803,"path_taken":["M","M","?","?","?","R","M","E","T","R","M","E","R","?","R","BOSS","M","?","M","M","M","R","?","R","T","R","?","E","?","M","R","BOSS","M","M","?","?","M"],"items_purchased_type":["Relic","Card"],"build_version":"2020-11-30","purchased_purges":1,"victory":false,"max_hp_per_floor":[75,75,75,80,80,80,80,80,80,80,80,80,80,80,80,85,85,85,85,85,85,85,85,85,85,85,85,85,85,85,85,85,85,85,85,85,85,85,85,85],"relic_stats":{"Strange Spoon":[14],"Happy Flower":[16],"counters":[20,108],"Golden Idol":127,"Pandora\u0027s Box":["Reinforced Body","Go for the Eyes","Turbo","Glacier","Glacier","Rainbow","Leap"],"MawBank":60,"obtain_stats":[{"Strange Spoon":14,"Happy Flower":26,"Golden Idol":3,"Pandora\u0027s Box":17,"Philosopher\u0027s Stone":34,"Omamori":8,"Frozen Egg 2":12,"Cracked Core":0,"MawBank":9,"Ancient Tea Set":29,"FossilizedHelix":38},{"Strange Spoon":6,"Happy Flower":12,"Golden Idol":2,"Pandora\u0027s Box":7,"Philosopher\u0027s Stone":16,"Omamori":4,"Frozen Egg 2":6,"Cracked Core":0,"MawBank":4,"Ancient Tea Set":13,"FossilizedHelix":19},{"Strange Spoon":28,"Happy Flower":60,"Golden Idol":6,"Pandora\u0027s Box":37,"Philosopher\u0027s Stone":89,"Omamori":14,"Frozen Egg 2":28,"Cracked Core":0,"MawBank":14,"Ancient Tea Set":65,"FossilizedHelix":106}]},"card_choices":[{"not_picked":["Rainbow","Buffer"],"picked":"Reboot","floor":0.0},{"not_picked":["Sunder","Tempest"],"picked":"Coolheaded","floor":1.0},{"not_picked":["Reinforced Body","Auto Shields"],"picked":"Defragment","floor":2.0},{"not_picked":["Compile Driver","Scrape","Redo"],"picked":"SKIP","floor":7.0},{"not_picked":["Compile Driver","Rebound"],"picked":"Leap","floor":8.0},{"not_picked":["Static Discharge","Redo","Go for the Eyes"],"picked":"SKIP","floor":11.0},{"not_picked":["Go for the Eyes","Amplify"],"picked":"Melter","floor":12.0},{"not_picked":["Meteor Strike","Core Surge"],"picked":"Machine Learning+1","floor":16.0},{"not_picked":["Steam Power+1","Aggregate"],"picked":"Ball Lightning","floor":18.0},{"not_picked":["Redo","Rebound"],"picked":"Undo","floor":20.0},{"not_picked":["Beam Cell","Sweeping Beam"],"picked":"Capacitor+1","floor":21.0},{"not_picked":["Turbo","Reinforced Body"],"picked":"Ball Lightning","floor":22.0},{"not_picked":["Barrage","Auto Shields","Compile Driver+1"],"picked":"SKIP","floor":24.0},{"not_picked":["FTL","Go for the Eyes"],"picked":"Redo+1","floor":29.0},{"not_picked":["Lockon","Rainbow"],"picked":"Hologram","floor":30.0},{"not_picked":["Streamline","Barrage"],"picked":"Coolheaded","floor":31.0},{"not_picked":["Reboot","All For One"],"picked":"Core Surge","floor":33.0},{"not_picked":["Auto Shields+1","Redo"],"picked":"BootSequence+1","floor":35.0},{"not_picked":["Redo","Tempest"],"picked":"White Noise+1","floor":36.0},{"not_picked":["PanicButton","Flash of Steel"],"picked":"Chrysalis","floor":37.0},{"not_picked":["Aggregate+1","Streamline"],"picked":"Doom and Gloom","floor":38.0}],"player_experience":348453,"relics_obtained":[{"floor":8.0,"key":"Omamori"},{"floor":9.0,"key":"MawBank"},{"floor":12.0,"key":"Frozen Egg 2"},{"floor":26.0,"key":"Happy Flower"},{"floor":29.0,"key":"Ancient Tea Set"},{"floor":38.0,"key":"FossilizedHelix"}],"event_choices":[{"damage_healed":0.0,"max_hp_gain":0.0,"max_hp_loss":0.0,"gold_gain":0.0,"event_name":"Golden Idol","player_choice":"Take Damage","floor":3.0,"gold_loss":0.0,"damage_taken":18.0,"relics_obtained":["Golden Idol"]},{"damage_healed":0.0,"max_hp_gain":5.0,"max_hp_loss":0.0,"gold_gain":0.0,"event_name":"Big Fish","player_choice":"Donut","floor":4.0,"gold_loss":0.0,"damage_taken":0.0},{"damage_healed":0.0,"max_hp_gain":0.0,"max_hp_loss":0.0,"gold_gain":75.0,"event_name":"World of Goop","player_choice":"Gather Gold","floor":5.0,"gold_loss":0.0,"damage_taken":11.0},{"damage_healed":0.0,"max_hp_gain":0.0,"max_hp_loss":0.0,"gold_gain":0.0,"event_name":"Duplicator","player_choice":"Copied","floor":19.0,"gold_loss":0.0,"damage_taken":0.0,"cards_obtained":["Defragment"]},{"damage_healed":0.0,"max_hp_gain":0.0,"max_hp_loss":0.0,"gold_gain":0.0,"event_name":"The Woman in Blue","player_choice":"Bought 1 Potion","floor":28.0,"gold_loss":0.0,"damage_taken":0.0},{"damage_healed":0.0,"max_hp_gain":0.0,"max_hp_loss":0.0,"gold_gain":0.0,"event_name":"SensoryStone","player_choice":"Memory 1","floor":37.0,"gold_loss":0.0,"damage_taken":0.0},{"damage_healed":0.0,"max_hp_gain":0.0,"max_hp_loss":0.0,"gold_gain":0.0,"event_name":"Mysterious Sphere","player_choice":"Fight","floor":38.0,"gold_loss":0.0,"damage_taken":0.0}],"is_beta":false,"boss_relics":[{"not_picked":["Snecko Eye","SacredBark"],"picked":"Pandora\u0027s Box"},{"not_picked":["Fusion Hammer","Runic Dome"],"picked":"Philosopher\u0027s Stone"}],"items_purged_floors":[14],"is_endless":false,"potions_floor_spawned":[1,2,16,20,24,30,33,35],"killed_by":"Sphere and 2 Shapes","ascension_level":4}}