{"host":"7wibw175hth9njsf","time":1607726980,"event":{"mods":["2.2 Compatiblity","Act Like it!","BaseMod","Friendly Minions","GifTheSpireLib","Highlight Path","Minty Spire (QoL Compilation)","Random Character Button","StSLib","The Alterego","The Fake Hero","TheSwordswoman","Waifu the Spire","Åy?ï˚ìÒéü?çÏÅzî™â]éámod"],"gold_per_floor":[120,137,153,164,178,193,193,209,286,286,305,318,335,347,347,347,347],"floor_reached":16,"playtime":2710,"items_purged":[],"score":127,"play_id":"68698ecc-ec75-4048-b697-9810366c2cb9","local_time":"20201211174940","is_ascension_mode":false,"campfire_choices":[{"floor":7,"key":"REST"},{"data":"alterego_mod:1TonWallop","floor":10,"key":"SMITH"},{"floor":15,"key":"REST"}],"circlet_count":0,"master_deck":["alterego_mod:Strike","alterego_mod:Strike","alterego_mod:Strike","alterego_mod:Strike","alterego_mod:Defend","alterego_mod:Defend","alterego_mod:Defend","alterego_mod:Defend","alterego_mod:Impale","alterego_mod:BigMeatyClaws","alterego_mod:BrynhildrsRune","alterego_mod:1TonWallop+1","alterego_mod:Mirror","alterego_mod:Valentines","alterego_mod:Jiggle","alterego_mod:Rip","alterego_mod:RocketPunch","alterego_mod:Clones","alterego_mod:Schoolgirl"],"relics":["alterego_mod:MasochisticConstitution","Blue Candle"],"acts_visited":["Exordium"],"potions_floor_usage":[4,14,16,16,16],"damage_taken":[{"damage":13,"enemies":"Cultist","floor":1,"turns":5},{"damage":4,"enemies":"2 Louse","floor":2,"turns":1},{"damage":4,"enemies":"Small Slimes","floor":3,"turns":2},{"damage":7,"enemies":"Exordium Wildlife","floor":4,"turns":5},{"damage":14,"enemies":"2 Fungi Beasts","floor":5,"turns":2},{"damage":15,"enemies":"Looter","floor":6,"turns":4},{"damage":19,"enemies":"Exordium Thugs","floor":8,"turns":4},{"damage":4,"enemies":"Exordium Wildlife","floor":11,"turns":1},{"damage":8,"enemies":"Large Slime","floor":12,"turns":5},{"damage":11,"enemies":"Red Slaver","floor":13,"turns":4},{"damage":18,"enemies":"Looter","floor":14,"turns":4},{"damage":80,"enemies":"The Guardian","floor":16,"turns":9}],"seed_played":"5014414919468187062","potions_obtained":[{"floor":3,"key":"Fruit Juice"},{"floor":4,"key":"CultistPotion"},{"floor":5,"key":"Dexterity Potion"},{"floor":6,"key":"LiquidMemories"},{"floor":12,"key":"SteroidPotion"},{"floor":14,"key":"AttackPotion"}],"is_trial":false,"path_per_floor":["M","M","M","M","M","M","R","M","T","R","M","M","M","M","R","B"],"character_chosen":"The_Alterego","items_purchased":[],"campfire_rested":2,"item_purchase_floors":[],"current_hp_per_floor":[65,62,66,72,59,45,71,67,67,67,64,64,61,44,71,0,0],"gold":347,"neow_bonus":"TEN_PERCENT_HP_BONUS","is_daily":false,"chose_seed":false,"campfire_upgraded":1,"win_rate":0.0,"timestamp":1607726980,"path_taken":["M","M","M","M","M","M","R","M","T","R","M","M","M","M","R","BOSS"],"items_purchased_type":[],"build_version":"2020-11-30","purchased_purges":0,"victory":false,"max_hp_per_floor":[78,79,80,86,87,88,88,89,89,89,90,91,92,93,93,93,93],"card_choices":[{"not_picked":["alterego_mod:TrashNCrash","alterego_mod:MaintainEyeContact"],"picked":"alterego_mod:1TonWallop","floor":1},{"not_picked":["alterego_mod:Pet","alterego_mod:Skirt"],"picked":"alterego_mod:Mirror","floor":2},{"not_picked":["alterego_mod:Bounce","alterego_mod:Smother","alterego_mod:SuperDuperMasochism"],"picked":"SKIP","floor":3},{"not_picked":["alterego_mod:PurpleHair","alterego_mod:Pet"],"picked":"alterego_mod:Valentines","floor":4},{"not_picked":["alterego_mod:DeftHands","alterego_mod:Bounce"],"picked":"alterego_mod:Jiggle","floor":5},{"not_picked":["alterego_mod:SideboobHour","alterego_mod:BoobPocket"],"picked":"alterego_mod:Rip","floor":6},{"not_picked":["alterego_mod:Skirt","alterego_mod:Rip"],"picked":"alterego_mod:RocketPunch","floor":8},{"not_picked":["alterego_mod:Support","alterego_mod:Cooking"],"picked":"alterego_mod:Clones","floor":11},{"not_picked":["alterego_mod:SuperDuperMasochism","alterego_mod:TrashNCrash"],"picked":"alterego_mod:Schoolgirl","floor":12},{"not_picked":["alterego_mod:MagicResistance","alterego_mod:Complex","alterego_mod:PainIsPleasure"],"picked":"SKIP","floor":13},{"not_picked":["alterego_mod:DestructionOfProperty","alterego_mod:Cycle","alterego_mod:GoddessCore"],"picked":"SKIP","floor":14}],"player_experience":179949,"relics_obtained":[{"floor":9,"key":"Blue Candle"}],"event_choices":[],"is_beta":false,"boss_relics":[],"items_purged_floors":[],"is_endless":false,"potions_floor_spawned":[3,4,5,6,12,13,14],"killed_by":"The Guardian","ascension_level":0}}