{"host":"msmkw03x1o7nq45i","time":1607675926,"event":{"mods":["AchievementEnabler","BaseMod","Bestiary","Colored Powertips","GifTheSpireLib","Highlight Path","Minty Spire (QoL Compilation)","Random Character Button","StSLib","everything is the same but u backflip on backflip"],"gold_per_floor":[119,134,61,61,74,74,90,129,155,155,230,269,269,339,339,468,468,487,487,487,86,107,150,150,191,245,288,329,329,82,106,106,236,236,259,322,336,42,62,95,95,116,116,139,139,178,216,247,259,271,271],"floor_reached":50,"playtime":3202,"items_purged":["Strike_R","Strike_R"],"score":1251,"play_id":"98d3efb1-4812-496a-84c6-843aa48da9aa","local_time":"20201211103846","is_ascension_mode":true,"campfire_choices":[{"data":"Bash","floor":6,"key":"SMITH"},{"data":"Cleave","floor":10,"key":"SMITH"},{"floor":13,"key":"REST"},{"data":"Flame Barrier","floor":15,"key":"SMITH"},{"data":"Demon Form","floor":24,"key":"SMITH"},{"data":"Brutality","floor":29,"key":"SMITH"},{"data":"Disarm","floor":32,"key":"SMITH"},{"data":"1","floor":41,"key":"LIFT"},{"data":"2","floor":49,"key":"LIFT"}],"circlet_count":0,"master_deck":["AscendersBane","Strike_R","Strike_R","Strike_R","Defend_R","Defend_R","Defend_R","Defend_R","Bash+1","Headbutt","Cleave+1","Inflame","Twin Strike","Disarm","Flame Barrier+1","Demon Form+1","Twin Strike","Whirlwind+1","Disarm+1","Brutality+1","Reaper","Flame Barrier","Shrug It Off+1"],"relics":["Burning Blood","Golden Idol","Bag of Preparation","Dream Catcher","Red Skull","Toy Ornithopter","Snecko Eye","Bottled Tornado","Juzu Bracelet","Pocketwatch","Tiny Chest","Red Mask","Bag of Marbles","Omamori","SlaversCollar","Girya","Akabeko","Lantern","Eternal Feather","MealTicket","MawBank","Orichalcum"],"acts_visited":["Exordium","TheCity","TheBeyond"],"potions_floor_usage":[8,12,28,44,50,50],"damage_taken":[{"damage":12,"enemies":"Jaw Worm","floor":1,"turns":4},{"damage":10,"enemies":"Small Slimes","floor":2,"turns":4},{"damage":3,"enemies":"2 Louse","floor":5,"turns":4},{"damage":11,"enemies":"Blue Slaver","floor":7,"turns":4},{"damage":35,"enemies":"Lagavulin","floor":8,"turns":6},{"damage":10,"enemies":"3 Sentries","floor":12,"turns":4},{"damage":13,"enemies":"Gremlin Nob","floor":14,"turns":3},{"damage":18,"enemies":"The Guardian","floor":16,"turns":12},{"damage":0,"enemies":"Spheric Guardian","floor":18,"turns":3},{"damage":0,"enemies":"3 Byrds","floor":22,"turns":3},{"damage":19,"enemies":"Book of Stabbing","floor":23,"turns":5},{"damage":31,"enemies":"Gremlin Leader","floor":25,"turns":4},{"damage":0,"enemies":"Masked Bandits","floor":27,"turns":2},{"damage":5,"enemies":"Slavers","floor":28,"turns":4},{"damage":5,"enemies":"Snecko","floor":31,"turns":3},{"damage":2,"enemies":"Collector","floor":33,"turns":5},{"damage":26,"enemies":"3 Shapes","floor":35,"turns":2},{"damage":2,"enemies":"Mind Bloom Boss Battle","floor":36,"turns":3},{"damage":14,"enemies":"Orb Walker","floor":37,"turns":3},{"damage":0,"enemies":"Sphere and 2 Shapes","floor":39,"turns":1},{"damage":25,"enemies":"Reptomancer","floor":40,"turns":4},{"damage":60,"enemies":"Writhing Mass","floor":42,"turns":4},{"damage":13,"enemies":"Maw","floor":44,"turns":5},{"damage":25,"enemies":"Giant Head","floor":46,"turns":5},{"damage":11,"enemies":"Jaw Worm Horde","floor":48,"turns":4},{"damage":58,"enemies":"Donu and Deca","floor":50,"turns":5}],"seed_played":"-7313018370551294408","potions_obtained":[{"floor":1,"key":"FearPotion"},{"floor":5,"key":"Explosive Potion"},{"floor":7,"key":"Regen Potion"},{"floor":22,"key":"Explosive Potion"},{"floor":23,"key":"Energy Potion"},{"floor":33,"key":"LiquidMemories"},{"floor":44,"key":"SpeedPotion"}],"is_trial":true,"path_per_floor":["M","M","$","?","M","R","M","E","T","R","?","E","R","?","R","B",null,"M","?","?","$","M","E","R","E","T","?","E","R","$","M","R","B",null,"M","?","M","$","M","E","R","M","T","M","?","E","T","M","R","B"],"character_chosen":"IRONCLAD","items_purchased":["Inflame","Bottled Tornado","Disarm","Omamori","Akabeko","Lantern"],"campfire_rested":1,"item_purchase_floors":[3,21,21,30,38,38],"current_hp_per_floor":[66,62,62,42,45,45,40,25,25,25,14,10,34,27,27,15,64,70,70,70,70,76,63,63,38,38,44,50,50,50,51,51,55,74,60,76,72,72,78,59,71,17,17,21,21,19,19,14,26,0,0],"gold":271,"neow_bonus":"","is_daily":false,"chose_seed":false,"campfire_upgraded":6,"win_rate":0.0,"timestamp":1607675926,"path_taken":["M","M","$","?","M","R","M","E","T","R","?","E","R","?","R","BOSS","M","?","?","$","M","E","R","E","T","?","E","R","$","M","R","BOSS","M","?","M","$","M","E","R","M","T","M","?","E","?","M","R","BOSS"],"items_purchased_type":["Card","Relic","Card","Relic","Relic","Relic"],"build_version":"2020-11-30","purchased_purges":2,"victory":false,"max_hp_per_floor":[80,80,80,80,80,80,80,80,80,80,80,80,80,80,80,80,80,80,80,80,80,80,80,80,80,80,80,80,80,80,80,80,80,80,80,80,80,80,80,80,80,80,80,80,80,80,80,80,80,80,80],"card_choices":[{"not_picked":["Iron Wave","Thunderclap"],"picked":"Headbutt","floor":1},{"not_picked":["Wild Strike","Flex"],"picked":"Cleave","floor":2},{"not_picked":["Flex","Fire Breathing"],"picked":"Twin Strike","floor":5},{"not_picked":["Juggernaut","Thunderclap","Wild Strike"],"picked":"SKIP","floor":7},{"not_picked":["Body Slam","Blood for Blood","Wild Strike"],"picked":"SKIP","floor":8},{"not_picked":["Reckless Charge","Feel No Pain","Flex"],"picked":"SKIP","floor":12},{"not_picked":["Entrench","True Grit"],"picked":"Disarm","floor":13},{"not_picked":["Warcry","Cleave"],"picked":"Flame Barrier","floor":14},{"not_picked":["Corruption","Berserk"],"picked":"Demon Form","floor":16},{"not_picked":["Pommel Strike+1","Battle Trance"],"picked":"Twin Strike","floor":18},{"not_picked":["Blood for Blood","Perfected Strike","Thunderclap"],"picked":"SKIP","floor":22},{"not_picked":["Pommel Strike","Rage","Thunderclap"],"picked":"SKIP","floor":23},{"not_picked":["Havoc","Rupture","Combust"],"picked":"SKIP","floor":25},{"not_picked":["Armaments","True Grit"],"picked":"Brutality","floor":28},{"not_picked":["Wild Strike","Blood for Blood","Cleave"],"picked":"SKIP","floor":31},{"not_picked":["Juggernaut","Immolate"],"picked":"Reaper","floor":33},{"not_picked":["Anger","Sword Boomerang+1","Wild Strike"],"picked":"SKIP","floor":35},{"not_picked":["Shrug It Off","Seeing Red","Iron Wave"],"picked":"SKIP","floor":37},{"not_picked":["Sword Boomerang+1","Shrug It Off","Corruption"],"picked":"SKIP","floor":39},{"not_picked":["Sever Soul","Uppercut","Combust"],"picked":"SKIP","floor":40},{"not_picked":["Pommel Strike","Body Slam"],"picked":"Flame Barrier","floor":42},{"not_picked":["Anger","Iron Wave"],"picked":"Shrug It Off+1","floor":44},{"not_picked":["Warcry+1","Searing Blow","Metallicize"],"picked":"SKIP","floor":46},{"not_picked":["Sentinel+1","Armaments+1","True Grit"],"picked":"SKIP","floor":48}],"player_experience":248295,"relics_obtained":[{"floor":8,"key":"Bag of Preparation"},{"floor":9,"key":"Dream Catcher"},{"floor":12,"key":"Red Skull"},{"floor":14,"key":"Toy Ornithopter"},{"floor":23,"key":"Juzu Bracelet"},{"floor":25,"key":"Pocketwatch"},{"floor":26,"key":"Tiny Chest"},{"floor":27,"key":"Red Mask"},{"floor":28,"key":"Bag of Marbles"},{"floor":36,"key":"Girya"},{"floor":40,"key":"Eternal Feather"},{"floor":43,"key":"MealTicket"},{"floor":46,"key":"MawBank"},{"floor":47,"key":"Orichalcum"}],"event_choices":[{"damage_healed":0,"gold_gain":0,"player_choice":"Take Damage","damage_taken":20,"relics_obtained":["Golden Idol"],"max_hp_gain":0,"max_hp_loss":0,"event_name":"Golden Idol","floor":4,"gold_loss":0},{"damage_healed":0,"gold_gain":75,"player_choice":"Gather Gold","damage_taken":11,"max_hp_gain":0,"max_hp_loss":0,"event_name":"World of Goop","floor":11,"gold_loss":0},{"damage_healed":0,"gold_gain":30,"player_choice":"Searched \u00272\u0027 times","damage_taken":0,"max_hp_gain":0,"max_hp_loss":0,"event_name":"Dead Adventurer","floor":14,"gold_loss":0},{"damage_healed":0,"gold_gain":0,"player_choice":"Read","damage_taken":0,"max_hp_gain":0,"max_hp_loss":0,"event_name":"The Library","floor":19,"gold_loss":0,"cards_obtained":["Whirlwind"]},{"damage_healed":0,"gold_gain":0,"player_choice":"Upgraded","damage_taken":0,"max_hp_gain":0,"max_hp_loss":0,"event_name":"Upgrade Shrine","floor":20,"gold_loss":0,"cards_upgraded":["Whirlwind"]},{"damage_healed":0,"gold_gain":0,"player_choice":"Fought Bandits","damage_taken":0,"max_hp_gain":0,"max_hp_loss":0,"event_name":"Masked Bandits","floor":27,"gold_loss":0},{"damage_healed":0,"gold_gain":0,"player_choice":"Fight","damage_taken":0,"max_hp_gain":0,"max_hp_loss":0,"event_name":"MindBloom","floor":36,"gold_loss":0},{"damage_healed":0,"gold_gain":0,"player_choice":"Ignored","damage_taken":0,"max_hp_gain":0,"max_hp_loss":0,"event_name":"The Moai Head","floor":45,"gold_loss":0}],"is_beta":false,"boss_relics":[{"not_picked":["Calling Bell","Coffee Dripper"],"picked":"Snecko Eye"},{"not_picked":["Black Star","Velvet Choker"],"picked":"SlaversCollar"}],"items_purged_floors":[21,30],"is_endless":true,"potions_floor_spawned":[1,5,7,22,23,25,33,36,37,40,44],"killed_by":"Donu and Deca","ascension_level":12}}