{"host":"svdrdpvpxtppvaze","time":1607663290,"event":{"mods":["AchievementEnabler","BaseMod","BetterRewards","Colored Powertips","Downfall","Googly Eyes","Hubris","Infinite Spire","Minty Spire (QoL Compilation)","Quick Restart","Rare Cards Sparkle","Replay The Spire","Shop Mod","StSLib"],"gold_per_floor":[110,110,110,110,21,21,47,59,71,83,108,140,27,42,42,166,166,184,184,184,384,400,415,415,415],"floor_reached":24,"playtime":733,"items_purged":["Regret","Strike_R"],"score":348,"play_id":"ef3db505-eb8e-4e20-9a55-2c4b4aa476a9","local_time":"20201211110810","is_ascension_mode":true,"campfire_choices":[{"data":"Enlightenment","floor":6.0,"key":"SMITH"},{"data":"Feed","floor":10.0,"key":"SMITH"},{"data":"Bash","floor":15.0,"key":"SMITH"}],"circlet_count":0,"master_deck":["Strike_R","Defend_R","Defend_R","Defend_R","Defend_R","Bash+1","expansioncontent:Chronoboost+1","Feed+1","hubris:ReadiedAction","Shrug It Off","hubris:CleavingFinish","Cleave","Enlightenment+1","Offering","Impervious","Offering+1","ReplayTheSpireMod:LeadingStrike+1","Replay:Undeath\u0027s Touch+1"],"relics":["Burning Blood","hubris:Zylophone","Counterbalance","hubris:Towel","MawBank","Golden Idol","hubris:BottledRain","Astrolabe","hubris:SlimyHat"],"acts_visited":["Exordium","TheCity"],"potions_floor_usage":[],"damage_taken":[{"damage":7.0,"enemies":"2 Louse","floor":1.0,"turns":3.0},{"damage":32.0,"enemies":"Lagavulin","floor":7.0,"turns":7.0},{"damage":6.0,"enemies":"Small Slimes","floor":11.0,"turns":1.0},{"damage":0.0,"enemies":"Jaw Worm","floor":12.0,"turns":1.0},{"damage":8.0,"enemies":"Blue Slaver","floor":14.0,"turns":3.0},{"damage":18.0,"enemies":"Slime Boss","floor":16.0,"turns":7.0},{"damage":12.0,"enemies":"Shell Parasite","floor":18.0,"turns":1.0},{"damage":26,"enemies":"2 Thieves","floor":22,"turns":4},{"damage":38,"enemies":"Centurion and Healer","floor":23,"turns":6},{"damage":51,"enemies":"Book of Stabbing","floor":24,"turns":4}],"seed_played":"-506531283242138988","potions_obtained":[{"floor":1.0,"key":"ElixirPotion"},{"floor":11.0,"key":"SkillPotion"},{"floor":22,"key":"Ancient Potion"}],"is_trial":false,"path_per_floor":["M","?","?","?","$","R","E","?","T","R","M","M","$","M","R","B",null,"M","?","AVR","?","M","M","E"],"character_chosen":"IRONCLAD","items_purchased":["expansioncontent:Chronoboost","Feed","Shrug It Off","hubris:CleavingFinish","Enlightenment","Adrenaline Potion"],"campfire_rested":0,"item_purchase_floors":[0,0,0,0,5,13],"current_hp_per_floor":[52,52,52,52,52,52,29,29,29,29,33,43,43,45,45,37,96,94,94,94,94,78,50,0,0],"gold":415,"neow_bonus":"","is_daily":false,"chose_seed":false,"campfire_upgraded":3,"win_rate":0.0,"timestamp":1607663290,"path_taken":["M","?","?","?","$","R","E","?","T","R","M","M","?","?","R","BOSS","M","?","AVR","?","M","M","E"],"items_purchased_type":["Card","Card","Card","Card","Card","Potion"],"build_version":"2020-11-30","purchased_purges":2,"victory":false,"max_hp_per_floor":[83,83,83,83,83,83,86,80,80,80,84,88,88,92,92,96,96,100,100,100,100,104,108,108,108],"card_choices":[{"not_picked":["Heavy Blade","Rampage"],"picked":"Cleave","floor":1.0},{"not_picked":["Clash","hubris:ReadiedAction"],"picked":"Offering","floor":7.0},{"not_picked":["Infernal Blade","Fiend Fire","Inflame"],"picked":"SKIP","floor":11.0},{"not_picked":["Sword Boomerang","Warcry","Pommel Strike"],"picked":"SKIP","floor":12.0},{"not_picked":["Cleave","Run Through","Headbutt"],"picked":"SKIP","floor":14.0},{"not_picked":["Juggernaut","Hemogenesis"],"picked":"Impervious","floor":16.0},{"not_picked":["Sword Boomerang","Pommel Strike","True Grit"],"picked":"SKIP","floor":18.0},{"not_picked":["Sword Boomerang","Feel No Pain","Heavy Blade"],"picked":"SKIP","floor":22},{"not_picked":["Run Through","Demonic Infusion","Infernal Blade"],"picked":"SKIP","floor":23}],"player_experience":8166,"relics_obtained":[{"floor":7.0,"key":"MawBank"},{"floor":9.0,"key":"hubris:BottledRain"}],"event_choices":[{"damage_healed":0.0,"max_hp_gain":0.0,"max_hp_loss":0.0,"gold_gain":0.0,"event_name":"Big Fish","player_choice":"Box","floor":2.0,"gold_loss":0.0,"damage_taken":0.0,"relics_obtained":["Counterbalance"],"cards_obtained":["Regret"]},{"damage_healed":0.0,"max_hp_gain":0.0,"max_hp_loss":0.0,"gold_gain":0.0,"event_name":"Living Wall","player_choice":"Grow","floor":3.0,"gold_loss":0.0,"damage_taken":0.0,"cards_upgraded":["expansioncontent:Chronoboost"]},{"damage_healed":0.0,"max_hp_gain":0.0,"max_hp_loss":6.0,"gold_gain":0.0,"event_name":"Golden Idol","player_choice":"Lose Max HP","floor":8.0,"gold_loss":0.0,"damage_taken":0.0,"relics_obtained":["Golden Idol"]},{"damage_healed":0.0,"max_hp_gain":0.0,"max_hp_loss":0.0,"gold_gain":0.0,"event_name":"Ghosts","player_choice":"Ignored","floor":19.0,"gold_loss":0.0,"damage_taken":0.0},{"damage_healed":0,"gold_gain":250,"player_choice":"Bet on Owner","damage_taken":0,"max_hp_gain":0,"max_hp_loss":0,"event_name":"The Joust","floor":21,"gold_loss":50}],"is_beta":false,"boss_relics":[{"not_picked":["Fusion Hammer","Mark of Pain"],"picked":"Astrolabe"}],"items_purged_floors":[13,20],"is_endless":false,"potions_floor_spawned":[1,11,22],"killed_by":"Book of Stabbing","ascension_level":2}}