{"host":"ueef25wtkg2eer3h","time":1607688485,"event":{"mods":["AchievementEnabler","BaseMod","Colored Map","Colored Powertips","DeckTracker","Displayed Cursed Tome","Googly Eyes","Highlight Path","Minty Spire (QoL Compilation)","Slay the Relics Exporter","StSLib"],"gold_per_floor":[113,126,301,11,31,31,58,18,44,44,44,9,29,44,44,145,145,165,165,177,276,276,276],"floor_reached":22,"playtime":624,"items_purged":[],"score":267,"play_id":"a442359a-0345-49b1-8c27-e43132637595","local_time":"20201211130805","is_ascension_mode":true,"campfire_choices":[{"data":"Hyperbeam","floor":6,"key":"SMITH"},{"floor":11,"key":"REST"},{"floor":15,"key":"REST"}],"circlet_count":0,"master_deck":["Strike_B","Strike_B","Strike_B","Strike_B","Defend_B","Defend_B","Defend_B","Defend_B","Zap","Dualcast","Hyperbeam+1","Chill","Static Discharge","Darkness","Conserve Battery","Streamline","Capacitor","Reboot","Stack","Biased Cognition","White Noise+1","Hologram+1"],"relics":["Cracked Core","Symbiotic Virus","DataDisk","Bag of Marbles","CaptainsWheel","Philosopher\u0027s Stone"],"acts_visited":["Exordium","TheCity"],"potions_floor_usage":[16,20,22],"damage_taken":[{"damage":14,"enemies":"2 Louse","floor":1,"turns":2},{"damage":12,"enemies":"Jaw Worm","floor":2,"turns":3},{"damage":0,"enemies":"Small Slimes","floor":5,"turns":2},{"damage":26,"enemies":"Lagavulin","floor":7,"turns":7},{"damage":0,"enemies":"Gremlin Gang","floor":13,"turns":3},{"damage":14,"enemies":"3 Louse","floor":14,"turns":2},{"damage":33,"enemies":"Hexaghost","floor":16,"turns":8},{"damage":24,"enemies":"Shell Parasite","floor":18,"turns":3},{"damage":20,"enemies":"3 Byrds","floor":20,"turns":3},{"damage":22,"enemies":"Shelled Parasite and Fungi","floor":22,"turns":2}],"seed_played":"194696564063384731","potions_obtained":[{"floor":2,"key":"Strength Potion"},{"floor":7,"key":"Explosive Potion"},{"floor":14,"key":"PotionOfCapacity"},{"floor":16,"key":"SkillPotion"}],"is_trial":false,"path_per_floor":["M","M","?","$","M","R","E","$","T","?","R","?","M","M","R","B",null,"M","?","M","?","M"],"character_chosen":"DEFECT","items_purchased":["Symbiotic Virus","Darkness","Capacitor"],"campfire_rested":2,"item_purchase_floors":[4,4,8],"current_hp_per_floor":[54,42,42,42,42,42,16,16,16,13,35,53,53,39,61,28,63,39,39,19,19,0,0],"gold":276,"neow_bonus":"THREE_RARE_CARDS","is_daily":false,"chose_seed":false,"campfire_upgraded":1,"win_rate":0.0,"timestamp":1607688485,"path_taken":["M","M","?","$","M","R","E","$","T","?","R","?","M","M","R","BOSS","M","?","?","?","M"],"items_purchased_type":["Relic","Card","Card"],"build_version":"2020-11-30","purchased_purges":0,"victory":false,"max_hp_per_floor":[75,75,75,75,75,75,75,75,75,75,75,75,75,75,75,75,75,75,75,75,75,75,75],"card_choices":[{"not_picked":["Multi-Cast","Buffer"],"picked":"Hyperbeam","floor":0},{"not_picked":["Ball Lightning","Conserve Battery"],"picked":"Chill","floor":1},{"not_picked":["Compile Driver","Steam"],"picked":"Static Discharge","floor":2},{"not_picked":["Force Field","Loop"],"picked":"Conserve Battery","floor":5},{"not_picked":["Compile Driver","Fusion"],"picked":"Streamline","floor":7},{"not_picked":["Rebound","Ball Lightning"],"picked":"Reboot","floor":13},{"not_picked":["Coolheaded","Redo"],"picked":"Stack","floor":14},{"not_picked":["Multi-Cast","Creative AI"],"picked":"Biased Cognition","floor":16},{"not_picked":["Cold Snap","Streamline+1"],"picked":"White Noise+1","floor":18},{"not_picked":["Conserve Battery","Self Repair"],"picked":"Hologram+1","floor":20}],"player_experience":241526,"relics_obtained":[{"floor":7,"key":"DataDisk"},{"floor":9,"key":"Bag of Marbles"}],"event_choices":[{"damage_healed":0,"gold_gain":175,"player_choice":"AGREE","damage_taken":0,"max_hp_gain":0,"max_hp_loss":0,"event_name":"Liars Game","floor":3,"gold_loss":0,"cards_obtained":["Doubt"]},{"damage_healed":0,"gold_gain":0,"player_choice":"Success","damage_taken":3,"relics_obtained":["CaptainsWheel"],"max_hp_gain":0,"max_hp_loss":0,"event_name":"Scrap Ooze","floor":10,"gold_loss":0},{"damage_healed":18,"gold_gain":0,"player_choice":"Healed","damage_taken":0,"max_hp_gain":0,"max_hp_loss":0,"event_name":"The Cleric","floor":12,"gold_loss":35},{"cards_removed":["Doubt","Doubt"],"damage_healed":0,"gold_gain":0,"player_choice":"Removed Curses","damage_taken":0,"max_hp_gain":0,"max_hp_loss":0,"event_name":"Fountain of Cleansing","floor":19,"gold_loss":0},{"damage_healed":0,"gold_gain":99,"player_choice":"Stole From Cult","damage_taken":0,"max_hp_gain":0,"max_hp_loss":0,"event_name":"Nest","floor":21,"gold_loss":0}],"is_beta":false,"boss_relics":[{"not_picked":["Astrolabe","Runic Dome"],"picked":"Philosopher\u0027s Stone"}],"items_purged_floors":[],"is_endless":false,"potions_floor_spawned":[2,7,14,16],"killed_by":"Shelled Parasite and Fungi","ascension_level":9}}