{"host":"sabve5zmqufxyc5o","time":1607676087,"event":{"mods":["2.2 Compatiblity","AchievementEnabler","Act Like it!","BaseMod","Block Reminder","Colored Map","Colored Powertips","DeckTracker","KOR Keyword Fix","Keyboard Shortcuts","Minty Spire (QoL Compilation)","Quick Restart","Rare Cards Sparkle","Relic Stats","StSLib","SuperFastMode"],"gold_per_floor":[118,135,45,45,55,55,68,83,138,138,63,95,95,110,110,183,183,203,221,136,136,136],"floor_reached":21,"playtime":397,"items_purged":["Strike_B"],"score":344,"play_id":"206e6ec0-27fc-45ee-a707-466075637ace","local_time":"20201211174127","is_ascension_mode":true,"campfire_choices":[{"data":"Defragment","floor":6.0,"key":"SMITH"},{"floor":10.0,"key":"REST"},{"floor":13.0,"key":"REST"},{"data":"Zap","floor":15,"key":"SMITH"}],"circlet_count":0,"master_deck":["AscendersBane","Strike_B","Strike_B","Strike_B","Defend_B","Defend_B","Defend_B","Defend_B","Zap+1","Dualcast","Beam Cell","Sweeping Beam","Defragment+1","Compile Driver","Self Repair","Turbo","Cold Snap","Echo Form","Sunder+1"],"relics":["Cracked Core","Pen Nib","The Courier","Inserter","Toy Ornithopter"],"acts_visited":["Exordium","TheCity"],"potions_floor_usage":[14,16,19],"damage_taken":[{"damage":7.0,"enemies":"Small Slimes","floor":1.0,"turns":3.0},{"damage":1.0,"enemies":"Cultist","floor":2.0,"turns":4.0},{"damage":2.0,"enemies":"Jaw Worm","floor":5.0,"turns":3.0},{"damage":12.0,"enemies":"3 Louse","floor":7.0,"turns":4.0},{"damage":24.0,"enemies":"2 Fungi Beasts","floor":8.0,"turns":4.0},{"damage":41.0,"enemies":"Gremlin Nob","floor":12.0,"turns":4.0},{"damage":9,"enemies":"Exordium Wildlife","floor":14,"turns":6},{"damage":21,"enemies":"The Guardian","floor":16,"turns":12},{"damage":29,"enemies":"Chosen","floor":18,"turns":6},{"damage":26,"enemies":"3 Byrds","floor":19,"turns":4},{"damage":31,"enemies":"Cultist and Chosen","floor":21,"turns":3}],"seed_played":"-7701800444331255899","potions_obtained":[{"floor":8.0,"key":"SkillPotion"},{"floor":14,"key":"Explosive Potion"},{"floor":18,"key":"DistilledChaos"}],"is_trial":false,"path_per_floor":["M","M","$","?","M","R","M","M","T","R","$","E","R","M","R","B",null,"M","M","?","M"],"character_chosen":"DEFECT","items_purchased":["Defragment"],"campfire_rested":2,"item_purchase_floors":[3],"current_hp_per_floor":[64,63,63,63,61,61,49,32,32,55,55,21,44,42,42,28,66,44,25,25,0,0],"gold":136,"neow_bonus":"TEN_PERCENT_HP_BONUS","is_daily":false,"chose_seed":false,"campfire_upgraded":2,"win_rate":0.0,"timestamp":1607676087,"path_taken":["M","M","$","?","M","R","M","M","T","R","?","E","R","M","R","BOSS","M","M","?","M"],"items_purchased_type":["Card"],"build_version":"2020-11-30","purchased_purges":1,"victory":false,"max_hp_per_floor":[78,78,78,78,78,78,78,78,78,78,78,78,78,78,78,78,78,78,78,78,78,78],"relic_stats":{"Inserter":[6],"counters":[11,53],"Pen Nib":[6],"obtain_stats":[{"Inserter":17,"Pen Nib":9,"The Courier":12,"Cracked Core":0,"Toy Ornithopter":20},{"Inserter":8,"Pen Nib":5,"The Courier":6,"Cracked Core":0,"Toy Ornithopter":10},{"Inserter":40,"Pen Nib":18,"The Courier":22,"Cracked Core":0,"Toy Ornithopter":50}],"Toy Ornithopter":0},"card_choices":[{"not_picked":["Compile Driver","White Noise"],"picked":"Beam Cell","floor":1.0},{"not_picked":["Reinforced Body","Streamline"],"picked":"Sweeping Beam","floor":2.0},{"not_picked":["Stack","Redo","Leap"],"picked":"SKIP","floor":5.0},{"not_picked":["Redo","White Noise"],"picked":"Self Repair","floor":7.0},{"not_picked":["Hologram","Blizzard"],"picked":"Turbo","floor":8.0},{"not_picked":["All For One","Turbo","Storm"],"picked":"SKIP","floor":12.0},{"not_picked":["Barrage","Turbo"],"picked":"Cold Snap","floor":14},{"not_picked":["Rainbow","Buffer"],"picked":"Echo Form","floor":16},{"not_picked":["Rip and Tear","Self Repair"],"picked":"Sunder+1","floor":18},{"not_picked":["Chaos","Doom and Gloom","Steam"],"picked":"SKIP","floor":19}],"player_experience":758170,"relics_obtained":[{"floor":9.0,"key":"Pen Nib"},{"floor":12.0,"key":"The Courier"}],"event_choices":[{"damage_healed":0.0,"max_hp_gain":0.0,"max_hp_loss":0.0,"gold_gain":0.0,"event_name":"Match and Keep!","player_choice":"1 cards matched","floor":4.0,"gold_loss":0.0,"damage_taken":0.0,"cards_obtained":["Compile Driver"]},{"damage_healed":0,"gold_gain":0,"player_choice":"Obtained Relic","damage_taken":0,"relics_obtained":["Toy Ornithopter"],"max_hp_gain":0,"max_hp_loss":0,"event_name":"Addict","floor":20,"gold_loss":85}],"is_beta":false,"boss_relics":[{"not_picked":["Snecko Eye","Ectoplasm"],"picked":"Inserter"}],"items_purged_floors":[11],"is_endless":false,"potions_floor_spawned":[8,14,18],"killed_by":"Cultist and Chosen","ascension_level":18}}