{"host":"ormi09wwzv7sq47a","time":1607707579,"event":{"mods":["2.2 Compatiblity","AchievementEnabler","Act Like it!","BaseMod","Better Note","Better Vampires","Colored Map","Colored Powertips","DeckTracker","Downfall","Hermit","Highlight Path","Jorbs\u0027s Wanderer Trilogy","Minty Spire (QoL Compilation)","Permanent Neow","Quick Restart","Rare Cards Sparkle","Relic Stats","Shop Mod","StSLib","The Cursed","The Hierophant","The Jungle","The Servant 0.9.4"],"gold_per_floor":[209,229,229,229,276,276,305,305,305,305,323,341,341,352,352,452,452,471,482,482,482,482],"floor_reached":21,"playtime":861,"items_purged":[],"score":233,"play_id":"d45d8869-1697-4693-8cf1-45d4a543cfd0","local_time":"20201211142619","is_ascension_mode":true,"campfire_choices":[{"data":"Slimebound:Split","floor":6,"key":"SMITH"},{"data":"Slimebound:LeechEnergy","floor":8,"key":"SMITH"},{"data":"Slimebound:CorrosiveSpit","floor":10,"key":"SMITH"},{"data":"Slimebound:HauntingLick","floor":15,"key":"SMITH"}],"circlet_count":0,"master_deck":["Slimebound:Tackle+1","Slimebound:Defend_Slimebound","Slimebound:Defend_Slimebound","Slimebound:Defend_Slimebound","Slimebound:Defend_Slimebound","Slimebound:Split+1","Slimebound:CorrosiveSpit+1","Slimebound:HauntingLick+1","Slimebound:SamplingLick","Slimebound:LeechEnergy+1","Slimebound:TongueLash+1","Slimebound:SlimeSpikes","Slimebound:LeadByExample","Slimebound:OneTwoCombo","Slimebound:Prepare+1","Bite","Bite","Bite"],"relics":["Slimebound:AbsorbEndCombat","Juzu Bracelet","Lantern","Whetstone","Ancient Tea Set","Philosopher\u0027s Stone"],"acts_visited":["Exordium","TheCity"],"potions_floor_usage":[7,7,12,16],"damage_taken":[{"damage":4,"enemies":"Small Slimes","floor":1,"turns":3},{"damage":13,"enemies":"Jaw Worm","floor":2,"turns":5},{"damage":36,"enemies":"Gremlin Nob","floor":7,"turns":4},{"damage":8,"enemies":"Cultist","floor":11,"turns":2},{"damage":20,"enemies":"Exordium Thugs","floor":12,"turns":3},{"damage":21,"enemies":"Exordium Wildlife","floor":14,"turns":4},{"damage":25,"enemies":"Slime Boss","floor":16,"turns":8},{"damage":44,"enemies":"Spheric Guardian","floor":18,"turns":5},{"damage":19,"enemies":"3 Byrds","floor":19,"turns":4},{"damage":53,"enemies":"Sentry and Sphere","floor":21,"turns":5}],"seed_played":"7461764351212586734","potions_obtained":[{"floor":1,"key":"Slimebound:SlimedPotion"},{"floor":2,"key":"Weak Potion"},{"floor":11,"key":"AttackPotion"},{"floor":14,"key":"Dexterity Potion"}],"is_trial":false,"path_per_floor":["M","M","?","?","T","R","E","R","T","R","M","M","?","M","R","B",null,"M","M","?","M"],"character_chosen":"SLIMEBOUND","items_purchased":[],"campfire_rested":0,"item_purchase_floors":[],"current_hp_per_floor":[56,53,58,55,55,55,33,33,33,33,39,35,35,30,30,33,57,31,32,32,0,0],"gold":482,"neow_bonus":"HUNDRED_GOLD","is_daily":false,"chose_seed":false,"campfire_upgraded":4,"win_rate":0.0,"timestamp":1607707579,"path_taken":["M","M","?","?","?","R","E","R","T","R","M","M","?","M","R","BOSS","M","M","?","M"],"items_purchased_type":[],"build_version":"2020-11-30","purchased_purges":0,"victory":false,"max_hp_per_floor":[60,60,65,65,65,65,65,65,65,65,65,65,65,65,65,65,65,65,65,53,53,53],"relic_stats":{"counters":[10,42],"Juzu Bracelet":1,"Whetstone":["Slimebound:Strike_Slimebound","Slimebound:Tackle"],"obtain_stats":[{"Lantern":5,"Philosopher\u0027s Stone":17,"Slimebound:AbsorbEndCombat":0,"Juzu Bracelet":4,"Whetstone":7,"Ancient Tea Set":9},{"Lantern":2,"Philosopher\u0027s Stone":7,"Slimebound:AbsorbEndCombat":0,"Juzu Bracelet":2,"Whetstone":3,"Ancient Tea Set":3},{"Lantern":8,"Philosopher\u0027s Stone":28,"Slimebound:AbsorbEndCombat":0,"Juzu Bracelet":8,"Whetstone":11,"Ancient Tea Set":11}]},"card_choices":[{"not_picked":["Slimebound:RollThrough","Slimebound:SplitLeeching"],"picked":"Slimebound:HauntingLick","floor":1},{"not_picked":["Slimebound:FinishingTackle","Slimebound:Prepare"],"picked":"Slimebound:SamplingLick","floor":2},{"not_picked":["Slimebound:RollThrough","Slimebound:SpikyOuterGoop"],"picked":"Slimebound:LeechEnergy","floor":7},{"not_picked":["Slimebound:SlimeSpikes","Slimebound:GrowthPunch"],"picked":"Slimebound:TongueLash","floor":11},{"not_picked":["Slimebound:SlimeBarrage","Slimebound:SpikyOuterGoop"],"picked":"Slimebound:SlimeSpikes","floor":12},{"not_picked":["Slimebound:Nibble","Slimebound:Equalize"],"picked":"Slimebound:LeadByExample","floor":14},{"not_picked":["Slimebound:SelfFormingGoo","Slimebound:DuplicatedForm"],"picked":"Slimebound:OneTwoCombo","floor":16},{"not_picked":["Slimebound:TongueLash+1","Slimebound:SplitBruiser"],"picked":"Slimebound:Prepare+1","floor":18},{"not_picked":["Slimebound:ViciousTackle","Slimebound:LeechEnergy+1","Slimebound:SplitBruiser"],"picked":"SKIP","floor":19}],"player_experience":731559,"relics_obtained":[{"floor":5,"key":"Lantern"},{"floor":7,"key":"Whetstone"},{"floor":9,"key":"Ancient Tea Set"}],"event_choices":[{"damage_healed":0,"gold_gain":0,"player_choice":"Donut","damage_taken":0,"max_hp_gain":5,"max_hp_loss":0,"event_name":"Big Fish","floor":3,"gold_loss":0},{"damage_healed":0,"gold_gain":0,"player_choice":"Success","damage_taken":3,"relics_obtained":["Juzu Bracelet"],"max_hp_gain":0,"max_hp_loss":0,"event_name":"Scrap Ooze","floor":4,"gold_loss":0},{"damage_healed":0,"gold_gain":0,"player_choice":"Upgraded","damage_taken":0,"max_hp_gain":0,"max_hp_loss":0,"event_name":"Upgrade Shrine","floor":13,"gold_loss":0,"cards_upgraded":["Slimebound:TongueLash"]},{"damage_healed":0,"gold_gain":0,"player_choice":"Became a vampire","damage_taken":0,"max_hp_gain":0,"max_hp_loss":12,"event_name":"Vampires","floor":20,"gold_loss":0,"cards_obtained":["Bite","Bite","Bite"]}],"is_beta":false,"boss_relics":[{"not_picked":["Black Star","Runic Dome"],"picked":"Philosopher\u0027s Stone"}],"items_purged_floors":[],"is_endless":false,"potions_floor_spawned":[1,2,11,14],"killed_by":"Sentry and Sphere","ascension_level":6}}