{"host":"msmkw03x1o7nq45i","time":1607692128,"event":{"mods":["AchievementEnabler","BaseMod","Bestiary","Colored Powertips","GifTheSpireLib","Highlight Path","Minty Spire (QoL Compilation)","Random Character Button","StSLib","everything is the same but u backflip on backflip"],"gold_per_floor":[109,121,141,18,32,64,64,96,96,125,125,225,236,253,253,353,353,366,377,377,387,422,422,438,438,438,438,31,31,43,43,43,139,139,154,2,21,41,52,52,77,77,154,164,197,216,266,284,284,284,284,284,47,77,77],"floor_reached":56,"playtime":5217,"items_purged":["Defend_B"],"score":1542,"play_id":"2b7b88f1-b3ae-440f-a418-f7a2dd119f6d","local_time":"20201211150848","is_ascension_mode":true,"campfire_choices":[{"data":"Go for the Eyes","floor":7.0,"key":"SMITH"},{"data":"Capacitor","floor":15.0,"key":"SMITH"},{"data":"Fission","floor":23.0,"key":"SMITH"},{"data":"Consume","floor":25.0,"key":"SMITH"},{"data":"Rainbow","floor":27.0,"key":"SMITH"},{"floor":29.0,"key":"REST"},{"data":"Biased Cognition","floor":32.0,"key":"SMITH"},{"floor":40,"key":"RECALL"},{"data":"Loop","floor":49,"key":"SMITH"},{"data":"Glacier","floor":52,"key":"SMITH"}],"circlet_count":0,"master_deck":["Strike_B","Strike_B","Strike_B","Strike_B","Defend_B","Defend_B","Defend_B","Zap","Dualcast+1","Rainbow+1","Glacier","Go for the Eyes+1","Compile Driver","Capacitor+1","Rebound","Ball Lightning","Redo+1","Cold Snap","All For One","Conserve Battery","Fission+1","Consume+1","Glacier","Glacier+1","Skim+1","Biased Cognition+1","Hyperbeam","Meteor Strike","Capacitor+1","Undo+1","Loop+1","Coolheaded+1","Capacitor+1","Defragment+1","Undo+1","Electrodynamics"],"relics":["Cracked Core","The Courier","Bottled Lightning","Ginger","Mango","Snecko Eye","Red Mask","Shuriken","FossilizedHelix","Sozu","Happy Flower","Art of War","Calipers","Torii","ClockworkSouvenir","Turnip"],"acts_visited":["Exordium","TheCity","TheBeyond","TheEnding"],"potions_floor_usage":[],"damage_taken":[{"damage":0.0,"enemies":"Cultist","floor":1.0,"turns":4.0},{"damage":10.0,"enemies":"Jaw Worm","floor":2.0,"turns":3.0},{"damage":1.0,"enemies":"2 Louse","floor":3.0,"turns":2.0},{"damage":7.0,"enemies":"Looter","floor":5.0,"turns":3.0},{"damage":11.0,"enemies":"Gremlin Nob","floor":6.0,"turns":4.0},{"damage":4.0,"enemies":"Lagavulin","floor":8.0,"turns":6.0},{"damage":6.0,"enemies":"Gremlin Nob","floor":10.0,"turns":3.0},{"damage":9.0,"enemies":"2 Fungi Beasts","floor":13.0,"turns":3.0},{"damage":7.0,"enemies":"Exordium Wildlife","floor":14.0,"turns":3.0},{"damage":6.0,"enemies":"The Guardian","floor":16.0,"turns":9.0},{"damage":20.0,"enemies":"2 Thieves","floor":18.0,"turns":3.0},{"damage":10.0,"enemies":"Chosen","floor":19.0,"turns":7.0},{"damage":3.0,"enemies":"Snecko","floor":21.0,"turns":5.0},{"damage":34.0,"enemies":"Masked Bandits","floor":22.0,"turns":7.0},{"damage":1.0,"enemies":"Shelled Parasite and Fungi","floor":24.0,"turns":7.0},{"damage":6.0,"enemies":"Snake Plant","floor":30.0,"turns":5.0},{"damage":0.0,"enemies":"Champ","floor":33.0,"turns":11.0},{"damage":10,"enemies":"3 Darklings","floor":35,"turns":4},{"damage":0,"enemies":"3 Shapes","floor":37,"turns":5},{"damage":0,"enemies":"Maw","floor":38,"turns":5},{"damage":0,"enemies":"Spire Growth","floor":39,"turns":3},{"damage":0,"enemies":"Nemesis","floor":41,"turns":7},{"damage":0,"enemies":"Writhing Mass","floor":44,"turns":6},{"damage":0,"enemies":"Giant Head","floor":45,"turns":9},{"damage":0,"enemies":"Maw","floor":46,"turns":6},{"damage":0,"enemies":"Mind Bloom Boss Battle","floor":47,"turns":3},{"damage":0,"enemies":"Sphere and 2 Shapes","floor":48,"turns":4},{"damage":12,"enemies":"Donu and Deca","floor":50,"turns":9},{"damage":39,"enemies":"Shield and Spear","floor":54,"turns":5},{"damage":0,"enemies":"The Heart","floor":55,"turns":10}],"seed_played":"7689169574838646832","potions_obtained":[{"floor":1.0,"key":"BlessingOfTheForge"},{"floor":5.0,"key":"CultistPotion"},{"floor":6.0,"key":"SteroidPotion"},{"floor":13.0,"key":"LiquidMemories"},{"floor":14.0,"key":"Swift Potion"},{"floor":22.0,"key":"Dexterity Potion"},{"floor":24.0,"key":"Explosive Potion"},{"floor":30.0,"key":"GamblersBrew"}],"is_trial":false,"path_per_floor":["M","M","M","$","M","E","R","E","T","E","?","?","M","M","R","B",null,"M","M","?","M","?","R","M","R","T","R","$","R","M","?","R","B",null,"M","$","M","M","M","R","E","?","T","M","E","M","?","M","R","B",null,"R","$","E","B",null],"character_chosen":"DEFECT","items_purchased":["Capacitor","Rebound","Biased Cognition","FossilizedHelix","Capacitor","Happy Flower","ClockworkSouvenir","Electrodynamics"],"campfire_rested":1,"item_purchase_floors":[4,4,28,28,36,36,53,53],"current_hp_per_floor":[75,65,64,64,57,46,46,42,42,50,32,32,23,16,16,10,89,69,59,59,56,22,22,21,21,21,21,21,47,41,41,41,41,89,79,79,79,79,79,79,79,79,79,79,79,79,79,79,79,67,89,89,89,50,50],"gold":77,"neow_bonus":"ONE_RANDOM_RARE_CARD","is_daily":false,"chose_seed":false,"campfire_upgraded":8,"win_rate":0.0,"timestamp":1607692128,"path_taken":["M","M","M","$","M","E","R","E","T","E","?","?","M","?","R","BOSS","M","M","?","M","?","R","M","R","T","R","$","R","M","?","R","BOSS","M","$","M","M","M","R","E","?","T","M","E","?","?","M","R","BOSS","R","$","E","BOSS"],"items_purchased_type":["Card","Card","Card","Relic","Card","Relic","Relic","Card"],"build_version":"2020-11-30","purchased_purges":1,"victory":true,"max_hp_per_floor":[75,75,75,75,75,75,75,75,75,89,89,89,89,89,89,89,89,89,89,89,89,89,89,89,89,89,89,89,89,89,89,89,89,89,89,89,89,89,89,89,89,89,89,89,89,89,89,89,89,89,89,89,89,89,89],"card_choices":[{"not_picked":["Chill","Rebound"],"picked":"Glacier","floor":1.0},{"not_picked":["Stack","Steam"],"picked":"Go for the Eyes","floor":2.0},{"not_picked":["Recycle","Turbo"],"picked":"Compile Driver","floor":3.0},{"not_picked":["Glacier","Darkness"],"picked":"Ball Lightning","floor":5.0},{"not_picked":["Leap","Recycle"],"picked":"Redo","floor":6.0},{"not_picked":["Compile Driver","Turbo"],"picked":"Cold Snap","floor":8.0},{"not_picked":["Auto Shields","Heatsinks","Redo"],"picked":"SKIP","floor":10.0},{"not_picked":["Rebound","Undo"],"picked":"All For One","floor":13.0},{"not_picked":["Rebound","BootSequence"],"picked":"Conserve Battery","floor":14.0},{"not_picked":["Rainbow","All For One"],"picked":"Fission","floor":16.0},{"not_picked":["Rebound","Cold Snap","Leap"],"picked":"SKIP","floor":18.0},{"not_picked":["Redo","Cold Snap"],"picked":"Consume","floor":19.0},{"not_picked":["Darkness","Force Field","Gash"],"picked":"SKIP","floor":21.0},{"not_picked":["Turbo","Scrape"],"picked":"Glacier","floor":22.0},{"not_picked":["Reinforced Body","Streamline"],"picked":"Skim+1","floor":24.0},{"not_picked":["Rebound+1","Ball Lightning+1"],"picked":"Hyperbeam","floor":30.0},{"not_picked":["Thunder Strike","All For One"],"picked":"Meteor Strike","floor":33.0},{"not_picked":["Genetic Algorithm+1","Hello World+1","Skim+1"],"picked":"SKIP","floor":35},{"not_picked":["White Noise","Rip and Tear","Cold Snap+1"],"picked":"SKIP","floor":37},{"not_picked":["Conserve Battery","Go for the Eyes+1","Streamline"],"picked":"SKIP","floor":38},{"not_picked":["Barrage+1","Double Energy+1"],"picked":"Undo+1","floor":39},{"not_picked":["Sweeping Beam+1","Ball Lightning"],"picked":"Loop","floor":41},{"not_picked":["Recycle","Fission"],"picked":"Coolheaded+1","floor":44},{"not_picked":["Leap","Rebound+1"],"picked":"Capacitor+1","floor":45},{"not_picked":["Static Discharge","Beam Cell"],"picked":"Defragment+1","floor":46},{"not_picked":["Sunder","Compile Driver"],"picked":"Undo+1","floor":48},{"not_picked":["Electrodynamics","Reprogram","BootSequence"],"picked":"SKIP","floor":54}],"player_experience":254527,"relics_obtained":[{"floor":6.0,"key":"The Courier"},{"floor":8.0,"key":"Bottled Lightning"},{"floor":9.0,"key":"Ginger"},{"floor":10.0,"key":"Mango"},{"floor":22.0,"key":"Red Mask"},{"floor":26.0,"key":"Shuriken"},{"floor":41,"key":"Art of War"},{"floor":45,"key":"Calipers"},{"floor":47,"key":"Torii"},{"floor":54,"key":"Turnip"}],"event_choices":[{"damage_healed":0.0,"max_hp_gain":0.0,"max_hp_loss":0.0,"gold_gain":0.0,"event_name":"Shining Light","player_choice":"Entered Light","floor":11.0,"gold_loss":0.0,"damage_taken":18.0,"cards_upgraded":["Dualcast","Redo"]},{"damage_healed":0.0,"max_hp_gain":0.0,"max_hp_loss":0.0,"gold_gain":100.0,"event_name":"Wheel of Change","player_choice":"Gold","floor":12.0,"gold_loss":0.0,"damage_taken":0.0},{"damage_healed":0.0,"max_hp_gain":0.0,"max_hp_loss":0.0,"gold_gain":0.0,"event_name":"The Library","player_choice":"Read","floor":20.0,"gold_loss":0.0,"damage_taken":0.0,"cards_obtained":["Glacier"]},{"damage_healed":0.0,"max_hp_gain":0.0,"max_hp_loss":0.0,"gold_gain":0.0,"event_name":"Masked Bandits","player_choice":"Fought Bandits","floor":22.0,"gold_loss":0.0,"damage_taken":0.0},{"damage_healed":0.0,"max_hp_gain":0.0,"max_hp_loss":0.0,"gold_gain":0.0,"event_name":"Ghosts","player_choice":"Ignored","floor":31.0,"gold_loss":0.0,"damage_taken":0.0},{"damage_healed":0,"gold_gain":0,"player_choice":"Upgraded","damage_taken":0,"max_hp_gain":0,"max_hp_loss":0,"event_name":"Upgrade Shrine","floor":42,"gold_loss":0,"cards_upgraded":["Capacitor"]},{"damage_healed":0,"gold_gain":0,"player_choice":"Fight","damage_taken":0,"max_hp_gain":0,"max_hp_loss":0,"event_name":"MindBloom","floor":47,"gold_loss":0}],"is_beta":false,"boss_relics":[{"not_picked":["Calling Bell","Runic Dome"],"picked":"Snecko Eye"},{"not_picked":["SlaversCollar","Black Star"],"picked":"Sozu"}],"items_purged_floors":[28],"is_endless":false,"potions_floor_spawned":[1,5,6,10,13,14,22,24,30,41,44,45,47,48,54],"ascension_level":4}}