{"host":"cjhtzh7tp54jdfyv","time":1607725822,"event":{"mods":["BaseMod","Minty Spire (QoL Compilation)"],"gold_per_floor":[109,128,148,167,167,167,317,317,317],"floor_reached":8,"playtime":1354,"items_purged":[],"score":96,"play_id":"2cd0c5c5-68cb-424e-b4ad-7a5885c1d61a","local_time":"20201211173022","is_ascension_mode":true,"campfire_choices":[{"floor":6,"key":"REST"}],"circlet_count":0,"master_deck":["AscendersBane","Strike_B","Strike_B","Strike_B","Strike_B","Defend_B","Defend_B","Defend_B","Defend_B","Zap","Dualcast","Barrage","Compile Driver","Echo Form","Streamline+1","Doubt"],"relics":["Cracked Core","Peace Pipe"],"acts_visited":["Exordium"],"potions_floor_usage":[4,8],"damage_taken":[{"damage":4,"enemies":"Small Slimes","floor":1,"turns":4},{"damage":4,"enemies":"2 Louse","floor":2,"turns":2},{"damage":6,"enemies":"Cultist","floor":3,"turns":3},{"damage":27,"enemies":"Gremlin Gang","floor":4,"turns":6},{"damage":78,"enemies":"Gremlin Nob","floor":8,"turns":4}],"seed_played":"3515765362471976037","potions_obtained":[{"floor":2,"key":"FearPotion"},{"floor":4,"key":"SkillPotion"}],"is_trial":false,"path_per_floor":["M","M","M","M","?","R","?","E"],"character_chosen":"DEFECT","items_purchased":[],"campfire_rested":1,"item_purchase_floors":[],"current_hp_per_floor":[60,56,50,23,23,42,42,0,0],"gold":317,"neow_bonus":"ONE_RARE_RELIC","is_daily":false,"chose_seed":false,"campfire_upgraded":0,"win_rate":0.0,"timestamp":1607725822,"path_taken":["M","M","M","M","?","R","?","E"],"items_purchased_type":[],"build_version":"2020-11-30","purchased_purges":0,"victory":false,"max_hp_per_floor":[64,64,64,64,64,64,64,64,64],"card_choices":[{"not_picked":["Conserve Battery","Auto Shields"],"picked":"Barrage","floor":1},{"not_picked":["Hologram","Hello World"],"picked":"Compile Driver","floor":2},{"not_picked":["Ball Lightning","Conserve Battery"],"picked":"Echo Form","floor":3},{"not_picked":["Barrage","Hologram"],"picked":"Streamline","floor":4}],"player_experience":4144425,"relics_obtained":[],"event_choices":[{"damage_healed":0,"gold_gain":0,"player_choice":"Grow","damage_taken":0,"max_hp_gain":0,"max_hp_loss":0,"event_name":"Living Wall","floor":5,"gold_loss":0,"cards_upgraded":["Streamline"]},{"damage_healed":0,"gold_gain":150,"player_choice":"AGREE","damage_taken":0,"max_hp_gain":0,"max_hp_loss":0,"event_name":"Liars Game","floor":7,"gold_loss":0,"cards_obtained":["Doubt"]}],"is_beta":false,"boss_relics":[],"items_purged_floors":[],"is_endless":false,"potions_floor_spawned":[2,4],"killed_by":"Gremlin Nob","ascension_level":20}}