{"host":"tkinv8gv6hgcc58b","time":1607672807,"event":{"mods":["BaseMod","Colored Map","Downfall","Googly Eyes","Hermit","Minty Spire (QoL Compilation)","READ ME - Guardian Mod","StSLib","The Cursed","The Disciple"],"gold_per_floor":[109,128,128,39,53,53,64,91,116,116,132,206,171,188,188,265,265,284,284,284,301,301,301],"floor_reached":22,"playtime":952,"items_purged":[],"score":316,"play_id":"85112689-0962-4a12-ae0f-1d0b68f57739","local_time":"20201211024647","is_ascension_mode":true,"campfire_choices":[{"floor":6,"key":"REST"},{"floor":10,"key":"REST"},{"data":"A Thousand Cuts","floor":15,"key":"SMITH"}],"circlet_count":0,"master_deck":["AscendersBane","Strike_G","Strike_G","Strike_G","Strike_G","Strike_G","Defend_G","Defend_G","Defend_G","Defend_G","Defend_G","Survivor","Neutralize","Deflect","Blade Dance","Blade Dance","Well Laid Plans","PiercingWail","A Thousand Cuts+1","Leg Sweep","Accuracy","Bullet Time","Leg Sweep","Decay","Accuracy"],"relics":["WristBlade","Potion Belt","Ancient Tea Set","Question Card","Cursed Key"],"acts_visited":["Exordium","TheCity"],"potions_floor_usage":[16,18,22,22],"damage_taken":[{"damage":7,"enemies":"Jaw Worm","floor":1,"turns":4},{"damage":7,"enemies":"Cultist","floor":2,"turns":5},{"damage":0,"enemies":"2 Louse","floor":5,"turns":2},{"damage":24,"enemies":"Large Slime","floor":7,"turns":5},{"damage":12,"enemies":"Lagavulin","floor":8,"turns":6},{"damage":4,"enemies":"Blue Slaver","floor":11,"turns":3},{"damage":3,"enemies":"Looter","floor":14,"turns":3},{"damage":17,"enemies":"The Guardian","floor":16,"turns":10},{"damage":49,"enemies":"Chosen","floor":18,"turns":7},{"damage":3,"enemies":"3 Byrds","floor":21,"turns":6},{"damage":7,"enemies":"Snake Plant","floor":22,"turns":3}],"seed_played":"-229561921957051708","potions_obtained":[{"floor":5,"key":"AttackPotion"},{"floor":11,"key":"Dexterity Potion"},{"floor":14,"key":"sneckomod:MuddlingPotion"},{"floor":18,"key":"LiquidMemories"}],"is_trial":false,"path_per_floor":["M","M","?","$","M","R","M","E","T","R","M","T","?","M","R","B",null,"M","?","?","M","M"],"character_chosen":"THE_SILENT","items_purchased":["Blade Dance","Well Laid Plans"],"campfire_rested":2,"item_purchase_floors":[4,4],"current_hp_per_floor":[52,45,39,39,39,58,34,22,22,41,37,37,53,50,50,33,58,9,9,9,6,0,0],"gold":301,"neow_bonus":"BOSS_RELIC","is_daily":false,"chose_seed":false,"campfire_upgraded":1,"win_rate":0.0,"timestamp":1607672807,"path_taken":["M","M","?","$","M","R","M","E","T","R","?","?","?","M","R","BOSS","M","?","?","M","M"],"items_purchased_type":["Card","Card"],"build_version":"2020-11-30","purchased_purges":0,"victory":false,"max_hp_per_floor":[66,66,66,66,66,66,66,66,66,66,66,66,66,66,66,66,66,66,66,66,66,66,66],"card_choices":[{"not_picked":["Bane","Choke"],"picked":"Deflect","floor":1},{"not_picked":["Deflect","Quick Slash"],"picked":"Blade Dance","floor":2},{"not_picked":["Skewer","Deadly Poison"],"picked":"PiercingWail","floor":5},{"not_picked":["Blade Dance","Slice"],"picked":"A Thousand Cuts","floor":7},{"not_picked":["Predator","Caltrops","Deadly Poison"],"picked":"SKIP","floor":8},{"not_picked":["Heel Hook","Outmaneuver"],"picked":"Leg Sweep","floor":11},{"not_picked":["PiercingWail","Choke","Concentrate"],"picked":"Accuracy","floor":14},{"not_picked":["Corpse Explosion","Burst","Glass Knife"],"picked":"Bullet Time","floor":16},{"not_picked":["Blur","PiercingWail","Endless Agony"],"picked":"Leg Sweep","floor":18},{"not_picked":["Prepared","Outmaneuver","Dagger Spray"],"picked":"Accuracy","floor":21}],"player_experience":970959,"relics_obtained":[{"floor":8,"key":"Potion Belt"},{"floor":9,"key":"Ancient Tea Set"},{"floor":12,"key":"Question Card"}],"event_choices":[{"damage_healed":0,"gold_gain":0,"player_choice":"Damaged","damage_taken":6,"max_hp_gain":0,"max_hp_loss":0,"event_name":"Wheel of Change","floor":3,"gold_loss":0},{"damage_healed":16,"gold_gain":0,"player_choice":"Healed","damage_taken":0,"max_hp_gain":0,"max_hp_loss":0,"event_name":"The Cleric","floor":13,"gold_loss":35},{"damage_healed":0,"gold_gain":0,"player_choice":"Ignored","damage_taken":0,"max_hp_gain":0,"max_hp_loss":0,"event_name":"Beggar","floor":19,"gold_loss":0},{"damage_healed":0,"gold_gain":0,"player_choice":"Smashed Altar","damage_taken":0,"max_hp_gain":0,"max_hp_loss":0,"event_name":"Forgotten Altar","floor":20,"gold_loss":0,"cards_obtained":["Decay"]}],"is_beta":false,"boss_relics":[{"not_picked":["Sozu","SacredBark"],"picked":"Cursed Key"}],"items_purged_floors":[],"is_endless":false,"potions_floor_spawned":[5,11,14,18],"killed_by":"Snake Plant","ascension_level":14}}