{"host":"p7j7o00jacnw7qzt","time":1607666704,"event":{"mods":["BaseMod","Colored Map","Colored Powertips","DeckTracker","Highlight Path","Minty Spire (QoL Compilation)","Relic Stats"],"gold_per_floor":[111,129,10,10,10,44,64,64,110,110,145,168,168,207,207,207,207],"floor_reached":16,"playtime":614,"items_purged":["Strike_R"],"score":286,"play_id":"9af2604d-4dd2-4660-b2d3-33a05451e69d","local_time":"20201211010504","is_ascension_mode":true,"campfire_choices":[{"data":"Blood for Blood","floor":8.0,"key":"SMITH"},{"data":"Battle Trance","floor":15.0,"key":"SMITH"}],"circlet_count":0,"master_deck":["AscendersBane","Strike_R","Strike_R","Strike_R","Strike_R","Defend_R","Defend_R","Defend_R","Defend_R","Bash","Blood for Blood+1","Dark Embrace","Battle Trance+1","Impervious","Exhume","Sever Soul","Shrug It Off"],"relics":["Burning Blood","NeowsBlessing","Golden Idol","Potion Belt","Singing Bowl","Art of War","Vajra","Happy Flower","Bottled Lightning"],"acts_visited":["Exordium"],"potions_floor_usage":[],"damage_taken":[{"damage":0.0,"enemies":"2 Louse","floor":1.0,"turns":1.0},{"damage":0.0,"enemies":"Jaw Worm","floor":2.0,"turns":1.0},{"damage":0.0,"enemies":"Gremlin Nob","floor":6.0,"turns":1.0},{"damage":14.0,"enemies":"Small Slimes","floor":7.0,"turns":5.0},{"damage":30.0,"enemies":"Lagavulin","floor":11.0,"turns":6.0},{"damage":18.0,"enemies":"Exordium Thugs","floor":12.0,"turns":6.0},{"damage":11.0,"enemies":"Gremlin Nob","floor":14.0,"turns":3.0},{"damage":20,"enemies":"Hexaghost","floor":16,"turns":7}],"seed_played":"7431320541695019649","potions_obtained":[{"floor":1.0,"key":"Regen Potion"},{"floor":6.0,"key":"DistilledChaos"},{"floor":11.0,"key":"DuplicationPotion"}],"is_trial":false,"path_per_floor":["M","M","$","?","?","E","M","R","T","?","E","M","?","E","R","B"],"character_chosen":"IRONCLAD","items_purchased":["Dark Embrace"],"campfire_rested":0,"item_purchase_floors":[3],"current_hp_per_floor":[74,75,75,49,23,29,35,35,35,60,36,24,24,19,19,0,0],"gold":207,"neow_bonus":"THREE_ENEMY_KILL","is_daily":false,"chose_seed":false,"campfire_upgraded":2,"win_rate":0.0,"timestamp":1607666704,"path_taken":["M","M","$","?","?","E","M","R","T","?","E","?","?","E","R","BOSS"],"items_purchased_type":["Card"],"build_version":"2020-11-30","purchased_purges":1,"victory":false,"max_hp_per_floor":[75,75,75,75,75,75,75,75,75,75,75,75,75,75,75,75,75],"relic_stats":{"Singing Bowl":0,"Happy Flower":[3],"counters":[8,30],"Golden Idol":31,"Art of War":[4],"obtain_stats":[{"Potion Belt":5,"NeowsBlessing":0,"Singing Bowl":6,"Happy Flower":13,"Golden Idol":4,"Vajra":11,"Art of War":9,"Bottled Lightning":14,"Burning Blood":0},{"Potion Belt":2,"NeowsBlessing":0,"Singing Bowl":3,"Happy Flower":6,"Golden Idol":2,"Vajra":5,"Art of War":4,"Bottled Lightning":7,"Burning Blood":0},{"Potion Belt":2,"NeowsBlessing":0,"Singing Bowl":3,"Happy Flower":20,"Golden Idol":2,"Vajra":14,"Art of War":8,"Bottled Lightning":23,"Burning Blood":0}],"Burning Blood":37},"card_choices":[{"not_picked":["Heavy Blade","Flex"],"picked":"Seeing Red","floor":1.0},{"not_picked":["Clothesline","Anger"],"picked":"Blood for Blood","floor":2.0},{"not_picked":["Perfected Strike","Clash"],"picked":"Battle Trance","floor":6.0},{"not_picked":["Perfected Strike","Wild Strike"],"picked":"Impervious","floor":7.0},{"not_picked":["True Grit","Anger"],"picked":"Exhume","floor":11.0},{"not_picked":["Fire Breathing","Clash"],"picked":"Sever Soul","floor":12.0},{"not_picked":["Clothesline","Twin Strike"],"picked":"Shrug It Off","floor":14.0}],"player_experience":766048,"relics_obtained":[{"floor":6.0,"key":"Singing Bowl"},{"floor":9.0,"key":"Art of War"},{"floor":11.0,"key":"Vajra"},{"floor":14.0,"key":"Bottled Lightning"}],"event_choices":[{"damage_healed":0.0,"max_hp_gain":0.0,"max_hp_loss":0.0,"gold_gain":0.0,"event_name":"Golden Idol","player_choice":"Take Damage","floor":4.0,"gold_loss":0.0,"damage_taken":26.0,"relics_obtained":["Golden Idol"]},{"damage_healed":0.0,"max_hp_gain":0.0,"max_hp_loss":0.0,"gold_gain":0.0,"event_name":"Scrap Ooze","player_choice":"Success","floor":5.0,"gold_loss":0.0,"damage_taken":26.0,"relics_obtained":["Potion Belt"]},{"damage_healed":25.0,"max_hp_gain":0.0,"max_hp_loss":0.0,"gold_gain":0.0,"event_name":"Big Fish","player_choice":"Banana","floor":10.0,"gold_loss":0.0,"damage_taken":0.0},{"cards_removed":["Seeing Red"],"damage_healed":0.0,"max_hp_gain":0.0,"max_hp_loss":0.0,"gold_gain":0.0,"event_name":"WeMeetAgain","player_choice":"Gave Card","floor":13.0,"gold_loss":0.0,"damage_taken":0.0,"relics_obtained":["Happy Flower"]}],"is_beta":false,"boss_relics":[],"items_purged_floors":[3],"is_endless":false,"potions_floor_spawned":[1,6,11],"killed_by":"Hexaghost","ascension_level":20}}