{"host":"lvf3ywlo9ittp3f6","time":1607648458,"event":{"mods":["AchievementEnabler","BaseMod","Better Third Choice","Block Reminder","Colored Map","Colored Powertips","Highlight Path","Minty Spire (QoL Compilation)","Permanent Neow","Rare Cards Sparkle","Relic Stats","StSLib","Synergy Search"],"gold_per_floor":[111,175,350,37,57,57,72,72,140,140,154,154,7,7,7,102,102,122,45,55,75,92,92,14,24,78,92,92,102,119,145,145,247,247,266,316,316,316,326,326,354,41,41,53,53,70,70,82,82,82,82,82,7,39,39,39],"floor_reached":55,"playtime":5950,"items_purged":["Doubt"],"score":880,"play_id":"7458aa77-2754-41bf-9e97-29751762840c","local_time":"20201211040058","is_ascension_mode":true,"campfire_choices":[{"data":"Zap","floor":6.0,"key":"SMITH"},{"data":"Beam Cell","floor":8.0,"key":"SMITH"},{"data":"Gash","floor":10.0,"key":"SMITH"},{"data":"Seek","floor":15.0,"key":"SMITH"},{"floor":23.0,"key":"REST"},{"data":"Fission","floor":28.0,"key":"SMITH"},{"floor":32.0,"key":"REST"},{"data":"Defragment","floor":40.0,"key":"SMITH"},{"floor":45.0,"key":"RECALL"},{"data":"Buffer","floor":49.0,"key":"SMITH"},{"data":"Defragment","floor":52.0,"key":"SMITH"}],"circlet_count":0,"master_deck":["Strike_B","Strike_B","Strike_B","Defend_B","Defend_B","Zap+1","Dualcast","Loop+1","All For One+1","Thunder Strike+1","Cold Snap","Defragment+1","Beam Cell+1","Seek+1","Ball Lightning","Gash+1","Impatience","Fission+1","Hologram+1","Defragment","Turbo+1","Glacier","Steam","Defragment+1","Beam Cell+1","BootSequence","Coolheaded","Force Field","Buffer+1","Gash","Double Energy+1","Capacitor","Lockon+1","Gash","Go for the Eyes","Hologram","Barrage","Scrape"],"relics":["Astrolabe","Bottled Flame","Pear","DataDisk","Inserter","Lantern","Potion Belt","SacredBark","Mango","HornCleat","Thread and Needle","Shuriken","Anchor"],"acts_visited":["TheCity","TheBeyond","TheEnding"],"potions_floor_usage":[55,55],"damage_taken":[{"damage":14.0,"enemies":"Jaw Worm","floor":1.0,"turns":3.0},{"damage":0.0,"enemies":"2 Louse","floor":5.0,"turns":2.0},{"damage":4.0,"enemies":"Cultist","floor":7.0,"turns":3.0},{"damage":8.0,"enemies":"Gremlin Gang","floor":11.0,"turns":4.0},{"damage":25.0,"enemies":"The Guardian","floor":16.0,"turns":6.0},{"damage":0.0,"enemies":"3 Byrds","floor":18.0,"turns":4.0},{"damage":12.0,"enemies":"Chosen","floor":20.0,"turns":3.0},{"damage":26.0,"enemies":"Shelled Parasite and Fungi","floor":21.0,"turns":3.0},{"damage":29.0,"enemies":"Snake Plant","floor":22.0,"turns":4.0},{"damage":10.0,"enemies":"Cultist and Chosen","floor":25.0,"turns":7.0},{"damage":0.0,"enemies":"Snecko","floor":27.0,"turns":8.0},{"damage":3.0,"enemies":"Centurion and Healer","floor":29.0,"turns":5.0},{"damage":1.0,"enemies":"Snake Plant","floor":30.0,"turns":4.0},{"damage":4.0,"enemies":"Book of Stabbing","floor":31.0,"turns":5.0},{"damage":23.0,"enemies":"Automaton","floor":33.0,"turns":8.0},{"damage":8.0,"enemies":"Orb Walker","floor":35.0,"turns":5.0},{"damage":0.0,"enemies":"Mind Bloom Boss Battle","floor":36.0,"turns":6.0},{"damage":5.0,"enemies":"3 Darklings","floor":39.0,"turns":6.0},{"damage":9.0,"enemies":"Reptomancer","floor":41.0,"turns":7.0},{"damage":31.0,"enemies":"Transient","floor":44.0,"turns":5.0},{"damage":13.0,"enemies":"Jaw Worm Horde","floor":46.0,"turns":6.0},{"damage":30.0,"enemies":"3 Darklings","floor":48.0,"turns":9.0},{"damage":49.0,"enemies":"Awakened One","floor":50.0,"turns":12.0},{"damage":38.0,"enemies":"Shield and Spear","floor":54.0,"turns":5.0},{"damage":37,"enemies":"The Heart","floor":55,"turns":6}],"seed_played":"-8794402372375390258","potions_obtained":[{"floor":11.0,"key":"Explosive Potion"},{"floor":16.0,"key":"Fire Potion"},{"floor":20.0,"key":"LiquidBronze"},{"floor":22.0,"key":"Strength Potion"},{"floor":25.0,"key":"FocusPotion"},{"floor":29.0,"key":"SkillPotion"},{"floor":31.0,"key":"SteroidPotion"},{"floor":36.0,"key":"SteroidPotion"},{"floor":39.0,"key":"Weak Potion"},{"floor":54.0,"key":"SkillPotion"}],"is_trial":false,"path_per_floor":["M","?","?","$","M","R","M","R","T","R","M","T","$","?","R","B",null,"M","$","M","M","M","R","$","M","T","M","R","M","M","E","R","B",null,"M","?","?","T","M","R","E","$","T","M","R","M","?","M","R","B",null,"R","$","E","B"],"character_chosen":"DEFECT","items_purchased":["Defragment","Beam Cell","Seek","DataDisk","Defragment","Defragment","Shuriken","Gash","FocusPotion","Barrage"],"campfire_rested":2,"item_purchase_floors":[4,4,4,13,19,24,42,42,53,53],"current_hp_per_floor":[61,61,61,61,61,61,57,57,57,57,49,59,59,59,59,34,72,72,72,60,34,5,30,30,20,20,20,20,17,16,12,37,14,67,59,73,73,73,68,68,59,59,59,28,28,15,87,57,57,8,67,67,67,29,0,0],"gold":39,"neow_bonus":"BOSS_RELIC","is_daily":false,"chose_seed":false,"campfire_upgraded":8,"win_rate":0.0,"timestamp":1607648458,"path_taken":["M","?","?","$","M","R","M","R","T","R","M","?","$","?","R","BOSS","M","$","M","M","M","R","$","M","T","M","R","?","?","E","R","BOSS","M","?","?","?","M","R","E","$","T","?","R","M","?","M","R","BOSS","R","$","E","BOSS"],"items_purchased_type":["Card","Card","Card","Relic","Card","Card","Relic","Card","Potion","Card"],"build_version":"2020-11-30","purchased_purges":1,"victory":false,"max_hp_per_floor":[75,75,75,75,75,75,75,75,75,75,75,85,85,85,85,85,85,85,85,85,85,85,85,85,85,85,85,85,85,85,85,85,85,85,85,99,99,99,99,99,99,99,99,99,99,99,87,87,87,87,87,87,87,87,87,87],"relic_stats":{"Inserter":[58],"counters":[25,136],"Shuriken":[21],"Astrolabe":["Loop","All For One","Thunder Strike"],"obtain_stats":[{"Potion Belt":31,"Lantern":26,"Pear":12,"Inserter":17,"Astrolabe":0,"SacredBark":34,"Mango":36,"Thread and Needle":41,"Bottled Flame":9,"DataDisk":13,"Anchor":54,"HornCleat":38,"Shuriken":42,"Cracked Core":0},{"Potion Belt":14,"Lantern":10,"Pear":4,"Inserter":5,"Astrolabe":0,"SacredBark":15,"Mango":17,"Thread and Needle":19,"Bottled Flame":3,"DataDisk":4,"Anchor":24,"HornCleat":17,"Shuriken":19,"Cracked Core":0},{"Potion Belt":61,"Lantern":39,"Pear":12,"Inserter":18,"Astrolabe":0,"SacredBark":69,"Mango":80,"Thread and Needle":93,"Bottled Flame":8,"DataDisk":12,"Anchor":130,"HornCleat":80,"Shuriken":93,"Cracked Core":0}]},"card_choices":[{"not_picked":["Streamline","Compile Driver"],"picked":"Cold Snap","floor":1.0},{"not_picked":["Sweeping Beam","Hologram"],"picked":"Ball Lightning","floor":5.0},{"not_picked":["Consume","Compile Driver"],"picked":"Gash","floor":7.0},{"not_picked":["Compile Driver","Stack","Reprogram"],"picked":"SKIP","floor":11.0},{"not_picked":["Reboot","Thunder Strike"],"picked":"Fission","floor":16.0},{"not_picked":["Rip and Tear","Heatsinks"],"picked":"Hologram+1","floor":18.0},{"not_picked":["Conserve Battery","Barrage+1"],"picked":"Turbo+1","floor":20.0},{"not_picked":["Loop","Stack"],"picked":"Glacier","floor":21.0},{"not_picked":["Cold Snap","Glacier"],"picked":"Steam","floor":22.0},{"not_picked":["Storm","Coolheaded"],"picked":"Beam Cell+1","floor":25.0},{"not_picked":["Steam","Fusion"],"picked":"Go for the Eyes","floor":27.0},{"not_picked":["Hello World","Streamline"],"picked":"BootSequence","floor":29.0},{"not_picked":["Stack","Hologram"],"picked":"Coolheaded","floor":30.0},{"not_picked":["Redo","Capacitor"],"picked":"Force Field","floor":31.0},{"not_picked":["Multi-Cast","Amplify"],"picked":"Buffer","floor":33.0},{"not_picked":["Chaos","Conserve Battery+1"],"picked":"Gash","floor":35.0},{"not_picked":["Ball Lightning","Conserve Battery"],"picked":"Double Energy+1","floor":36.0},{"not_picked":["Cold Snap+1","Genetic Algorithm+1"],"picked":"Capacitor","floor":39.0},{"not_picked":["Undo+1","Recycle+1"],"picked":"Lockon+1","floor":41.0},{"not_picked":["Hello World","Steam+1","Redo"],"picked":"SKIP","floor":44.0},{"not_picked":["Sweeping Beam","Reprogram"],"picked":"Go for the Eyes","floor":46.0},{"not_picked":["Sunder","Leap"],"picked":"Hologram","floor":48.0},{"not_picked":["White Noise+1","Redo+1"],"picked":"Scrape","floor":54.0}],"player_experience":477291,"relics_obtained":[{"floor":9.0,"key":"Bottled Flame"},{"floor":12.0,"key":"Pear"},{"floor":26.0,"key":"Lantern"},{"floor":31.0,"key":"Potion Belt"},{"floor":36.0,"key":"Mango"},{"floor":38.0,"key":"HornCleat"},{"floor":41.0,"key":"Thread and Needle"},{"floor":54.0,"key":"Anchor"}],"event_choices":[{"damage_healed":0.0,"max_hp_gain":0.0,"max_hp_loss":0.0,"gold_gain":64.0,"event_name":"Golden Wing","player_choice":"Gained Gold","floor":2.0,"gold_loss":0.0,"damage_taken":0.0},{"damage_healed":0.0,"max_hp_gain":0.0,"max_hp_loss":0.0,"gold_gain":175.0,"event_name":"betterThird:BetterSerpent","player_choice":"AGREE","floor":3.0,"gold_loss":0.0,"damage_taken":175.0},{"damage_healed":0.0,"max_hp_gain":0.0,"max_hp_loss":0.0,"gold_gain":0.0,"event_name":"Match and Keep!","player_choice":"1 cards matched","floor":14.0,"gold_loss":0.0,"damage_taken":0.0,"cards_obtained":["Impatience"]},{"damage_healed":0.0,"max_hp_gain":0.0,"max_hp_loss":0.0,"gold_gain":0.0,"event_name":"MindBloom","player_choice":"Fight","floor":36.0,"gold_loss":0.0,"damage_taken":0.0},{"cards_removed":["Go for the Eyes"],"damage_healed":0.0,"max_hp_gain":0.0,"max_hp_loss":0.0,"gold_gain":0.0,"event_name":"Falling","player_choice":"Removed Attack","floor":37.0,"gold_loss":0.0,"damage_taken":0.0},{"damage_healed":87.0,"max_hp_gain":0.0,"max_hp_loss":12.0,"gold_gain":0.0,"event_name":"The Moai Head","player_choice":"Heal","floor":47.0,"gold_loss":0.0,"damage_taken":0.0}],"is_beta":false,"boss_relics":[{"not_picked":["Runic Pyramid","Tiny House"],"picked":"Inserter"},{"not_picked":["Runic Dome","Cursed Key"],"picked":"SacredBark"}],"items_purged_floors":[4],"is_endless":false,"potions_floor_spawned":[11,16,20,22,25,29,31,36,39,54],"killed_by":"The Heart","ascension_level":5}}