{"host":"t0dvmwh9w61bq0j7","time":1607709964,"event":{"mods":["2.2 Compatiblity","AchievementEnabler","BaseMod","Better Note","Block Reminder","Colored Map","DeckTracker","Highlight Path","Jorbs\u0027s Wanderer Trilogy","Minty Spire (QoL Compilation)","Random Character Button","Rare Cards Sparkle","Relic Stats","StSLib","The Cursed","The Judge","TheVacant","Transform Curses"],"gold_per_floor":[117,117,117,292,34,34,73,73,99,20,20,35,70,94,94,94,94],"floor_reached":16,"playtime":588,"items_purged":["Doubt"],"score":105,"play_id":"47440c31-afa0-4cd4-a089-877508faf3e5","local_time":"20201211190604","is_ascension_mode":false,"campfire_choices":[{"floor":6,"key":"REST"},{"floor":8,"key":"REST"},{"floor":15,"key":"REST"}],"circlet_count":0,"master_deck":["WordoMod:StrikeCard","WordoMod:StrikeCard","WordoMod:StrikeCard","WordoMod:StrikeCard","WordoMod:DefendCard","WordoMod:DefendCard","WordoMod:DefendCard","WordoMod:DefendCard","WordoMod:Accursed","WordoMod:IllWill","WordoMod:Retaliate","WordoMod:Pestilence","WordoMod:MorbidFascination","WordoMod:Plague","WordoMod:Accursed","WordoMod:Sacrilege","WordoMod:Repent","WordoMod:AfflictedWeapon"],"relics":["WordoMod:Obsidian","WordoMod:Effigy","WingedGreaves","Kunai","Golden Idol","Oddly Smooth Stone","Gambling Chip","Spirit Poop","Calipers"],"acts_visited":["Exordium"],"potions_floor_usage":[16],"damage_taken":[{"damage":1,"enemies":"Cultist","floor":1,"turns":3},{"damage":30,"enemies":"3 Sentries","floor":7,"turns":7},{"damage":4,"enemies":"Small Slimes","floor":12,"turns":4},{"damage":48,"enemies":"Gremlin Nob","floor":13,"turns":4},{"damage":0,"enemies":"2 Louse","floor":14,"turns":2},{"damage":34,"enemies":"The Guardian","floor":16,"turns":9}],"seed_played":"511017608850329779","potions_obtained":[{"floor":12,"key":"Dexterity Potion"},{"floor":13,"key":"SpeedPotion"}],"is_trial":false,"path_per_floor":["M","?","?","?","$","R","E","R","T","$","?","M","E","M","R","B"],"character_chosen":"JUDGE_CLASS","items_purchased":["Oddly Smooth Stone","WordoMod:Pestilence","WordoMod:Plague"],"campfire_rested":3,"item_purchase_floors":[5,5,10],"current_hp_per_floor":[53,46,46,46,46,68,38,60,60,60,60,56,8,8,30,0,0],"gold":94,"neow_bonus":"ONE_RARE_RELIC","is_daily":false,"chose_seed":false,"campfire_upgraded":0,"win_rate":0.0,"timestamp":1607709964,"path_taken":["M","?","?","?","$","R","E","R","T","?","?","?","E","M","R","BOSS"],"items_purchased_type":["Relic","Card","Card"],"build_version":"2020-11-30","purchased_purges":1,"victory":false,"max_hp_per_floor":[75,75,75,75,75,75,75,75,75,75,75,75,75,75,75,75,75],"relic_stats":{"counters":[6,29],"Golden Idol":23,"Gambling Chip":[7],"Kunai":[1],"obtain_stats":[{"WordoMod:Effigy":0,"Calipers":13,"Golden Idol":3,"WordoMod:Obsidian":0,"Gambling Chip":7,"Oddly Smooth Stone":5,"Spirit Poop":11,"WingedGreaves":0,"Kunai":2},{"WordoMod:Effigy":0,"Calipers":4,"Golden Idol":1,"WordoMod:Obsidian":0,"Gambling Chip":2,"Oddly Smooth Stone":1,"Spirit Poop":2,"WingedGreaves":0,"Kunai":1},{"WordoMod:Effigy":0,"Calipers":18,"Golden Idol":3,"WordoMod:Obsidian":0,"Gambling Chip":10,"Oddly Smooth Stone":3,"Spirit Poop":10,"WingedGreaves":0,"Kunai":3}]},"card_choices":[{"not_picked":["WordoMod:LanternFlame","WordoMod:WipingAllOut"],"picked":"WordoMod:Retaliate","floor":1},{"not_picked":["WordoMod:Resurrection","WordoMod:ShackleGuard"],"picked":"WordoMod:MorbidFascination","floor":7},{"not_picked":["WordoMod:Infected","Shame"],"picked":"WordoMod:Accursed","floor":12},{"not_picked":["WordoMod:Retaliate","WordoMod:ScatterAshes"],"picked":"WordoMod:Sacrilege","floor":12},{"not_picked":["WordoMod:BeneathTheMask","WordoMod:Parry"],"picked":"WordoMod:Repent","floor":13},{"not_picked":["WordoMod:Sickness","WordoMod:WillOWisp"],"picked":"WordoMod:AfflictedWeapon","floor":14}],"player_experience":289588,"relics_obtained":[{"floor":7,"key":"Gambling Chip"},{"floor":13,"key":"Calipers"}],"event_choices":[{"damage_healed":0,"gold_gain":0,"player_choice":"Success","damage_taken":7,"relics_obtained":["Kunai"],"max_hp_gain":0,"max_hp_loss":0,"event_name":"Scrap Ooze","floor":2,"gold_loss":0},{"damage_healed":0,"gold_gain":0,"player_choice":"Take Wound","damage_taken":0,"relics_obtained":["Golden Idol"],"max_hp_gain":0,"max_hp_loss":0,"event_name":"Golden Idol","floor":3,"gold_loss":0,"cards_obtained":["Injury"]},{"damage_healed":0,"gold_gain":175,"player_choice":"AGREE","damage_taken":0,"max_hp_gain":0,"max_hp_loss":0,"event_name":"Liars Game","floor":4,"gold_loss":0,"cards_obtained":["Doubt"]},{"cards_removed":["Injury"],"damage_healed":0,"gold_gain":0,"player_choice":"Offered Curse","damage_taken":0,"relics_obtained":["Spirit Poop"],"max_hp_gain":0,"max_hp_loss":0,"event_name":"Bonfire Elementals","floor":11,"gold_loss":0}],"is_beta":false,"boss_relics":[],"items_purged_floors":[5],"is_endless":false,"potions_floor_spawned":[12,13],"killed_by":"The Guardian","ascension_level":0}}