{"host":"a6e7726euhze0d52","time":1607678486,"event":{"mods":["2.2 Compatiblity","Act Like it!","Alarm Clock","Art Attack!","Aspiration","BaseMod","Beaked The Cultist","Bestiary","Better Altar","Better Match","Better Note","Better Sensory Stone","Better Silent Start","Better Skull","Better Third Choice","Better Vampires","Block Reminder","CatGirl Mod","Challenge The Spire","ChefMod","Colored Map","Conspire","Disable Question Mark Monsters","Displayed Cursed Tome","Downfall","Energized Spire","Friendly Minions","GifTheSpireLib","Gold Saver","Halation","Hermit","Hubris","Infinite Spire","Marked Mod","Minty Spire (QoL Compilation)","QueenMod","RRrroohrrRGHHhhh!!","Random Character Button","Rare Cards Sparkle","Replay The Spire","SacredBarkPlus","Shade Mod","Shop Mod","Slumbering Mod","Small Relic Pack","Somnambulant","Spicy Shops","StSLib","Stuff the Spire","The Blackbeard","The Blue Laboratory","The Bug Knight","The Construct","The Cursed","The Death Knight","The Disciple","The Forsaken","The Hierophant","The Necromancer","The Sage","The Showman","The Trickster","TheBandit","vexMod"],"gold_per_floor":[99,115,148,148,161,161,186,36,51,62,62,74,74,0,16,112,112,112,126,138,158,169,169,169,169,169,169,169,184,184,201,212,317,317,317,317,10,0,16,28,28,28,28],"floor_reached":42,"playtime":6916,"items_purged":["Slimebound:Strike_Slimebound","Slimebound:Defend_Slimebound","Slimebound:Strike_Slimebound"],"score":425,"play_id":"71119915-d849-4594-bbf8-c42f4441a9c6","local_time":"20201211102126","is_ascension_mode":false,"campfire_choices":[{"data":"Slimebound:CorrosiveSpit","floor":1,"key":"SMITH"},{"floor":4,"key":"RECALL"},{"data":"Slimebound:Split","floor":8,"key":"SMITH"},{"data":"Slimebound:FirmFortitude","floor":18,"key":"SMITH"},{"data":"Slimebound:FormOfPuddle","floor":23,"key":"SMITH"},{"data":"Slimebound:GoopSpray","floor":25,"key":"SMITH"},{"data":"Slimebound:Schlurp","floor":27,"key":"SMITH"},{"data":"Slimebound:Overexert","floor":35,"key":"SMITH"},{"data":"Slimebound:SplitSpecialist","floor":35,"key":"SMITH"}],"circlet_count":0,"master_deck":["ArtAttackMod:ArtAttack","Slimebound:Strike_Slimebound","Slimebound:Tackle","Slimebound:Defend_Slimebound","Slimebound:Defend_Slimebound","Slimebound:Defend_Slimebound","Slimebound:Split+1","Slimebound:CorrosiveSpit+1","Slimebound:ViciousTackle","Slimebound:FirmFortitude+1","Slimebound:RollThrough","Slimebound:LeechingTouch","Slimebound:HungryTackle","Slimebound:Schlurp+1","Slimebound:GoopSpray+1","Slimebound:SamplingLick","Slimebound:LevelUp+1","Slimebound:SplitMire+1","Slimebound:MassRepurpose+1","Slimebound:GrowthPunch+1","Slimebound:ViciousTackle","Slimebound:FormOfPuddle+1","Slimebound:SamplingLick","Slimebound:CorrosiveSpit+1","Slimebound:LeechEnergy","Slimebound:SplitSpecialist+1","Slimebound:Overexert+1","Slimebound:LivingWall+1","Slimebound:RejuvenatingLick","Slimebound:Schlurp+1","Slimebound:GoopSpray+1"],"relics":["Slimebound:AbsorbEndCombat","hubris:CrystalStatue","downfall:HeartBlessingRed","downfall:HeartBlessingBlue","conspire:SpecialSausage","Replay:Arrowhead","Ornamental Fan"],"acts_visited":["Exordium","TheCity","TheBeyond"],"potions_floor_usage":[12,15,15,16,16,29,32,37,37],"damage_taken":[{"damage":1,"enemies":"Jaw Worm","floor":2,"turns":2},{"damage":11,"enemies":"Lagavulin","floor":3,"turns":7},{"damage":0,"enemies":"2 Louse","floor":5,"turns":2},{"damage":0,"enemies":"theSlumbering:NewCultist","floor":9,"turns":1},{"damage":16,"enemies":"2 Fungi Beasts","floor":10,"turns":3},{"damage":4,"enemies":"Blue Slaver","floor":12,"turns":2},{"damage":8,"enemies":"downfall:FleeingMerchant","floor":14,"turns":4},{"damage":3,"enemies":"Exordium Thugs","floor":15,"turns":2},{"damage":23,"enemies":"downfall:CharBossIronclad","floor":16,"turns":4},{"damage":10,"enemies":"Shell Parasite","floor":19,"turns":3},{"damage":20,"enemies":"Spheric Guardian","floor":20,"turns":4},{"damage":45,"enemies":"Centurion and Healer","floor":21,"turns":7},{"damage":22,"enemies":"conspire:HollyBat","floor":22,"turns":9},{"damage":22,"enemies":"Sentry and Sphere","floor":29,"turns":6},{"damage":16,"enemies":"Centurion and Healer","floor":31,"turns":5},{"damage":7,"enemies":"Snecko","floor":32,"turns":4},{"damage":34,"enemies":"downfall:CharBossWatcher","floor":33,"turns":7},{"damage":17,"enemies":"downfall:FleeingMerchant","floor":37,"turns":4},{"damage":36,"enemies":"3 Darklings","floor":39,"turns":5},{"damage":13,"enemies":"3 Shapes","floor":40,"turns":5},{"damage":99,"enemies":"Transient","floor":42,"turns":5}],"seed_played":"3646434981593232724","potions_obtained":[{"floor":5,"key":"blueLaboratory:BottleOfRum"},{"floor":10,"key":"sneckomod:MuddlingPotion"},{"floor":12,"key":"Languid Potion"},{"floor":13,"key":"Slimebound:SlimedPotion"},{"floor":13,"key":"EssenceOfSteel"},{"floor":15,"key":"EssenceOfSteel"},{"floor":22,"key":"blueLaboratory:FruitPunch"},{"floor":29,"key":"Slimebound:SlimedPotion"},{"floor":32,"key":"LiquidMemories"},{"floor":33,"key":"SteroidPotion"}],"is_trial":false,"path_per_floor":["R","M","E","R","M","?","T","R","M","M","?","M","?","$","M","B",null,"R","M","M","M","M","R","T","R","?","R","$","M","?","M","M","B",null,"R","?","$","?","M","M","T","M"],"character_chosen":"SLIMEBOUND","items_purchased":["Slimebound:SamplingLick","Slimebound:LevelUp","Replay:Arrowhead","Slimebound:RejuvenatingLick","Slimebound:Schlurp+1"],"campfire_rested":0,"item_purchase_floors":[14,14,28,37,37],"current_hp_per_floor":[60,59,60,60,60,60,60,70,70,70,70,70,70,70,70,70,70,70,68,70,56,66,66,66,66,66,66,41,66,66,70,73,56,73,73,52,73,73,52,61,61,0,0],"gold":28,"neow_bonus":"THREE_CARDS","is_daily":false,"chose_seed":false,"campfire_upgraded":8,"win_rate":0.0,"timestamp":1607678486,"path_taken":["R","M","E","R","M","?","T","R","M","M","?","M","?","$","M","BOSS","R","M","M","M","?","R","T","R","?","R","?","?","?","?","M","BOSS","R","?","$","?","M","M","T","M"],"items_purchased_type":["Card","Card","Relic","Card","Undefined"],"build_version":"2020-11-30","purchased_purges":3,"victory":false,"max_hp_per_floor":[60,60,60,60,60,60,60,70,70,70,70,70,70,70,70,70,70,70,70,70,70,70,70,70,70,70,70,70,73,73,73,73,73,73,73,73,73,73,73,73,73,73,73],"card_choices":[{"not_picked":["Slimebound:AcidTongue","Slimebound:LeechingTouch"],"picked":"Slimebound:ViciousTackle","floor":0},{"not_picked":["Slimebound:LeechingTouch","Slimebound:BestDefense"],"picked":"Slimebound:FirmFortitude","floor":2},{"not_picked":["Slimebound:RallyTheTroops","Slimebound:GoopSpray"],"picked":"Slimebound:RollThrough","floor":3},{"not_picked":["Slimebound:ProtectTheBoss","Slimebound:SlimeTap"],"picked":"Slimebound:LeechingTouch","floor":5},{"not_picked":["Slimebound:TongueLash","Slimebound:FinishingTackle"],"picked":"Slimebound:HungryTackle","floor":9},{"not_picked":["Slimebound:LeechEnergy","Slimebound:Gluttony"],"picked":"Slimebound:Schlurp","floor":10},{"not_picked":["Slimebound:SlimeTap","Slimebound:LeechingTouch"],"picked":"Slimebound:GoopSpray","floor":12},{"not_picked":["Slimebound:SplitAcid","Slimebound:ProtectTheBoss"],"picked":"Slimebound:SplitMire","floor":15},{"not_picked":["Slimebound:Darklings","Slimebound:LeechLife"],"picked":"Slimebound:MassRepurpose","floor":16},{"not_picked":["Slimebound:GoopSpray+1","Slimebound:SlimeBrawl"],"picked":"Slimebound:GrowthPunch+1","floor":19},{"not_picked":["Slimebound:ForwardTackle","Slimebound:RollThrough"],"picked":"Slimebound:ViciousTackle","floor":20},{"not_picked":["Slimebound:LeechEnergy+1","Slimebound:LeechingTouch"],"picked":"Slimebound:FormOfPuddle","floor":21},{"not_picked":["Slimebound:SplitMire","Slimebound:SplitAcid+1"],"picked":"Slimebound:SamplingLick","floor":22},{"not_picked":["Slimebound:FlameTackle","Slimebound:GoopSpray"],"picked":"Slimebound:LeechEnergy","floor":29},{"not_picked":["Slimebound:GoopSpray","Slimebound:FlameTackle"],"picked":"Slimebound:Overexert","floor":31},{"not_picked":["Slimebound:FinishingTackle","Slimebound:SplitMire"],"picked":"Slimebound:LivingWall+1","floor":32},{"not_picked":["Slimebound:Nibble","Slimebound:LeechingTouch+1"],"picked":"Slimebound:GoopSpray+1","floor":39},{"not_picked":["Slimebound:LeechingTouch","Slimebound:LevelUp","Slimebound:GoopSpray+1"],"picked":"SKIP","floor":40}],"player_experience":612924,"relics_obtained":[{"floor":3,"key":"hubris:CrystalStatue"},{"floor":41,"key":"Ornamental Fan"}],"event_choices":[{"damage_healed":0,"gold_gain":0,"player_choice":"Got Potions","damage_taken":0,"max_hp_gain":0,"max_hp_loss":0,"event_name":"Lab","floor":13,"gold_loss":0},{"damage_healed":0,"gold_gain":0,"player_choice":"Copied","damage_taken":0,"max_hp_gain":0,"max_hp_loss":0,"event_name":"Duplicator","floor":26,"gold_loss":0,"cards_obtained":["Slimebound:CorrosiveSpit"]}],"is_beta":false,"boss_relics":[{"not_picked":["aspiration:RitualDagger","energizedSpire:CursedPentagram"],"picked":"conspire:SpecialSausage"},{"not_picked":["Velvet Choker","hubris:VirtuousBlindfold","hubris:GrandSneckoEye"]}],"items_purged_floors":[28,37,37],"is_endless":false,"potions_floor_spawned":[5,10,12,15,22,29,32,33],"killed_by":"Transient","ascension_level":0}}