{"host":"4e7ld00gewa6mlu4","time":1607705684,"event":{"mods":["2.2 Compatiblity","Act Like it!","BaseMod","Conspire","Hubris","Infinite Spire","Jedi Mod","Minty Spire (QoL Compilation)","Practice Mode","Quick Restart","Random Character Button","Random Character Mod","Replay The Spire","Shop Mod","StSLib"],"gold_per_floor":[112,112,112,135,135,169,190,190,190],"floor_reached":8,"playtime":526,"items_purged":[],"score":67,"play_id":"b09b6829-f6a3-4968-bf45-902953ec7dcc","local_time":"20201211115444","is_ascension_mode":true,"campfire_choices":[],"circlet_count":0,"master_deck":["Strike_G","Strike_G","Strike_G","Strike_G","Defend_G","Defend_G","Defend_G","Defend_G","Survivor+1","Neutralize","Catalyst","Bane","Quick Slash","Cloak And Dagger","Toxin Wave"],"relics":["Ring of the Snake","Golden Idol","Toy Ornithopter"],"acts_visited":["Exordium"],"potions_floor_usage":[6],"damage_taken":[{"damage":1,"enemies":"Jaw Worm","floor":1,"turns":6},{"damage":0,"enemies":"Small Slimes","floor":4,"turns":4},{"damage":35,"enemies":"Lagavulin","floor":6,"turns":10},{"damage":0,"enemies":"2 Louse","floor":7,"turns":3},{"damage":37,"enemies":"3 Sentries","floor":8,"turns":6}],"seed_played":"7070293117617890021","potions_obtained":[{"floor":1,"key":"Adrenaline Potion"},{"floor":4,"key":"Ancient Potion"}],"is_trial":false,"path_per_floor":["M","?","?","M","?","E","M","E"],"character_chosen":"THE_SILENT","items_purchased":[],"campfire_rested":0,"item_purchase_floors":[],"current_hp_per_floor":[69,65,65,65,65,30,30,0,0],"gold":190,"neow_bonus":"TRANSFORM_CARD","is_daily":false,"chose_seed":false,"campfire_upgraded":0,"win_rate":0.0,"timestamp":1607705684,"path_taken":["M","?","?","M","?","E","?","E"],"items_purchased_type":[],"build_version":"2020-11-30","purchased_purges":0,"victory":false,"max_hp_per_floor":[70,65,65,65,65,65,65,65,65],"card_choices":[{"not_picked":["Acrobatics","Setup"],"picked":"Bane","floor":1},{"not_picked":["jedi:poisonivy","Infinite Blades"],"picked":"Quick Slash","floor":4},{"not_picked":["Infinite Blades","Dagger Throw"],"picked":"Cloak And Dagger","floor":6},{"not_picked":["Cloak And Dagger","conspire:DoublingDagger"],"picked":"Toxin Wave","floor":7}],"player_experience":570665,"relics_obtained":[{"floor":6,"key":"Toy Ornithopter"}],"event_choices":[{"damage_healed":0,"gold_gain":0,"player_choice":"Lose Max HP","damage_taken":0,"relics_obtained":["Golden Idol"],"max_hp_gain":0,"max_hp_loss":5,"event_name":"Golden Idol","floor":2,"gold_loss":0},{"cards_removed":["Defend_G"],"damage_healed":0,"gold_gain":0,"player_choice":"Offered Basic","damage_taken":0,"max_hp_gain":0,"max_hp_loss":0,"event_name":"Bonfire Elementals","floor":5,"gold_loss":0}],"is_beta":false,"boss_relics":[],"items_purged_floors":[],"is_endless":false,"potions_floor_spawned":[1,4],"killed_by":"3 Sentries","ascension_level":4}}