{"host":"08sn1703g14rasc1","time":1607677421,"event":{"mods":["AchievementEnabler","BaseMod","Colored Map","Colored Powertips","Hermit","Minty Spire (QoL Compilation)","StSLib"],"gold_per_floor":[117,130,6,6,23,54,54,74,121,121,141,107,117,42,42,144,144,161,161,176,119,135,169,119,119,119],"floor_reached":25,"playtime":881,"items_purged":["Pain"],"score":301,"play_id":"29d8cc05-cbf0-4fc6-96f6-cffb01447b83","local_time":"20201211010341","is_ascension_mode":true,"campfire_choices":[{"floor":7,"key":"REST"},{"floor":10,"key":"REST"},{"floor":15,"key":"REST"}],"circlet_count":0,"master_deck":["Strike_G","Strike_G","Strike_G","Strike_G","Strike_G","Defend_G","Defend_G","Defend_G","Defend_G","Defend_G","Survivor","Neutralize","Acrobatics","Infinite Blades","PiercingWail","Caltrops+1","Distraction","Acrobatics","Poisoned Stab","Predator","Bouncing Flask","Envenom","CurseOfTheBell","Flechettes+1","Bouncing Flask","Crippling Poison+1"],"relics":["Snecko Eye","WarpedTongs","Darkstone Periapt","Bronze Scales","Calling Bell","Happy Flower","Frozen Egg 2","Gambling Chip","Orichalcum","Pantograph"],"acts_visited":["Exordium","TheCity"],"potions_floor_usage":[8,23,23],"damage_taken":[{"damage":6,"enemies":"Cultist","floor":1,"turns":6},{"damage":0,"enemies":"2 Louse","floor":2,"turns":3},{"damage":7,"enemies":"Jaw Worm","floor":5,"turns":5},{"damage":49,"enemies":"Gremlin Nob","floor":6,"turns":6},{"damage":2,"enemies":"Gremlin Gang","floor":8,"turns":3},{"damage":2,"enemies":"3 Louse","floor":11,"turns":3},{"damage":8,"enemies":"Red Slaver","floor":13,"turns":3},{"damage":12,"enemies":"Hexaghost","floor":16,"turns":6},{"damage":9,"enemies":"Chosen","floor":18,"turns":4},{"damage":11,"enemies":"Shell Parasite","floor":20,"turns":3},{"damage":11,"enemies":"Centurion and Healer","floor":22,"turns":6},{"damage":31,"enemies":"Gremlin Leader","floor":23,"turns":5},{"damage":12,"enemies":"Snake Plant","floor":25,"turns":1}],"seed_played":"8739204029349151588","potions_obtained":[{"floor":6,"key":"Ancient Potion"},{"floor":8,"key":"Fruit Juice"},{"floor":11,"key":"SpeedPotion"},{"floor":16,"key":"SpeedPotion"},{"floor":22,"key":"Poison Potion"}],"is_trial":false,"path_per_floor":["M","M","$","?","M","E","R","M","T","R","M","?","M","$","R","B",null,"M","?","M","?","M","E","?","M"],"character_chosen":"THE_SILENT","items_purchased":["PiercingWail","Caltrops"],"campfire_rested":3,"item_purchase_floors":[3,3],"current_hp_per_floor":[57,57,57,57,50,1,22,25,25,47,45,45,37,37,59,47,74,65,65,54,54,43,12,12,0,0],"gold":119,"neow_bonus":"BOSS_RELIC","is_daily":false,"chose_seed":false,"campfire_upgraded":0,"win_rate":0.0,"timestamp":1607677421,"path_taken":["M","?","$","?","M","E","R","M","T","R","?","?","M","$","R","BOSS","M","?","?","?","?","E","?","M"],"items_purchased_type":["Card","Card"],"build_version":"2020-11-30","purchased_purges":1,"victory":false,"max_hp_per_floor":[70,70,70,70,70,70,70,75,75,75,75,75,75,75,75,75,81,81,81,81,81,81,81,81,81,81],"card_choices":[{"not_picked":["Blade Dance","Tactician"],"picked":"Acrobatics","floor":1},{"not_picked":["Expertise","Underhanded Strike"],"picked":"Infinite Blades","floor":2},{"not_picked":["Masterful Stab","Tactician"],"picked":"Distraction","floor":5},{"not_picked":["Catalyst","Bane"],"picked":"Acrobatics","floor":6},{"not_picked":["Outmaneuver","Terror"],"picked":"Poisoned Stab","floor":8},{"not_picked":["Dagger Throw","Outmaneuver"],"picked":"Predator","floor":11},{"not_picked":["Deadly Poison","Tactician"],"picked":"Bouncing Flask","floor":13},{"not_picked":["Night Terror","A Thousand Cuts"],"picked":"Envenom","floor":16},{"not_picked":["Backflip","Underhanded Strike"],"picked":"Flechettes+1","floor":18},{"not_picked":["Quick Slash","Dash"],"picked":"Bouncing Flask","floor":20},{"not_picked":["Backstab","Prepared","Well Laid Plans+1"],"picked":"SKIP","floor":22},{"not_picked":["Backstab","Prepared","Well Laid Plans+1"],"picked":"SKIP","floor":22},{"not_picked":["Dash","Flying Knee"],"picked":"Crippling Poison+1","floor":23}],"player_experience":392166,"relics_obtained":[{"floor":6,"key":"Darkstone Periapt"},{"floor":9,"key":"Bronze Scales"},{"floor":17,"key":"Happy Flower"},{"floor":17,"key":"Frozen Egg 2"},{"floor":17,"key":"Gambling Chip"},{"floor":23,"key":"Pantograph"}],"event_choices":[{"damage_healed":0,"gold_gain":0,"player_choice":"Rummage","damage_taken":0,"relics_obtained":["WarpedTongs"],"max_hp_gain":0,"max_hp_loss":0,"event_name":"Accursed Blacksmith","floor":4,"gold_loss":0,"cards_obtained":["Pain"]},{"damage_healed":0,"gold_gain":0,"player_choice":"Left Gold","damage_taken":0,"max_hp_gain":0,"max_hp_loss":0,"event_name":"World of Goop","floor":12,"gold_loss":34},{"damage_healed":0,"gold_gain":0,"player_choice":"Upgraded","damage_taken":0,"max_hp_gain":0,"max_hp_loss":0,"event_name":"Upgrade Shrine","floor":19,"gold_loss":0,"cards_upgraded":["Caltrops"]},{"damage_healed":0,"gold_gain":0,"player_choice":"Paid Gold","damage_taken":0,"relics_obtained":["Orichalcum"],"max_hp_gain":0,"max_hp_loss":0,"event_name":"WeMeetAgain","floor":21,"gold_loss":57},{"damage_healed":0,"gold_gain":0,"player_choice":"Bet on Murderer","damage_taken":0,"max_hp_gain":0,"max_hp_loss":0,"event_name":"The Joust","floor":24,"gold_loss":50}],"is_beta":false,"boss_relics":[{"not_picked":["Coffee Dripper","Philosopher\u0027s Stone"],"picked":"Calling Bell"}],"items_purged_floors":[14],"is_endless":false,"potions_floor_spawned":[6,8,11,16,22],"killed_by":"Snake Plant","ascension_level":7}}