{"host":"121m0oxswv9tg9hk","time":1607647350,"event":{"mods":["BaseMod","StSLib","AchievementEnabler","Downfall","Replay The Spire","Hubris","Infinite Spire","Minty Spire (QoL Compilation)","Better Third Choice","MarisaÅiñ∂âJÅ@ñÇóùçπÅj","The Construct","The Mystic","Hermit","The Cursed","Shade Mod","The Hierophant","The Gatherer","Aspiration","The Dragon Tamer"],"gold_per_floor":[111,111,127,141,141,141,170,188,264,264,264,290,290,309,309,407,407,423,423,373,27,44,44,74,74,97,108,120,120,148,148,148,251,301,336,370,412,412,239,239,378,420,491,591,640,695,695,695,752,752,752,752],"floor_reached":53,"playtime":4679,"items_purged":["Gatherer:Strike_Gatherer","Gatherer:Strike_Gatherer"],"score":1107,"play_id":"67c519cb-cd41-40f8-a147-44ec24534e77","local_time":"20201211014230","is_ascension_mode":true,"metric_token":1233,"campfire_choices":[{"data":"Gatherer:StoneFence","floor":6,"key":"SMITH"},{"data":"Dark Embrace","floor":13,"key":"SMITH"},{"data":"True Grit","floor":15,"key":"SMITH"},{"data":"Gatherer:Snatch","floor":23,"key":"SMITH"},{"data":"Gatherer:FlowerWhip","floor":25,"key":"SMITH"},{"data":"Demonic Infusion","floor":29,"key":"SMITH"},{"data":"Feed","floor":32,"key":"SMITH"},{"data":"Gatherer:Centralize","floor":40,"key":"SMITH"},{"floor":51,"key":"REST"}],"circlet_count":0,"master_deck":["Gatherer:Strike_Gatherer","Gatherer:Strike_Gatherer","Gatherer:Defend_Gatherer","Gatherer:Defend_Gatherer","Gatherer:Defend_Gatherer","Gatherer:Centralize+1","Gatherer:FlowerWhip+1","Gatherer:StoneFence+1","True Grit+1","Clothesline+1","Dark Embrace+1","Gatherer:FruitForce+1","Disarm","Demonic Infusion+1","Gatherer:Snatch+1","Gatherer:EnergyBasket","Inflame+1","Feed+1","Barricade+1","Gatherer:SaveValuables","Gatherer:Enchant+1","Life Link","Gatherer:VenomBarrier","Gatherer:UpgradeBag","Gatherer:MindSearch","True Grit+1","Iron Wave+1","Parasite","Gatherer:TreeGrowth+1"],"relics":["aspiration:IroncladSkillbook","infinitespire:Beetle Shell","hubris:MysteriousPyramids","ClockworkSouvenir","Toy Ornithopter","Unceasing Top","aspiration:SecretTechniqueScroll","Blood Vial","construct:FoamFinger","Oddly Smooth Stone","Kunai","hubris:Icosahedron","infinitespire:EvilPickle","Tiny House","hubris:MobiusCoin"],"acts_visited":["Exordium","TheCity","TheBeyond"],"potions_floor_usage":[14,16,22,30,30,52,52,52],"damage_taken":[{"damage":3,"enemies":"Jaw Worm","floor":1,"turns":4},{"damage":1,"enemies":"Cultist","floor":3,"turns":5},{"damage":6,"enemies":"2 Louse","floor":4,"turns":3},{"damage":9,"enemies":"Lagavulin","floor":7,"turns":7},{"damage":2,"enemies":"Blue Slaver","floor":8,"turns":5},{"damage":14,"enemies":"Gremlin Nob","floor":12,"turns":4},{"damage":3,"enemies":"Lots of Slimes","floor":14,"turns":3},{"damage":10,"enemies":"The Guardian","floor":16,"turns":9},{"damage":8,"enemies":"3 Byrds","floor":18,"turns":5},{"damage":17,"enemies":"2 Thieves","floor":22,"turns":3},{"damage":12,"enemies":"Book of Stabbing","floor":24,"turns":7},{"damage":5,"enemies":"Sentry and Sphere","floor":27,"turns":5},{"damage":0,"enemies":"Centurion and Healer","floor":28,"turns":5},{"damage":22,"enemies":"Slavers","floor":30,"turns":3},{"damage":1,"enemies":"Pondfish","floor":33,"turns":6},{"damage":10,"enemies":"Orb Walker","floor":35,"turns":5},{"damage":10,"enemies":"3 Shapes","floor":36,"turns":10},{"damage":26,"enemies":"Spire Growth","floor":37,"turns":7},{"damage":32,"enemies":"Transient","floor":41,"turns":5},{"damage":0,"enemies":"Maw","floor":42,"turns":7},{"damage":4,"enemies":"Sphere and 2 Shapes","floor":45,"turns":9},{"damage":31,"enemies":"4 Shapes","floor":46,"turns":6},{"damage":7,"enemies":"Writhing Mass","floor":49,"turns":10},{"damage":11,"enemies":"Time Eater","floor":52,"turns":11}],"seed_played":"-8498715932826118549","potions_obtained":[{"floor":7,"key":"SkillPotion"},{"floor":12,"key":"Adrenaline Potion"},{"floor":14,"key":"Explosive Potion"},{"floor":27,"key":"Poison Potion"},{"floor":28,"key":"GhostInAJar"},{"floor":34,"key":"Cursed Concoction"},{"floor":35,"key":"LiquidMemories"}],"is_trial":false,"path_per_floor":["M","?","M","M","?","R","E","M","T","?","$","E","R","M","R","B",null,"M","?","?","$","M","R","E","R","T","M","M","R","E","?","R","B",null,"M","M","M","?","$","R","M","M","T","?","M","M","PTL","PTL","M","?","R","B",null],"character_chosen":"THE_GATHERER","items_purchased":["ClockworkSouvenir","Toy Ornithopter","Venom Potion","Blood Vial","Explosive Potion","Venom Potion"],"campfire_rested":1,"item_purchase_floors":[11,11,21,21,21,39],"current_hp_per_floor":[72,72,72,70,63,63,58,60,60,64,44,34,34,40,40,39,76,72,72,72,72,63,63,57,57,57,58,64,64,58,58,58,67,85,83,83,67,67,67,67,41,51,51,51,57,36,36,36,39,39,72,82],"gold":752,"neow_bonus":"BOSS_RELIC","is_daily":false,"chose_seed":false,"campfire_upgraded":8,"win_rate":1,"timestamp":1607647350,"path_taken":["M","?","?","M","?","R","E","M","T","?","?","E","R","?","R","BOSS","M","?","?","$","M","R","E","R","T","?","M","R","E","?","R","BOSS","M","M","M","?","?","R","M","M","T","?","M","?","PTL","PTL","M","?","R","BOSS"],"build_version":"2020-11-30","purchased_purges":2,"victory":true,"max_hp_per_floor":[72,72,72,72,72,72,72,72,72,76,76,76,76,76,76,76,76,76,76,76,76,76,76,76,76,76,76,76,76,76,76,76,80,85,89,93,97,97,97,97,97,101,101,101,105,109,109,109,113,113,113,113],"card_choices":[{"not_picked":["Shrug It Off","Heavy Blade","ReplayTheSpireMod:Strike From Hell"],"picked":"Gatherer:StoneFence","floor":1},{"not_picked":["Seeing Red","Gatherer:SmartManeuver","Warcry"],"picked":"Clothesline","floor":3},{"not_picked":["Perfected Strike","Gatherer:BigPouch","Gatherer:AromaProtection","Gatherer:Convert"],"picked":"SKIP","floor":4},{"not_picked":["Metallicize","Gatherer:RecipeChange","Gatherer:Convert"],"picked":"Dark Embrace","floor":7},{"not_picked":["Pommel Strike","Combust","Warcry","Gatherer:SaveValuables"],"picked":"SKIP","floor":8},{"not_picked":["Havoc","Gatherer:SaveValuables","Gatherer:Herbalism","Replay:Undeath\u0027s Touch"],"picked":"SKIP","floor":12},{"not_picked":["Gatherer:EnergyBasket","Massacre","Pommel Strike"],"picked":"Disarm","floor":14},{"not_picked":["Gatherer:ScrollOfPurity","Demon Form","Gatherer:Examine"],"picked":"Demonic Infusion","floor":16},{"not_picked":["Gatherer:SaveValuables","Dual Wield","ReplayTheSpireMod:Strike From Hell"],"picked":"Gatherer:Snatch","floor":18},{"not_picked":["Battle Trance","Havoc","Wild Strike+1","Pummel"],"picked":"SKIP","floor":22},{"not_picked":["Gatherer:ScherryThrow","Reaper","Gatherer:GatherMaterial"],"picked":"Gatherer:EnergyBasket","floor":24},{"not_picked":["hubris:CleavingFinish","Gatherer:AcidicSpray+1","Flex+1","Fire Breathing+1"],"picked":"SKIP","floor":27},{"not_picked":["Fire Breathing+1","Gatherer:PotentialSlash","Twin Strike"],"picked":"Inflame+1","floor":28},{"not_picked":["Perfected Strike","Twin Strike","ReplayTheSpireMod:Corrosion Curse+1"],"picked":"Feed","floor":30},{"not_picked":["Demonic Infusion","Gatherer:BlackTea","Juggernaut"],"picked":"Barricade","floor":33},{"not_picked":["Gatherer:Frenzy","Dropkick","Gatherer:AcidicSpray+1"],"picked":"Gatherer:SaveValuables","floor":34},{"not_picked":["Wild Strike+1","Gatherer:TacticalStrike","hubris:ReadiedAction"],"picked":"Gatherer:Enchant+1","floor":35},{"not_picked":["Gatherer:EnergyBasket+1","Gatherer:TreeGrowth","Gatherer:CarefulStrike"],"picked":"Life Link","floor":36},{"not_picked":["Anger+1","Gatherer:BigPouch","Ghostly Armor"],"picked":"Gatherer:VenomBarrier","floor":37},{"not_picked":["Shockwave","Defy Death","Searing Blow+1"],"picked":"Gatherer:UpgradeBag","floor":41},{"not_picked":["Gatherer:Convert","Gatherer:Transmute+1","Pommel Strike+1"],"picked":"Gatherer:MindSearch","floor":42},{"not_picked":["Clash+1","Shrug It Off","Gatherer:EnergyBasket+1"],"picked":"True Grit+1","floor":45},{"not_picked":["Warcry+1","Gatherer:FlowerFalling","Heavy Blade+1"],"picked":"Iron Wave+1","floor":46},{"not_picked":["Gatherer:TacticalStrike","ReplayTheSpireMod:Stacked","hubris:CleavingFinish+1"],"picked":"Gatherer:TreeGrowth+1","floor":49}],"player_experience":2800389,"relics_obtained":[{"floor":7,"key":"infinitespire:Beetle Shell"},{"floor":9,"key":"hubris:MysteriousPyramids"},{"floor":12,"key":"Unceasing Top"},{"floor":24,"key":"construct:FoamFinger"},{"floor":26,"key":"Oddly Smooth Stone"},{"floor":30,"key":"Kunai"},{"floor":43,"key":"hubris:MobiusCoin"}],"event_choices":[{"damage_healed":0,"gold_gain":0,"cards_transformed":["Gatherer:Strike_Gatherer"],"player_choice":"Transformed","damage_taken":0,"max_hp_gain":0,"max_hp_loss":0,"event_name":"Transmorgrifier","floor":2,"gold_loss":0,"cards_obtained":["True Grit"]},{"cards_removed":["Gatherer:Defend_Gatherer"],"damage_healed":0,"gold_gain":0,"player_choice":"Card Removal","damage_taken":7,"max_hp_gain":0,"max_hp_loss":0,"event_name":"Golden Wing","floor":5,"gold_loss":0},{"damage_healed":0,"gold_gain":0,"player_choice":"Ignored","damage_taken":0,"max_hp_gain":0,"max_hp_loss":0,"event_name":"Vampires","floor":19,"gold_loss":0},{"damage_healed":0,"gold_gain":0,"player_choice":"Bet on Owner","damage_taken":0,"max_hp_gain":0,"max_hp_loss":0,"event_name":"The Joust","floor":20,"gold_loss":50},{"damage_healed":0,"gold_gain":0,"player_choice":"Upgraded","damage_taken":0,"max_hp_gain":0,"max_hp_loss":0,"event_name":"Upgrade Shrine","floor":38,"gold_loss":0,"cards_upgraded":["Barricade"]},{"damage_healed":0,"gold_gain":100,"player_choice":"Pray","damage_taken":0,"max_hp_gain":0,"max_hp_loss":0,"event_name":"Golden Shrine","floor":44,"gold_loss":0}],"is_beta":false,"boss_relics":[{"not_picked":["SacredBark","hubris:ScarierMask"],"picked":"aspiration:SecretTechniqueScroll"},{"not_picked":["aspiration:FutureDiary","Kintsugi"],"picked":"Tiny House"}],"items_purged_floors":[21,39],"is_endless":false,"potions_floor_spawned":[7,12,14,27,28,35,37,42,49],"ascension_level":1}}