{"host":"Ian","time":1607679567,"event":{"mods":["BaseMod","Bestiary","Block Reminder","Colored Map","Highlight Path","Key Reminder","Minty Spire (QoL Compilation)","Relic Stats"],"gold_per_floor":[119,136,211,229,245,245,277,290,290,290,307,332,41,6,6,81,81,91,102,102,102,102,102],"floor_reached":22,"playtime":857,"items_purged":["Strike_R"],"score":392,"play_id":"bb41e7d4-7942-4cbe-9242-db49ddfe703e","local_time":"20201211093927","is_ascension_mode":true,"campfire_choices":[{"floor":6,"key":"REST"},{"data":"Immolate","floor":10,"key":"SMITH"},{"data":"Second Wind","floor":15,"key":"SMITH"}],"circlet_count":0,"master_deck":["AscendersBane","Strike_R","Strike_R","Strike_R","Defend_R","Defend_R","Defend_R","Bash","Battle Trance","Anger","Blood for Blood","Pommel Strike","Immolate+1","Second Wind+1","Impervious","Sentinel","Flame Barrier","Bloodletting"],"relics":["Empty Cage","Boot","Lizard Tail","WingedGreaves","Pen Nib","SlaversCollar","Nilry\u0027s Codex"],"acts_visited":["Exordium","TheCity"],"potions_floor_usage":[7,13,22],"damage_taken":[{"damage":11,"enemies":"Jaw Worm","floor":1,"turns":5},{"damage":7,"enemies":"Small Slimes","floor":2,"turns":3},{"damage":3,"enemies":"2 Louse","floor":4,"turns":3},{"damage":11,"enemies":"Blue Slaver","floor":5,"turns":4},{"damage":27,"enemies":"Lagavulin","floor":7,"turns":6},{"damage":7,"enemies":"Exordium Wildlife","floor":8,"turns":2},{"damage":0,"enemies":"2 Fungi Beasts","floor":11,"turns":1},{"damage":8,"enemies":"Gremlin Nob","floor":12,"turns":3},{"damage":47,"enemies":"Slime Boss","floor":16,"turns":6},{"damage":25,"enemies":"Spheric Guardian","floor":18,"turns":4},{"damage":0,"enemies":"2 Thieves","floor":19,"turns":2},{"damage":24,"enemies":"Sentry and Sphere","floor":22,"turns":4}],"seed_played":"-6249294516733022551","potions_obtained":[{"floor":1,"key":"BlessingOfTheForge"},{"floor":2,"key":"Fruit Juice"},{"floor":12,"key":"LiquidBronze"}],"is_trial":false,"path_per_floor":["M","M","?","M","M","R","E","M","T","R","M","E","$","?","R","B",null,"M","M","?","?","M"],"character_chosen":"IRONCLAD","items_purchased":["Pen Nib","Explosive Potion"],"campfire_rested":1,"item_purchase_floors":[13,13],"current_hp_per_floor":[57,50,39,36,25,47,20,13,13,13,13,5,10,30,30,40,70,45,45,45,24,0,0],"gold":102,"neow_bonus":"BOSS_RELIC","is_daily":false,"chose_seed":false,"campfire_upgraded":2,"win_rate":0.0,"timestamp":1607679567,"path_taken":["M","M","?","M","M","R","E","M","T","R","M","E","$","?","R","BOSS","M","M","?","?","?"],"items_purchased_type":["Relic","Potion"],"build_version":"2020-12-07","purchased_purges":1,"victory":false,"max_hp_per_floor":[75,75,75,75,75,75,75,75,75,75,75,75,80,80,80,80,80,80,80,80,80,80,80],"relic_stats":{"Lizard Tail":40,"counters":[12,43],"Pen Nib":[2],"Boot":[2],"obtain_stats":[{"SlaversCollar":17,"Lizard Tail":9,"Nilry\u0027s Codex":21,"WingedGreaves":12,"Pen Nib":13,"Empty Cage":0,"Boot":7,"Burning Blood":0},{"SlaversCollar":9,"Lizard Tail":6,"Nilry\u0027s Codex":11,"WingedGreaves":8,"Pen Nib":8,"Empty Cage":0,"Boot":5,"Burning Blood":0},{"SlaversCollar":33,"Lizard Tail":23,"Nilry\u0027s Codex":39,"WingedGreaves":27,"Pen Nib":27,"Empty Cage":0,"Boot":21,"Burning Blood":0}]},"card_choices":[{"not_picked":["Infernal Blade","Shrug It Off"],"picked":"Battle Trance","floor":1},{"not_picked":["Sword Boomerang","Clothesline"],"picked":"Anger","floor":2},{"not_picked":["True Grit","Body Slam"],"picked":"Blood for Blood","floor":4},{"not_picked":["Perfected Strike","Infernal Blade"],"picked":"Pommel Strike","floor":5},{"not_picked":["Disarm","Barricade"],"picked":"Immolate","floor":7},{"not_picked":["Intimidate","Cleave","Perfected Strike"],"picked":"SKIP","floor":8},{"not_picked":["Clothesline","Body Slam"],"picked":"Second Wind","floor":11},{"not_picked":["Perfected Strike","Heavy Blade","Reckless Charge"],"picked":"SKIP","floor":12},{"not_picked":["Immolate","Brutality"],"picked":"Impervious","floor":16},{"not_picked":["Body Slam","Reckless Charge"],"picked":"Sentinel","floor":18},{"not_picked":["Armaments","Thunderclap"],"picked":"Flame Barrier","floor":19}],"player_experience":2489566,"relics_obtained":[{"floor":7,"key":"Boot"},{"floor":9,"key":"Lizard Tail"},{"floor":12,"key":"WingedGreaves"},{"floor":21,"key":"Nilry\u0027s Codex"}],"event_choices":[{"damage_healed":0,"gold_gain":75,"player_choice":"Gather Gold","damage_taken":11,"max_hp_gain":0,"max_hp_loss":0,"event_name":"World of Goop","floor":3,"gold_loss":0},{"damage_healed":20,"gold_gain":0,"player_choice":"Healed","damage_taken":0,"max_hp_gain":0,"max_hp_loss":0,"event_name":"The Cleric","floor":14,"gold_loss":35},{"damage_healed":0,"gold_gain":0,"player_choice":"Read","damage_taken":0,"max_hp_gain":0,"max_hp_loss":0,"event_name":"The Library","floor":20,"gold_loss":0,"cards_obtained":["Bloodletting"]},{"damage_healed":0,"gold_gain":0,"player_choice":"Obtained Book","damage_taken":21,"max_hp_gain":0,"max_hp_loss":0,"event_name":"Cursed Tome","floor":21,"gold_loss":0}],"is_beta":true,"boss_relics":[{"not_picked":["Black Star","Mark of Pain"],"picked":"SlaversCollar"}],"items_purged_floors":[13],"is_endless":false,"potions_floor_spawned":[1,2,12,16,19],"killed_by":"Sentry and Sphere","ascension_level":20}}