{"host":"bq442wlpwbozasgc","time":1607685535,"event":{"mods":["BaseMod","Hubris","Minty Spire (QoL Compilation)","Quick Restart","StSLib","SuperFastMode"],"gold_per_floor":[212,232,182,282,299,333,343,369,369,22,39,114,3,15,15,112,112,128,163,163,183,193,224,224,258,331,349,362,362,277,11,11,111,111,128,128,23,33,48,79,79,114,114,146,158,10,21,32,32,32,32,32,32,61,61],"floor_reached":56,"playtime":3564,"items_purged":["Strike_B","Strike_B","Defend_B"],"score":1546,"play_id":"b98d8fe0-5fe4-4c55-8327-07fe4f5708de","local_time":"20201211201855","is_ascension_mode":true,"campfire_choices":[{"data":"Apotheosis","floor":15,"key":"SMITH"},{"data":"Genetic Algorithm","floor":24,"key":"SMITH"},{"floor":32,"key":"RECALL"},{"floor":41,"key":"REST"},{"floor":49,"key":"REST"},{"floor":52,"key":"REST"}],"circlet_count":0,"master_deck":["Defend_B","Defend_B","Defend_B","Zap","Dualcast","Skim","Genetic Algorithm+1","Cold Snap","BootSequence","White Noise","Ball Lightning","Apotheosis+1","Sweeping Beam","Coolheaded","Genetic Algorithm+1","Master of Strategy","Compile Driver","Electrodynamics","Gash","Gash+1","Hologram","Seek+1","Biased Cognition","Go for the Eyes","hubris:PowerSurge","All For One","Reinforced Body+1","Glacier","hubris:PowerSurge","PanicButton+1","Capacitor"],"relics":["Cracked Core","hubris:SoftwareUpdate","HornCleat","MealTicket","Membership Card","Black Star","Red Mask","Ancient Tea Set","StoneCalendar","hubris:64BitClover","Strawberry","Gremlin Horn","hubris:Reverence","OrangePellets","Ice Cream","Fusion Hammer","Vajra","PreservedInsect","Calipers","Meat on the Bone","Toxic Egg 2","Blood Vial","Anchor","InkBottle","Orichalcum"],"acts_visited":["Exordium","TheCity","TheBeyond","TheEnding"],"potions_floor_usage":[6,8,16,33,55],"damage_taken":[{"damage":1,"enemies":"2 Louse","floor":1,"turns":2},{"damage":0,"enemies":"Small Slimes","floor":2,"turns":3},{"damage":0,"enemies":"Cultist","floor":5,"turns":3},{"damage":16,"enemies":"Gremlin Nob","floor":6,"turns":4},{"damage":0,"enemies":"Blue Slaver","floor":7,"turns":4},{"damage":40,"enemies":"3 Sentries","floor":8,"turns":10},{"damage":0,"enemies":"Exordium Wildlife","floor":11,"turns":2},{"damage":1,"enemies":"3 Louse","floor":14,"turns":4},{"damage":10,"enemies":"Slime Boss","floor":16,"turns":8},{"damage":9,"enemies":"2 Thieves","floor":18,"turns":3},{"damage":0,"enemies":"Masked Bandits","floor":19,"turns":2},{"damage":6,"enemies":"Shell Parasite","floor":21,"turns":6},{"damage":0,"enemies":"3 Cultists","floor":22,"turns":3},{"damage":4,"enemies":"Gremlin Leader","floor":23,"turns":6},{"damage":9,"enemies":"Slavers","floor":25,"turns":4},{"damage":3,"enemies":"Shelled Parasite and Fungi","floor":27,"turns":5},{"damage":5,"enemies":"Snake Plant","floor":28,"turns":5},{"damage":0,"enemies":"Collector","floor":33,"turns":9},{"damage":0,"enemies":"3 Shapes","floor":35,"turns":2},{"damage":0,"enemies":"3 Darklings","floor":38,"turns":4},{"damage":13,"enemies":"Writhing Mass","floor":39,"turns":4},{"damage":9,"enemies":"Giant Head","floor":40,"turns":6},{"damage":0,"enemies":"Reptomancer","floor":42,"turns":3},{"damage":0,"enemies":"Giant Head","floor":44,"turns":6},{"damage":4,"enemies":"Maw","floor":45,"turns":7},{"damage":0,"enemies":"4 Shapes","floor":47,"turns":2},{"damage":1,"enemies":"3 Darklings","floor":48,"turns":2},{"damage":0,"enemies":"Donu and Deca","floor":50,"turns":6},{"damage":0,"enemies":"Shield and Spear","floor":54,"turns":4},{"damage":87,"enemies":"The Heart","floor":55,"turns":13}],"seed_played":"1433413266633658722","potions_obtained":[{"floor":5,"key":"FocusPotion"},{"floor":7,"key":"Regen Potion"},{"floor":8,"key":"GamblersBrew"},{"floor":14,"key":"FairyPotion"},{"floor":23,"key":"SneckoOil"},{"floor":27,"key":"PotionOfCapacity"},{"floor":28,"key":"DuplicationPotion"},{"floor":33,"key":"AttackPotion"},{"floor":42,"key":"PowerPotion"}],"is_trial":false,"path_per_floor":["M","M","?","?","M","E","M","E","T","$","M","?","$","M","R","B",null,"M","?","?","M","M","E","R","E","T","M","M","?","?","$","R","B",null,"M","?","$","M","M","E","R","E","T","E","M","$","M","M","R","B",null,"R","$","E","B",null],"character_chosen":"DEFECT","items_purchased":["Membership Card","Apotheosis","Sweeping Beam","Coolheaded","Strength Potion","Master of Strategy","AttackPotion","OrangePellets","Ice Cream","hubris:PowerSurge","All For One","PanicButton+1","Capacitor"],"campfire_rested":3,"item_purchase_floors":[10,10,10,10,10,13,13,31,31,37,37,46,46],"current_hp_per_floor":[74,74,74,74,74,58,58,33,33,48,48,37,52,51,51,41,75,66,66,66,60,60,56,56,54,54,51,46,46,46,61,61,61,82,82,82,82,82,69,60,82,82,82,82,78,82,82,81,82,82,82,82,82,82,36],"gold":61,"neow_bonus":"HUNDRED_GOLD","is_daily":false,"chose_seed":false,"campfire_upgraded":2,"win_rate":0.0,"timestamp":1607685535,"path_taken":["M","M","?","?","?","E","M","E","T","$","M","?","?","M","R","BOSS","M","?","?","M","?","E","R","E","T","M","M","?","?","$","R","BOSS","M","?","?","?","M","E","R","E","T","E","M","$","M","M","R","BOSS","R","$","E","BOSS"],"items_purchased_type":["Relic","Card","Card","Card","Potion","Card","Potion","Relic","Relic","Card","Card","Undefined","Card"],"build_version":"2020-11-30","purchased_purges":3,"victory":true,"max_hp_per_floor":[75,75,75,75,75,75,75,75,75,75,75,75,75,75,75,75,75,75,75,75,75,75,75,75,82,82,82,82,82,82,82,82,82,82,82,82,82,82,82,82,82,82,82,82,82,82,82,82,82,82,82,82,82,82,82],"card_choices":[{"not_picked":["Sweeping Beam","Tempest"],"picked":"Skim","floor":1},{"not_picked":["Go for the Eyes","Rip and Tear"],"picked":"Genetic Algorithm","floor":2},{"not_picked":["Coolheaded","Hologram"],"picked":"Cold Snap","floor":5},{"not_picked":["All For One","Hologram"],"picked":"BootSequence","floor":6},{"not_picked":["Fusion","Heatsinks"],"picked":"White Noise","floor":7},{"not_picked":["Conserve Battery","Beam Cell"],"picked":"Ball Lightning","floor":8},{"not_picked":["Hologram","Beam Cell"],"picked":"Genetic Algorithm","floor":11},{"not_picked":["Consume","Ball Lightning"],"picked":"Compile Driver","floor":14},{"not_picked":["Fission","Rainbow"],"picked":"Electrodynamics","floor":16},{"not_picked":["Sweeping Beam","Hello World"],"picked":"Gash","floor":18},{"not_picked":["Hologram","Streamline"],"picked":"Gash+1","floor":21},{"not_picked":["Redo","Barrage"],"picked":"Hologram","floor":22},{"not_picked":["Steam+1","Streamline","Lockon"],"picked":"SKIP","floor":23},{"not_picked":["Tempest","Defragment"],"picked":"Seek","floor":25},{"not_picked":["Rebound+1","Cold Snap+1","Coolheaded"],"picked":"SKIP","floor":27},{"not_picked":["Conserve Battery+1","Heatsinks","Compile Driver+1"],"picked":"SKIP","floor":28},{"not_picked":["hubris:SpecializedCircuitry","Thunder Strike"],"picked":"Biased Cognition","floor":33},{"not_picked":["Auto Shields+1","Genetic Algorithm"],"picked":"Go for the Eyes","floor":35},{"not_picked":["Steam+1","Stack"],"picked":"Reinforced Body+1","floor":38},{"not_picked":["Go for the Eyes","Undo+1","Gash+1"],"picked":"SKIP","floor":39},{"not_picked":["Conserve Battery","Electrodynamics"],"picked":"Glacier","floor":40},{"not_picked":["Auto Shields","Cold Snap+1","Force Field"],"picked":"SKIP","floor":42},{"not_picked":["hubris:SpecializedCircuitry","Aggregate+1","Steam+1"],"picked":"SKIP","floor":44},{"not_picked":["Compile Driver","Reinforced Body+1"],"picked":"hubris:PowerSurge","floor":45},{"not_picked":["Barrage+1","Beam Cell+1","Consume+1"],"picked":"SKIP","floor":47},{"not_picked":["Rip and Tear+1","Loop","Consume+1"],"picked":"SKIP","floor":48},{"not_picked":["Rip and Tear+1","Leap+1","Sweeping Beam+1"],"picked":"SKIP","floor":54}],"player_experience":16207,"relics_obtained":[{"floor":6,"key":"hubris:SoftwareUpdate"},{"floor":8,"key":"HornCleat"},{"floor":9,"key":"MealTicket"},{"floor":19,"key":"Red Mask"},{"floor":23,"key":"Ancient Tea Set"},{"floor":23,"key":"StoneCalendar"},{"floor":25,"key":"hubris:64BitClover"},{"floor":25,"key":"Strawberry"},{"floor":26,"key":"Gremlin Horn"},{"floor":40,"key":"Vajra"},{"floor":40,"key":"PreservedInsect"},{"floor":42,"key":"Calipers"},{"floor":42,"key":"Meat on the Bone"},{"floor":44,"key":"Toxic Egg 2"},{"floor":44,"key":"Blood Vial"},{"floor":45,"key":"Anchor"},{"floor":54,"key":"InkBottle"},{"floor":54,"key":"Orichalcum"}],"event_choices":[{"cards_removed":["Strike_B"],"damage_healed":0,"gold_gain":0,"player_choice":"Card Removal","damage_taken":0,"max_hp_gain":0,"max_hp_loss":0,"event_name":"The Cleric","floor":3,"gold_loss":50},{"damage_healed":0,"gold_gain":100,"player_choice":"Pray","damage_taken":0,"max_hp_gain":0,"max_hp_loss":0,"event_name":"Golden Shrine","floor":4,"gold_loss":0},{"damage_healed":0,"gold_gain":75,"player_choice":"Gather Gold","damage_taken":11,"max_hp_gain":0,"max_hp_loss":0,"event_name":"World of Goop","floor":12,"gold_loss":0},{"damage_healed":0,"gold_gain":0,"player_choice":"Fought Bandits","damage_taken":0,"max_hp_gain":0,"max_hp_loss":0,"event_name":"Masked Bandits","floor":19,"gold_loss":0},{"damage_healed":0,"gold_gain":0,"player_choice":"Upgraded","damage_taken":0,"max_hp_gain":0,"max_hp_loss":0,"event_name":"Upgrade Shrine","floor":20,"gold_loss":0,"cards_upgraded":["Genetic Algorithm"]},{"cards_removed":["Strike_B"],"damage_healed":0,"gold_gain":0,"player_choice":"Elegance","damage_taken":0,"max_hp_gain":0,"max_hp_loss":0,"event_name":"Back to Basics","floor":29,"gold_loss":0},{"damage_healed":0,"gold_gain":0,"player_choice":"Obtained Relic","damage_taken":0,"relics_obtained":["hubris:Reverence"],"max_hp_gain":0,"max_hp_loss":0,"event_name":"Addict","floor":30,"gold_loss":85},{"damage_healed":0,"gold_gain":0,"player_choice":"Forge","damage_taken":0,"max_hp_gain":0,"max_hp_loss":0,"event_name":"Accursed Blacksmith","floor":36,"gold_loss":0,"cards_upgraded":["Seek"]}],"is_beta":false,"boss_relics":[{"not_picked":["hubris:RunicObelisk","Runic Dome"],"picked":"Black Star"},{"not_picked":["hubris:CrackedHourglass","Tiny House"],"picked":"Fusion Hammer"}],"items_purged_floors":[10,31,46],"is_endless":false,"potions_floor_spawned":[5,7,8,14,23,27,28,33,38,42,45,48,54],"ascension_level":1}}