{"host":"xodzlm10r37577ou","time":1607658091,"event":{"mods":["Act Like it!","BaseMod","Marisa£®ÏF”Í°°ƒß¿Ì…≥£©","Minty Spire (QoL Compilation)","Remilia£®¿Ÿ√◊¿Ú—«£©","Replay The Spire","StSLib","The Servant 0.9.4","Youmu£®ªÍ∆«—˝√Œ£©"],"gold_per_floor":[109,184,51,51,14,14,48,48,48,58,58,75,75,75,75,87,87,158,158,173,173,93,93,53,53,65,65,65,85,85,99,117,134,134,213,213,225,236,236,49,63,98,98,132,132,22,22,34,54,74,74,74],"floor_reached":53,"playtime":3572,"items_purged":["Strike_S","Defend_S"],"score":1460,"play_id":"90378ae8-59fc-48e9-861b-1165961077d2","local_time":"20201211114131","is_ascension_mode":true,"campfire_choices":[{"data":"Potential","floor":6.0,"key":"SMITH"},{"data":"Foresight","floor":8.0,"key":"SMITH"},{"data":"ShiftingGears","floor":11.0,"key":"SMITH"},{"data":"BottledTime","floor":17.0,"key":"SMITH"},{"data":"FlawlessForm","floor":25.0,"key":"SMITH"},{"data":"Replace","floor":30.0,"key":"SMITH"},{"data":"TimeWarp","floor":34.0,"key":"SMITH"},{"data":"Deny","floor":43.0,"key":"SMITH"},{"data":"FloweringNight","floor":47,"key":"SMITH"},{"floor":51,"key":"REST"}],"circlet_count":0,"master_deck":["AscendersBane","Defend_S","Defend_S","KidneyShot","Exchange","ShiftingGears+1","Potential+1","BottledTime+1","BottledTime+1","Foresight+1","TimeWarp+1","FastForward","Sabotage","FlawlessForm+1","AbeCurse","Starlight","DualDimension","Alleviate","Initiator","Replace+1","ShatteredReality+1","Revamp","ShiftingGears+1","Deny+1","Luminosity","Alleviate+1","FloweringNight+1","Contraction"],"relics":["Uniform","NeowsBlessing","Darkstone Periapt","HornCleat","Abe\u0027s Treasure","AntiCross","Cursed Key","Replay:Mystery Machine","Replay:Wax Seal","CaptainsWheel"],"acts_visited":["Exordium","TheCity","TheBeyond"],"potions_floor_usage":[52,52],"damage_taken":[{"damage":0.0,"enemies":"2 Louse","floor":1.0,"turns":1.0},{"damage":0.0,"enemies":"3 Sentries","floor":7.0,"turns":1.0},{"damage":0.0,"enemies":"Small Slimes","floor":10.0,"turns":1.0},{"damage":7.0,"enemies":"Jaw Worm","floor":12.0,"turns":2.0},{"damage":1.0,"enemies":"Red Slaver","floor":16.0,"turns":2.0},{"damage":5.0,"enemies":"Hexaghost","floor":18.0,"turns":8.0},{"damage":11.0,"enemies":"Shell Parasite","floor":20.0,"turns":4.0},{"damage":0.0,"enemies":"Chosen","floor":26.0,"turns":3.0},{"damage":1.0,"enemies":"3 Cultists","floor":29.0,"turns":4.0},{"damage":0.0,"enemies":"Snake Plant","floor":31.0,"turns":3.0},{"damage":0.0,"enemies":"Centurion and Healer","floor":32.0,"turns":3.0},{"damage":0.0,"enemies":"Chosen and Byrds","floor":33.0,"turns":3.0},{"damage":13.0,"enemies":"Champ","floor":35.0,"turns":6.0},{"damage":0.0,"enemies":"3 Darklings","floor":37.0,"turns":2.0},{"damage":6.0,"enemies":"Orb Walker","floor":38.0,"turns":2.0},{"damage":28.0,"enemies":"Spire Growth","floor":41.0,"turns":5.0},{"damage":0.0,"enemies":"Reptomancer","floor":42.0,"turns":5.0},{"damage":0.0,"enemies":"Nemesis","floor":44.0,"turns":5.0},{"damage":0,"enemies":"Maw","floor":48,"turns":3},{"damage":1,"enemies":"Sphere and 2 Shapes","floor":49,"turns":3},{"damage":0,"enemies":"Transient","floor":50,"turns":6},{"damage":14,"enemies":"Awakened One","floor":52,"turns":9}],"seed_played":"5466464244977073007","potions_obtained":[{"floor":1.0,"key":"Fire Potion"},{"floor":16.0,"key":"Weak Potion"},{"floor":41.0,"key":"EssenceOfSteel"},{"floor":48,"key":"AttackPotion"}],"is_trial":false,"path_per_floor":["M","?","$","?","$","R","E","R","T","M","R","M","?","PTL","PTL","M","R","B",null,"M","?","?","?","$","R","M","?","T","M","R","M","M","M","R","B",null,"M","M","?","$","M","E","R","E","T","?","R","M","M","M","R","B",null],"character_chosen":"THE_SERVANT","items_purchased":["Potential","BottledTime","DualDimension","Luminosity"],"campfire_rested":1,"item_purchase_floors":[3,5,24,40],"current_hp_per_floor":[54,43,43,43,43,43,43,43,43,43,43,36,29,29,29,28,28,23,57,46,46,46,46,46,46,46,46,46,45,45,45,45,45,45,32,58,58,52,52,52,24,24,24,24,24,24,24,24,23,23,42,28],"gold":74,"neow_bonus":"THREE_ENEMY_KILL","is_daily":false,"chose_seed":false,"campfire_upgraded":9,"win_rate":0.0,"timestamp":1607658091,"path_taken":["M","?","$","?","?","R","E","R","T","?","R","M","?","PTL","PTL","M","R","BOSS","M","?","?","?","?","R","M","?","T","M","R","M","M","?","R","BOSS","M","M","?","$","?","E","R","E","T","?","R","M","?","M","R","BOSS"],"items_purchased_type":["Card","Card","Card","Card"],"build_version":"2020-11-30","purchased_purges":2,"victory":true,"max_hp_per_floor":[60,60,60,60,60,60,60,60,60,60,60,60,60,60,60,60,60,60,66,66,66,66,66,66,66,66,66,66,66,66,66,66,66,66,66,66,66,66,66,66,66,66,66,66,66,66,66,66,66,66,66,66],"card_choices":[{"not_picked":["Defy","Alleviate"],"picked":"ShiftingGears","floor":1.0},{"not_picked":["Potential","Sunlight"],"picked":"Foresight","floor":7.0},{"not_picked":["RealityMarble","Potential"],"picked":"TimeWarp","floor":10.0},{"not_picked":["Snipe","Unruled"],"picked":"FastForward","floor":12.0},{"not_picked":["DoubleEdge","Ricochet"],"picked":"Sabotage","floor":16.0},{"not_picked":["Sunlight","Initiator"],"picked":"FlawlessForm","floor":18.0},{"not_picked":["Unruled","Rearm"],"picked":"Starlight","floor":20.0},{"not_picked":["Spin","Foresight+1"],"picked":"Alleviate","floor":26.0},{"not_picked":["Ricochet","LightFlow"],"picked":"Replace","floor":29.0},{"not_picked":["Orbit","MoonPhase"],"picked":"ShatteredReality+1","floor":31.0},{"not_picked":["WasteNot+1","Sabotage"],"picked":"Revamp","floor":32.0},{"not_picked":["StarChef","Read"],"picked":"ShiftingGears+1","floor":33.0},{"not_picked":["Dilation","FloweringNight"],"picked":"Deny","floor":35.0},{"not_picked":["ShatteredReality","Revamp","SilverBlades"],"picked":"SKIP","floor":37.0},{"not_picked":["Ricochet","Starlight","FastForward"],"picked":"SKIP","floor":38.0},{"not_picked":["BottledTime","SurpressingFire+1"],"picked":"Alleviate+1","floor":41.0},{"not_picked":["DoubleEdge","Unruled"],"picked":"FloweringNight","floor":42.0},{"not_picked":["Read","Unruled+1","Rearm"],"picked":"SKIP","floor":44.0},{"not_picked":["Revamp","Spin","SilverMatrix"],"picked":"SKIP","floor":48},{"not_picked":["FastForward","Alleviate"],"picked":"Contraction","floor":49},{"not_picked":["TimeWarp","Orbit","Starlight+1"],"picked":"SKIP","floor":50}],"player_experience":769203,"relics_obtained":[{"floor":7.0,"key":"Darkstone Periapt"},{"floor":9.0,"key":"HornCleat"},{"floor":28.0,"key":"AntiCross"},{"floor":42.0,"key":"Replay:Wax Seal"},{"floor":44.0,"key":"CaptainsWheel"}],"event_choices":[{"damage_healed":0.0,"max_hp_gain":0.0,"max_hp_loss":0.0,"gold_gain":75.0,"event_name":"World of Goop","player_choice":"Gather Gold","floor":2.0,"gold_loss":0.0,"damage_taken":11.0},{"cards_removed":["Strike_S"],"damage_healed":0.0,"max_hp_gain":0.0,"max_hp_loss":0.0,"gold_gain":0.0,"event_name":"Golden Wing","player_choice":"Card Removal","floor":13.0,"gold_loss":0.0,"damage_taken":7.0},{"damage_healed":0.0,"max_hp_gain":0.0,"max_hp_loss":0.0,"gold_gain":0.0,"event_name":"The Mausoleum","player_choice":"Ignored","floor":21.0,"gold_loss":0.0,"damage_taken":0.0},{"damage_healed":0.0,"max_hp_gain":0.0,"max_hp_loss":0.0,"gold_gain":0.0,"event_name":"Cursed Tome","player_choice":"Ignored","floor":23.0,"gold_loss":0.0,"damage_taken":0.0},{"damage_healed":0.0,"max_hp_gain":0.0,"max_hp_loss":0.0,"gold_gain":0.0,"cards_transformed":["Strike_S"],"event_name":"Transmorgrifier","player_choice":"Transformed","floor":27.0,"gold_loss":0.0,"damage_taken":0.0,"cards_obtained":["Initiator"]},{"damage_healed":0.0,"max_hp_gain":0.0,"max_hp_loss":0.0,"gold_gain":0.0,"event_name":"WeMeetAgain","player_choice":"Gave Potion","floor":39.0,"gold_loss":0.0,"damage_taken":0.0,"relics_obtained":["Replay:Mystery Machine"]},{"cards_removed":["Strike_S"],"damage_healed":0,"gold_gain":0,"player_choice":"Upgrade and Remove","damage_taken":0,"max_hp_gain":0,"max_hp_loss":0,"event_name":"Designer","floor":46,"gold_loss":110,"cards_upgraded":["BottledTime"]}],"is_beta":false,"boss_relics":[{"not_picked":["Replay:Drink Me","Coffee Dripper"],"picked":"Abe\u0027s Treasure"},{"not_picked":["Replay:Ancient Bell","Replay:Wanted Poster"],"picked":"Cursed Key"}],"items_purged_floors":[3,40],"is_endless":false,"potions_floor_spawned":[1,16,18,20,26,33,41,42,44,48],"ascension_level":18}}