{"host":"pqz3xdxicu6yby95","time":1607722622,"event":{"mods":["Aspiration","BaseMod","Beaked The Cultist","Better Altar","Better Match","Better Note","Better Sensory Stone","Better Skull","Better Third Choice","Better Vampires","BetterRewards","Colored Map","Conspire","Displayed Cursed Tome","Hermit","Highlight Path","Hubris","Marked Mod","Minty Spire (QoL Compilation)","Potionbrewer","Relic Stats","Replay The Spire","Shade Mod","StSLib","The Bug Knight","The Jungle","Unceasing Turn Reminder"],"gold_per_floor":[109,109,128,128,147,147,160,191,191,211,224,244,287,311,311,431,431,456,481,502,502,512,512,545,160,160,180,180,180,180],"floor_reached":29,"playtime":1948,"items_purged":[],"score":411,"play_id":"8839cf0f-84ba-44f3-a218-2886ec9c3cfd","local_time":"20201211163702","is_ascension_mode":false,"campfire_choices":[{"data":"Cloak And Dagger","floor":6,"key":"SMITH"},{"floor":15,"key":"REST"},{"floor":23,"key":"REST"}],"circlet_count":0,"master_deck":["Strike_G","Strike_G","Strike_G","Strike_G","Strike_G","Defend_G","Defend_G","Defend_G","Defend_G","Defend_G","Survivor","Neutralize","Infinite Blades","Infinite Blades","Backstab","Panache","Cloak And Dagger+1","Hidden Blade","Endless Agony","Injury","Blade Dance","ReplayTheSpireMod:Speed Training","Envenom","Slice","Caltrops","Infinite Blades","Deflect","Adrenaline","Setup+1","Blade Dance","hubris:Counter+1","Accuracy","Accuracy","Sadistic Nature","Hallucinations","Well Laid Plans"],"relics":["Ring of the Snake","conspire:InfiniteJournal","Mummified Hand","Incense Burner","Replay:Arrowhead","Cursed Key","Nloth\u0027s Gift","hubris:64BitClover","Blood Vial"],"acts_visited":["Exordium","TheCity"],"potions_floor_usage":[10,11,16,16,20,24,27],"damage_taken":[{"damage":5,"enemies":"conspire:RoseBush","floor":1,"turns":2},{"damage":0,"enemies":"2 Louse","floor":3,"turns":2},{"damage":0,"enemies":"Small Slimes","floor":5,"turns":3},{"damage":0,"enemies":"Looter","floor":7,"turns":3},{"damage":9,"enemies":"3 Sentries","floor":8,"turns":5},{"damage":1,"enemies":"3 Louse","floor":10,"turns":2},{"damage":22,"enemies":"Exordium Thugs","floor":11,"turns":4},{"damage":11,"enemies":"Large Slime","floor":12,"turns":3},{"damage":0,"enemies":"Lagavulin","floor":13,"turns":5},{"damage":2,"enemies":"Red Slaver","floor":14,"turns":4},{"damage":19,"enemies":"Hexaghost","floor":16,"turns":6},{"damage":15,"enemies":"Shell Parasite","floor":18,"turns":5},{"damage":26,"enemies":"conspire:HollyBat","floor":19,"turns":6},{"damage":15,"enemies":"Snecko","floor":20,"turns":5},{"damage":0,"enemies":"Sentry and Sphere","floor":22,"turns":4},{"damage":18,"enemies":"Gremlin Leader","floor":24,"turns":6},{"damage":13,"enemies":"Centurion and Healer","floor":27,"turns":4},{"damage":0,"enemies":"Snake Plant","floor":29,"turns":1}],"seed_played":"-7243429884678504725","potions_obtained":[{"floor":8,"key":"SkillPotion"},{"floor":10,"key":"Poison Potion"},{"floor":13,"key":"SteroidPotion"},{"floor":14,"key":"Ancient Potion"},{"floor":19,"key":"Weak Potion"},{"floor":20,"key":"Dexterity Potion"},{"floor":22,"key":"potionbrewer:CleansingPotion"},{"floor":24,"key":"potionbrewer:NoxiousPotion"}],"is_trial":false,"path_per_floor":["M","?","M","?","M","R","M","E","T","M","M","M","E","M","R","B",null,"M","M","M","?","M","R","E","$","T","M","?","M"],"character_chosen":"THE_SILENT","items_purchased":["Infinite Blades","Backstab","Panache","Cloak And Dagger","Accuracy","Sadistic Nature","Blood Vial"],"campfire_rested":2,"item_purchase_floors":[0,0,0,0,25,25,25],"current_hp_per_floor":[44,67,67,67,67,67,67,58,58,57,35,24,24,22,43,24,70,55,29,14,14,14,35,17,17,17,6,6,8,8],"gold":180,"neow_bonus":"","is_daily":false,"chose_seed":false,"campfire_upgraded":1,"win_rate":0.0,"timestamp":1607722622,"path_taken":["M","?","M","?","M","R","M","E","T","M","M","M","E","M","R","BOSS","M","M","M","?","M","R","E","$","T","M","?","?"],"items_purchased_type":["Card","Card","Card","Card","Card","Card","Relic"],"build_version":"2020-11-30","purchased_purges":0,"victory":false,"max_hp_per_floor":[70,70,70,70,70,70,70,70,70,70,70,70,70,70,70,70,70,70,70,70,70,70,70,70,70,70,70,70,70,70],"relic_stats":{"Blood Vial":4,"counters":[59,282],"Mummified Hand":[51],"Nloth\u0027s Gift":1,"Cursed Key":1,"obtain_stats":[{"Darkstone Periapt":0,"Ice Cream":37,"Torii":19,"Blue Doll":30,"aspiration:PoetsPen_weak":34,"Sizzling Blood":2,"Juzu Bracelet":12,"Incense Burner":41,"Cursed Key":0,"conspire:InfiniteJournal":0,"Blood Vial":25,"SsserpentHead":49,"Lizard Tail":17,"WristBlade":34,"Mummified Hand":8,"Gambling Chip":43,"Replay:Wax Seal":29,"Ring of the Snake":21,"potionbrewer:WarMedal":45,"Golden Idol":13,"ReplayTheSpireMod:CursedCoin":30,"hubris:64BitClover":24,"Blue Candle":17,"Oddly Smooth Stone":31,"Thread and Needle":9,"PreservedInsect":29,"Replay:Ancient Bell":17,"aspiration:SecretTechniqueScroll":17,"Frozen Egg 2":38,"Akabeko":9,"Replay:Arrowhead":43,"Mercury Hourglass":26,"WarpedTongs":21,"Du-Vu Doll":0,"potionbrewer:Torch":7,"Replay:Baseball":3,"Bird Faced Urn":12,"Bronze Scales":31,"Simple Rune":17,"Snack Pack":22,"Nloth\u0027s Gift":21,"Membership Card":37,"potionbrewer:Keyblade":0},{"Darkstone Periapt":0,"Ice Cream":36,"Torii":30,"Blue Doll":12,"aspiration:PoetsPen_weak":13,"Sizzling Blood":22,"Juzu Bracelet":27,"Incense Burner":37,"Cursed Key":0,"conspire:InfiniteJournal":41,"Blood Vial":57,"SsserpentHead":20,"Lizard Tail":8,"WristBlade":34,"Mummified Hand":46,"Gambling Chip":37,"Replay:Wax Seal":32,"Ring of the Snake":55,"potionbrewer:WarMedal":38,"Golden Idol":6,"ReplayTheSpireMod:CursedCoin":12,"hubris:64BitClover":57,"Blue Candle":8,"Oddly Smooth Stone":12,"Thread and Needle":24,"PreservedInsect":32,"Replay:Ancient Bell":8,"aspiration:SecretTechniqueScroll":29,"Frozen Egg 2":16,"Akabeko":4,"Replay:Arrowhead":18,"Mercury Hourglass":10,"WarpedTongs":31,"Du-Vu Doll":0,"potionbrewer:Torch":4,"Replay:Baseball":2,"Bird Faced Urn":6,"Bronze Scales":12,"Simple Rune":8,"Snack Pack":9,"Nloth\u0027s Gift":55,"Membership Card":36,"potionbrewer:Keyblade":21},{"Darkstone Periapt":0,"Ice Cream":184,"Torii":153,"Blue Doll":60,"aspiration:PoetsPen_weak":65,"Sizzling Blood":108,"Juzu Bracelet":134,"Incense Burner":189,"Cursed Key":0,"conspire:InfiniteJournal":212,"Blood Vial":277,"SsserpentHead":91,"Lizard Tail":40,"WristBlade":177,"Mummified Hand":227,"Gambling Chip":189,"Replay:Wax Seal":164,"Ring of the Snake":267,"potionbrewer:WarMedal":194,"Golden Idol":26,"ReplayTheSpireMod:CursedCoin":60,"hubris:64BitClover":277,"Blue Candle":40,"Oddly Smooth Stone":60,"Thread and Needle":117,"PreservedInsect":164,"Replay:Ancient Bell":40,"aspiration:SecretTechniqueScroll":149,"Frozen Egg 2":75,"Akabeko":17,"Replay:Arrowhead":84,"Mercury Hourglass":51,"WarpedTongs":157,"Du-Vu Doll":0,"potionbrewer:Torch":17,"Replay:Baseball":7,"Bird Faced Urn":26,"Bronze Scales":60,"Simple Rune":40,"Snack Pack":46,"Nloth\u0027s Gift":267,"Membership Card":184,"potionbrewer:Keyblade":100}],"Ring of the Snake":[38]},"card_choices":[{"not_picked":["hubris:SlightOfHand","Concentrate"],"picked":"Hidden Blade","floor":1},{"not_picked":["Slice","Quick Slash"],"picked":"Endless Agony","floor":3},{"not_picked":["Blur","Toxin Wave"],"picked":"Blade Dance","floor":5},{"not_picked":["Dagger Spray","Reflex"],"picked":"ReplayTheSpireMod:Speed Training","floor":7},{"not_picked":["PiercingWail","ReplayTheSpireMod:Speed Training"],"picked":"Envenom","floor":8},{"not_picked":["PiercingWail","All Out Attack","Underhanded Strike"],"picked":"SKIP","floor":10},{"not_picked":["Hidden Blade","ReplayTheSpireMod:The Works"],"picked":"Slice","floor":11},{"not_picked":["Hidden Blade","Bane"],"picked":"Caltrops","floor":12},{"not_picked":["conspire:PoisonWeapons","Calculated Gamble"],"picked":"Infinite Blades","floor":13},{"not_picked":["Slice","Poisoned Stab"],"picked":"Deflect","floor":14},{"not_picked":["Replay:Bag of Tricks","Glass Knife"],"picked":"Adrenaline","floor":16},{"not_picked":["Underhanded Strike","ReplayTheSpireMod:Exploit Weakness","Concentrate"],"picked":"SKIP","floor":18},{"not_picked":["Heel Hook","Sucker Punch"],"picked":"Setup+1","floor":19},{"not_picked":["Deadly Poison+1","Backflip","Prepared"],"picked":"SKIP","floor":20},{"not_picked":["Flechettes","Quick Slash"],"picked":"Blade Dance","floor":22},{"not_picked":["Malaise","Slice"],"picked":"hubris:Counter+1","floor":24},{"not_picked":["Footwork","Blade Dance"],"picked":"Well Laid Plans","floor":27}],"player_experience":486885,"relics_obtained":[{"floor":8,"key":"Mummified Hand"},{"floor":9,"key":"Incense Burner"},{"floor":13,"key":"Replay:Arrowhead"},{"floor":24,"key":"hubris:64BitClover"}],"event_choices":[{"damage_healed":23,"gold_gain":0,"player_choice":"Banana","damage_taken":0,"max_hp_gain":0,"max_hp_loss":0,"event_name":"Big Fish","floor":2,"gold_loss":0},{"damage_healed":0,"gold_gain":0,"player_choice":"Take Wound","damage_taken":0,"relics_obtained":["Golden Idol"],"max_hp_gain":0,"max_hp_loss":0,"event_name":"Golden Idol","floor":4,"gold_loss":0,"cards_obtained":["Injury"]},{"damage_healed":0,"gold_gain":0,"player_choice":"Traded Relic","damage_taken":0,"relics_obtained":["Nloth\u0027s Gift"],"max_hp_gain":0,"max_hp_loss":0,"event_name":"N\u0027loth","floor":21,"relics_lost":["Golden Idol"],"gold_loss":0},{"damage_healed":0,"gold_gain":0,"player_choice":"Ignored","damage_taken":0,"max_hp_gain":0,"max_hp_loss":0,"event_name":"betterNote:BetterNote","floor":28,"gold_loss":0,"cards_obtained":["Rip and Tear"]}],"is_beta":false,"boss_relics":[{"not_picked":["Replay:Fungal Core","Replay:Drink Me"],"picked":"Cursed Key"}],"items_purged_floors":[],"is_endless":false,"potions_floor_spawned":[8,10,13,14,19,20,22,24],"killed_by":"Snake Plant","ascension_level":0}}