{"host":"xodzlm10r37577ou","time":1607682422,"event":{"mods":["Act Like it!","BaseMod","Marisa£®ÏF”Í°°ƒß¿Ì…≥£©","Minty Spire (QoL Compilation)","Remilia£®¿Ÿ√◊¿Ú—«£©","Replay The Spire","StSLib","The Servant 0.9.4","Youmu£®ªÍ∆«—˝√Œ£©"],"gold_per_floor":[110,123,48,48,48,75,89,114,114,148,148,48,48,68,68,156,156,172,172,185,185,200,200,214,214,214,228,243,243,243,118,118,118,118],"floor_reached":33,"playtime":2012,"items_purged":["Strike_MRS","Strike_MRS","Defend_MRS"],"score":564,"play_id":"a36ee8ef-5838-4e08-a585-50f99c88283c","local_time":"20201211182702","is_ascension_mode":true,"campfire_choices":[{"data":"StarDustReverie","floor":11.0,"key":"SMITH"},{"data":"OrrerysSun","floor":15,"key":"SMITH"},{"data":"Night Terror","floor":23,"key":"SMITH"},{"data":"UpSweep","floor":25,"key":"SMITH"},{"data":"IllusionStar","floor":29,"key":"SMITH"},{"data":"Neutralize","floor":32,"key":"SMITH"}],"circlet_count":0,"master_deck":["AscendersBane","Defend_MRS","Defend_MRS","UpSweep+1","IllusionStar+1","ShootingEcho+1","StarDustReverie+1","OrrerysSun+1","Neutralize+1","Night Terror+1","ManaConvection"],"relics":["NeowsBlessing","Replay:Towering Pillar of Hats","Du-Vu Doll","Incense Burner","m_TsuchinokoRing","Replay:Drink Me","Bird Faced Urn","Ornamental Fan"],"acts_visited":["Exordium","TheCity"],"potions_floor_usage":[16,27,28,33],"damage_taken":[{"damage":0.0,"enemies":"Small Slimes","floor":1.0,"turns":1.0},{"damage":0.0,"enemies":"Cultist","floor":2.0,"turns":1.0},{"damage":0.0,"enemies":"3 Sentries","floor":6.0,"turns":2.0},{"damage":0.0,"enemies":"Jaw Worm","floor":7.0,"turns":2.0},{"damage":3.0,"enemies":"Replay:BlueRogue","floor":8.0,"turns":3.0},{"damage":17.0,"enemies":"Exordium Thugs","floor":10.0,"turns":4.0},{"damage":0,"enemies":"Large Slime","floor":14,"turns":2},{"damage":20,"enemies":"Fading Forest","floor":16,"turns":13},{"damage":0,"enemies":"Chosen","floor":18,"turns":3},{"damage":7,"enemies":"3 Byrds","floor":20,"turns":4},{"damage":6,"enemies":"Snake Plant","floor":22,"turns":4},{"damage":21,"enemies":"Sentry and Sphere","floor":24,"turns":5},{"damage":7,"enemies":"Cultist and Chosen","floor":27,"turns":4},{"damage":0,"enemies":"Chosen and Byrds","floor":28,"turns":4},{"damage":23,"enemies":"Pondfish","floor":33,"turns":4}],"seed_played":"-9080335106439324652","potions_obtained":[{"floor":1.0,"key":"DistilledChaos"},{"floor":7.0,"key":"EntropicBrew"},{"floor":8.0,"key":"SkillPotion"},{"floor":27,"key":"AttackPotion"},{"floor":28,"key":"Weak Potion"}],"is_trial":false,"path_per_floor":["M","M","$","?","?","E","M","E","T","M","R","$","?","M","R","B",null,"M","?","M","T","M","R","M","R","T","M","M","R","?","$","R","B"],"character_chosen":"MARISA","items_purchased":[],"campfire_rested":0,"item_purchase_floors":[],"current_hp_per_floor":[63,63,63,63,63,63,63,60,60,43,43,43,43,43,43,31,48,48,48,41,41,37,37,18,18,18,13,15,15,15,15,15,0,0],"gold":118,"neow_bonus":"THREE_ENEMY_KILL","is_daily":false,"chose_seed":false,"campfire_upgraded":6,"win_rate":0.0,"timestamp":1607682422,"path_taken":["M","M","$","?","?","E","M","E","T","?","R","?","?","M","R","BOSS","M","?","M","?","M","R","M","R","T","M","?","R","?","$","R","BOSS"],"items_purchased_type":[],"build_version":"2020-11-30","purchased_purges":3,"victory":false,"max_hp_per_floor":[70,70,70,70,70,70,70,70,70,70,70,70,70,70,70,70,53,53,53,53,53,53,53,53,53,53,53,53,53,53,53,53,53,53],"card_choices":[{"not_picked":["StarBarrage","DarkSpark"],"picked":"IllusionStar","floor":1.0},{"not_picked":["PowerUp","DC"],"picked":"ShootingEcho","floor":2.0},{"not_picked":["AsteroidBelt","BlazeAway"],"picked":"StarDustReverie","floor":6.0},{"not_picked":["GrandCross","StarBarrage"],"picked":"WitchOfGreed","floor":7.0},{"not_picked":["SprinkleStarSeal","DC"],"picked":"OrrerysSun","floor":8.0},{"not_picked":["AlicesGift","GrandCross","SporeBomb"],"picked":"SKIP","floor":10.0},{"not_picked":["Flying Knee","DC","SprinkleStarSeal"],"picked":"SKIP","floor":14},{"not_picked":["FinalSpark","TreasureHunter"],"picked":"Night Terror","floor":16},{"not_picked":["UnstableBomb","OrrerysSun","RefractionSpark"],"picked":"SKIP","floor":18},{"not_picked":["LuminesStrike","GasGiant","MilkyWay"],"picked":"SKIP","floor":20},{"not_picked":["GasGiant","MysteriousBeam","GravityBeat"],"picked":"SKIP","floor":22},{"not_picked":["Occultation","GalacticHalo"],"picked":"ManaConvection","floor":24},{"not_picked":["DarkMatter","ManaConvection","WitchOfGreed"],"picked":"SKIP","floor":27},{"not_picked":["EventHorizon","UnstableBomb","CollectingQuirk"],"picked":"SKIP","floor":28}],"player_experience":774550,"relics_obtained":[{"floor":6.0,"key":"Replay:Towering Pillar of Hats"},{"floor":8.0,"key":"Du-Vu Doll"},{"floor":9.0,"key":"Incense Burner"},{"floor":21,"key":"Bird Faced Urn"},{"floor":26,"key":"Ornamental Fan"}],"event_choices":[{"cards_removed":["Defend_MRS"],"damage_healed":0.0,"max_hp_gain":0.0,"max_hp_loss":0.0,"gold_gain":0.0,"event_name":"Living Wall","player_choice":"Forget","floor":4.0,"gold_loss":0.0,"damage_taken":0.0},{"damage_healed":0.0,"max_hp_gain":0.0,"max_hp_loss":0.0,"gold_gain":0.0,"event_name":"Upgrade Shrine","player_choice":"Upgraded","floor":5.0,"gold_loss":0.0,"damage_taken":0.0,"cards_upgraded":["ShootingEcho"]},{"damage_healed":0,"gold_gain":0,"player_choice":"Ignored","damage_taken":0,"max_hp_gain":0,"max_hp_loss":0,"event_name":"Ghosts","floor":19,"gold_loss":0}],"is_beta":false,"boss_relics":[{"not_picked":["ChewingGum","SlaversCollar"],"picked":"Replay:Drink Me"}],"items_purged_floors":[3,12,31],"is_endless":false,"potions_floor_spawned":[1,7,8,16,22,27,28],"killed_by":"Pondfish","ascension_level":20}}