{"host":"fmlos4kykh1e3uqe","time":1607705144,"event":{"mods":["AchievementEnabler","Aspiration","Bard","BaseMod","Beaked The Cultist","Better Altar","Better Match","Better Note","Better Sensory Stone","Better Skull","Better Third Choice","BetterRewards","CCEM","Clawfect","Colored Map","Conspire","GifTheSpireLib","Googly Eyes","Halation","Hermit","Highlight Path","HornydragonMod","Hubris","Hunter ??","Infinite Spire","Jorbs\u0027s Wanderer Trilogy","Mad Scientist","Marisa????????","Mimic Mod","Minty Spire (QoL Compilation)","Permanent Neow","Replay The Spire","Shade Mod","Shop Mod","Spicy Shops","StSLib","Stuff the Spire","The Administrix","The Blackbeard","The Bug Knight","The Construct","The Cursed","The Disciple","The Gatherer","The Hierophant","The IronCluck","The Jungle","The Mystic","The Necromancer","The Problem Sleuth","The Runesmith","The Servant 0.9.4","The Spell Scribe","The Valiant","The Witch","Unceasing Turn Reminder","everything is the same but u backflip on backflip","slay the spire mod where everything is the same but ironclad has a cowboy hat"],"gold_per_floor":[115,115,115,41,61,96,21,54,54,54,81,113,113,130,130,227,227,227,227],"floor_reached":18,"playtime":944,"items_purged":[],"score":201,"play_id":"0d570876-4898-4fac-83bf-eaf006e9eafa","local_time":"20201211114544","is_ascension_mode":false,"campfire_choices":[{"data":"halation:MainDeck","floor":10.0,"key":"SMITH"},{"floor":13,"key":"REST"}],"circlet_count":0,"master_deck":["Gash","Gash","Gash","Gash","Gash","Defend_B","Defend_B","Defend_B","Defend_B","Clawfect:ClawSnap+1","Clawfect:ClawAndGloom","hubris:PowerSurge","Clawfect:ClawForTheEyes","StuffTheSpire:PlasmaPunch","Clawfect:ClawLightning","Auto Shields","Redo","Clawfect:Clawter","Aggregate","Panic Button","hubris:SpecializedCircuitry"],"relics":["Velvet Choker","infinitespire:Beetle Shell","halation:PromiseList","hubris:MysteriousPyramids","Blue Doll","Geode","Inserter"],"acts_visited":["Exordium","TheCity"],"potions_floor_usage":[],"damage_taken":[{"damage":2.0,"enemies":"2 Louse","floor":1.0,"turns":4.0},{"damage":0.0,"enemies":"Cultist","floor":5.0,"turns":3.0},{"damage":20.0,"enemies":"3 Sentries","floor":6.0,"turns":6.0},{"damage":6.0,"enemies":"Gremlin Nob","floor":8.0,"turns":4.0},{"damage":10.0,"enemies":"HollowMod:MossKnight","floor":11.0,"turns":5.0},{"damage":1.0,"enemies":"Small Slimes","floor":12.0,"turns":5.0},{"damage":0,"enemies":"Small Slimes","floor":14,"turns":3},{"damage":16,"enemies":"Fading Forest","floor":16,"turns":11},{"damage":0,"enemies":"Spheric Guardian","floor":18,"turns":2}],"seed_played":"-1377609722475291611","potions_obtained":[{"floor":1.0,"key":"Adrenaline Potion"},{"floor":5.0,"key":"construct:ShiftPotion"},{"floor":11.0,"key":"BlessingOfTheForge"},{"floor":16,"key":"FearPotion"}],"is_trial":false,"path_per_floor":["M","?","$","$","M","E","?","E","T","R","E","MIM","R","M","R_BF","B",null,"M"],"character_chosen":"DEFECT","items_purchased":["Clawfect:ClawAndGloom"],"campfire_rested":1,"item_purchase_floors":[4],"current_hp_per_floor":[73,73,73,73,73,53,53,47,47,47,37,36,58,58,75,59,75,75,75],"gold":227,"neow_bonus":"BOSS_RELIC","is_daily":false,"chose_seed":false,"campfire_upgraded":1,"win_rate":0.0,"timestamp":1607705144,"path_taken":["M","?","?","$","M","E","?","E","T","R","E","?","R","M","R_BF","BOSS","M"],"items_purchased_type":["Card"],"build_version":"2020-11-30","purchased_purges":0,"victory":false,"max_hp_per_floor":[75,75,75,75,75,75,75,75,75,75,75,75,75,75,75,75,75,75,75],"card_choices":[{"not_picked":["hubris:PowerSurge","Clawfect:Clawter"],"picked":"Clawfect:ClawSnap","floor":1.0},{"not_picked":["StuffTheSpire:NuclearReactor","Force Field"],"picked":"hubris:PowerSurge","floor":5.0},{"not_picked":["Tempest","Reinforced Body"],"picked":"Clawfect:ClawForTheEyes","floor":6.0},{"not_picked":["Swift Strike","ReplayTheSpireMod:Trickstab"],"picked":"StuffTheSpire:PlasmaPunch","floor":7.0},{"not_picked":["StuffTheSpire:LoadUp","Coolheaded"],"picked":"Clawfect:ClawLightning","floor":7.0},{"not_picked":["ReplaySort","Glacier"],"picked":"Auto Shields","floor":7.0},{"not_picked":["Coolheaded","Fission"],"picked":"Redo","floor":8.0},{"not_picked":["Steam","Turbo"],"picked":"Clawfect:Clawter","floor":11.0},{"not_picked":["Clawfect:Clawline","ReplayTheSpireMod:Reroute Power"],"picked":"Aggregate","floor":12.0},{"not_picked":["StuffTheSpire:Plugnplay","Clawfect:ClawingBeam"],"picked":"Panic Button","floor":14},{"not_picked":["ReplayTheSpireMod:Omega Cannon","Hyperbeam"],"picked":"hubris:SpecializedCircuitry","floor":16}],"player_experience":193595,"relics_obtained":[{"floor":6.0,"key":"infinitespire:Beetle Shell"},{"floor":8.0,"key":"halation:PromiseList"},{"floor":9.0,"key":"hubris:MysteriousPyramids"},{"floor":11.0,"key":"Blue Doll"},{"floor":12.0,"key":"Geode"}],"event_choices":[{"cards_removed":["Defend_B"],"damage_healed":0.0,"max_hp_gain":0.0,"max_hp_loss":0.0,"gold_gain":0.0,"event_name":"Purifier","player_choice":"Purged","floor":2.0,"gold_loss":0.0,"damage_taken":0.0},{"damage_healed":0.0,"max_hp_gain":0.0,"max_hp_loss":0.0,"gold_gain":0.0,"event_name":"betterMatch:BetterMatch","player_choice":"1","floor":7.0,"gold_loss":0.0,"damage_taken":0.0,"cards_obtained":["betterMatch:ColorlessUncommonCard","betterMatch:CommonCard","betterMatch:UncommonCard"]}],"is_beta":false,"boss_relics":[{"not_picked":["aspiration:BeakedSkillbook","Nuclear Battery"],"picked":"Inserter"}],"items_purged_floors":[],"is_endless":false,"potions_floor_spawned":[1,5,11,16],"killed_by":"Spheric Guardian","ascension_level":0}}