{"host":"xrdu44lqyrrw1kvr","time":1607685658,"event":{"mods":["Aspiration","BaseMod","Colored Powertips","Conspire","Jedi Mod","Minty Spire (QoL Compilation)","Potionbrewer","Relic Stats","Replay The Spire","Small Relic Pack","StSLib","The Hayseed","TheBandit"],"gold_per_floor":[111,111,130,2,19,19,19,44,44,72,72,83,83,112,112,216,216,236,254,254,3,23,49,49,81,81,108,108,108,108,33,59,74,74,173,173,192,228,228,238,81,81,109,109,132,7,32,32,57,57,57,57,57,57,7,36,36],"floor_reached":58,"playtime":5023,"items_purged":["TheSimpletonMod:Strike_TheSimpleton","TheSimpletonMod:Strike_TheSimpleton","TheSimpletonMod:Defend_TheSimpleton"],"score":1521,"play_id":"d1d65f27-a61e-406d-b681-040a85278441","local_time":"20201211142058","is_ascension_mode":true,"campfire_choices":[{"data":"TheSimpletonMod:Haymaker","floor":6.0,"key":"SMITH"},{"data":"TheSimpletonMod:ReapAndSow","floor":15.0,"key":"SMITH"},{"floor":30.0,"key":"RECALL"},{"data":"TheSimpletonMod:SoilSample","floor":34.0,"key":"SMITH"},{"data":"TheSimpletonMod:SoilSample","floor":42,"key":"SMITH"},{"data":"TheSimpletonMod:GoToMarket","floor":51,"key":"SMITH"},{"data":"TheSimpletonMod:Ferment","floor":54,"key":"SMITH"}],"circlet_count":0,"master_deck":["TheSimpletonMod:Defend_TheSimpleton+1","TheSimpletonMod:Defend_TheSimpleton+1","TheSimpletonMod:Defend_TheSimpleton+1","TheSimpletonMod:Haymaker+1","TheSimpletonMod:ReapAndSow+1","TheSimpletonMod:Potatoes","TheSimpletonMod:GoToMarket+1","TheSimpletonMod:Ferment+1","TheSimpletonMod:Rototilling","TheSimpletonMod:RootDown","TheSimpletonMod:Artichokes","TheSimpletonMod:SoilSample+1","TheSimpletonMod:SoilSample+1","TheSimpletonMod:Spinach+1","TheSimpletonMod:Fertilaser","TheSimpletonMod:StockTheCellar+1","TheSimpletonMod:Haymaker+1","TheSimpletonMod:BumperCrop+1","TheSimpletonMod:Sunseed","TheSimpletonMod:Sunseed","TheSimpletonMod:Photosynthesis","Shrug It Off+1","Intimidate+1"],"relics":["TheSimpletonMod:SpudOfTheInnocent","TheSimpletonMod:NightSoil","TheSimpletonMod:TheHarvester","Ice Cream","Blue Candle","Juzu Bracelet","aspiration:FetidBarrel","jedi:Pinwheel","Toy Ornithopter","jedi:purplefairy","potionbrewer:BhaskarasWheel","DollysMirror","Kunai","Dream Catcher","Peace Pipe","relicPack:DarknessArmor","aspiration:IroncladSkillbook","Thread and Needle","Anchor","aspiration:ChemicalBlood","Blue Doll","potionbrewer:Torch","TheSimpletonMod:SpudOfTheMartyr","jedi:heavyjacket"],"acts_visited":["Exordium","TheCity","TheBeyond","TheEnding"],"potions_floor_usage":[43,49,52,52,52,52,57,57,57,57],"damage_taken":[{"damage":3.0,"enemies":"Small Slimes","floor":1.0,"turns":3.0},{"damage":0.0,"enemies":"Cultist","floor":3.0,"turns":4.0},{"damage":1.0,"enemies":"conspire:RoseBush","floor":5.0,"turns":3.0},{"damage":0.0,"enemies":"Lagavulin","floor":8.0,"turns":5.0},{"damage":8.0,"enemies":"Gremlin Nob","floor":10.0,"turns":3.0},{"damage":7.0,"enemies":"Blue Slaver","floor":12.0,"turns":3.0},{"damage":0.0,"enemies":"Replay:BlueRogue","floor":14.0,"turns":5.0},{"damage":0.0,"enemies":"Slime Boss","floor":16.0,"turns":5.0},{"damage":0.0,"enemies":"Spheric Guardian","floor":18.0,"turns":3.0},{"damage":2.0,"enemies":"Chosen","floor":19.0,"turns":3.0},{"damage":20.0,"enemies":"3 Cultists","floor":22.0,"turns":5.0},{"damage":0.0,"enemies":"Gremlin Leader","floor":23.0,"turns":3.0},{"damage":12.0,"enemies":"Book of Stabbing","floor":25.0,"turns":4.0},{"damage":17.0,"enemies":"Gremlin Leader","floor":27.0,"turns":3.0},{"damage":16.0,"enemies":"Slavers","floor":32.0,"turns":4.0},{"damage":2.0,"enemies":"Centurion and Healer","floor":33.0,"turns":3.0},{"damage":0,"enemies":"Automaton","floor":35,"turns":6},{"damage":10,"enemies":"3 Shapes","floor":37,"turns":3},{"damage":37,"enemies":"conspire:MimicChest","floor":38,"turns":7},{"damage":0,"enemies":"Orb Walker","floor":40,"turns":3},{"damage":26,"enemies":"Reptomancer","floor":43,"turns":7},{"damage":0,"enemies":"Giant Head","floor":47,"turns":6},{"damage":23,"enemies":"Nemesis","floor":49,"turns":7},{"damage":74,"enemies":"Time Eater","floor":52,"turns":11},{"damage":16,"enemies":"Shield and Spear","floor":56,"turns":7},{"damage":24,"enemies":"The Heart","floor":57,"turns":8}],"seed_played":"-8734052240994710026","potions_obtained":[{"floor":2.0,"key":"PowerPotion"},{"floor":2.0,"key":"Dexterity Potion"},{"floor":2.0,"key":"Death Potion"},{"floor":5.0,"key":"PowerPotion"},{"floor":10.0,"key":"Swift Potion"},{"floor":12.0,"key":"Block Potion"},{"floor":14.0,"key":"Weak Potion"},{"floor":16.0,"key":"potionbrewer:BlacksmithPotion"},{"floor":19.0,"key":"Swift Potion"},{"floor":23.0,"key":"Venom Potion"},{"floor":27.0,"key":"TheSimpletonMod:AbundancePotion"},{"floor":33.0,"key":"Strength Potion"},{"floor":35,"key":"Elixir"},{"floor":43,"key":"Doom Potion"},{"floor":49,"key":"ColorlessPotion"},{"floor":52,"key":"Energy Potion"},{"floor":52,"key":"potionbrewer:CleansingPotion"},{"floor":56,"key":"Weak Potion"}],"is_trial":false,"path_per_floor":["M","?","M","$","M","R","?","E","T","E","T","M","?","E","R","B",null,"M","M","?","$","M","E","?","E","T","E","PTL","PTL","R","?","E","M","R","B",null,"M","?","?","M","$","R","E","$","T","$","E","?","E","?","R","B",null,"R","$","E","B",null],"character_chosen":"THE_SIMPLETON","items_purchased":["TheSimpletonMod:Ferment","DollysMirror","Anchor","PowerPotion"],"campfire_rested":0,"item_purchase_floors":[4,21,41,55],"current_hp_per_floor":[55,55,59,59,62,62,29,35,35,33,33,32,17,28,75,75,75,75,75,61,61,53,70,60,65,65,65,65,65,65,65,61,71,76,80,80,80,59,59,75,75,80,64,64,64,64,80,76,74,74,76,27,76,76,76,73,76],"gold":36,"neow_bonus":"ONE_RARE_RELIC","is_daily":false,"chose_seed":false,"campfire_upgraded":6,"win_rate":0.0,"timestamp":1607685658,"path_taken":["M","?","M","$","?","R","?","E","T","E","?","M","?","E","R","BOSS","M","M","?","$","M","E","?","E","T","E","PTL","PTL","R","?","E","M","R","BOSS","M","?","?","M","$","R","E","$","T","?","E","?","E","?","R","BOSS","R","$","E","BOSS"],"items_purchased_type":["Card","Relic","Relic","Potion"],"build_version":"2020-11-30","purchased_purges":3,"victory":true,"max_hp_per_floor":[75,75,75,75,75,75,75,75,75,75,75,75,75,75,75,75,75,75,75,80,80,80,80,80,80,80,80,80,80,80,80,80,80,80,80,80,80,80,80,80,80,80,80,80,80,80,80,76,76,76,76,76,76,76,76,76,76],"relic_stats":{"Peace Pipe":1,"Dream Catcher":0,"counters":[26,124],"Blue Candle":[0],"Juzu Bracelet":2,"Kunai":[50],"obtain_stats":[{"Ice Cream":0,"aspiration:FetidBarrel":9,"TheSimpletonMod:SpudOfTheMartyr":49,"Blue Candle":7,"jedi:purplefairy":14,"Thread and Needle":38,"Blue Doll":45,"Juzu Bracelet":8,"potionbrewer:BhaskarasWheel":17,"relicPack:DarknessArmor":32,"jedi:Pinwheel":10,"aspiration:IroncladSkillbook":36,"TheSimpletonMod:TheHarvester":0,"Peace Pipe":27,"potionbrewer:Torch":47,"jedi:heavyjacket":56,"Dream Catcher":25,"Anchor":41,"DollysMirror":21,"TheSimpletonMod:SpudOfTheInnocent":0,"Kunai":23,"TheSimpletonMod:NightSoil":0,"Toy Ornithopter":11,"aspiration:ChemicalBlood":43},{"Ice Cream":0,"aspiration:FetidBarrel":4,"TheSimpletonMod:SpudOfTheMartyr":23,"Blue Candle":3,"jedi:purplefairy":7,"Thread and Needle":19,"Blue Doll":21,"Juzu Bracelet":4,"potionbrewer:BhaskarasWheel":8,"relicPack:DarknessArmor":15,"jedi:Pinwheel":5,"aspiration:IroncladSkillbook":17,"TheSimpletonMod:TheHarvester":0,"Peace Pipe":14,"potionbrewer:Torch":22,"jedi:heavyjacket":25,"Dream Catcher":13,"Anchor":20,"DollysMirror":10,"TheSimpletonMod:SpudOfTheInnocent":0,"Kunai":12,"TheSimpletonMod:NightSoil":0,"Toy Ornithopter":5,"aspiration:ChemicalBlood":21},{"Ice Cream":0,"aspiration:FetidBarrel":15,"TheSimpletonMod:SpudOfTheMartyr":98,"Blue Candle":10,"jedi:purplefairy":26,"Thread and Needle":75,"Blue Doll":85,"Juzu Bracelet":15,"potionbrewer:BhaskarasWheel":31,"relicPack:DarknessArmor":56,"jedi:Pinwheel":18,"aspiration:IroncladSkillbook":65,"TheSimpletonMod:TheHarvester":0,"Peace Pipe":52,"potionbrewer:Torch":91,"jedi:heavyjacket":116,"Dream Catcher":49,"Anchor":78,"DollysMirror":37,"TheSimpletonMod:SpudOfTheInnocent":0,"Kunai":45,"TheSimpletonMod:NightSoil":0,"Toy Ornithopter":18,"aspiration:ChemicalBlood":85}],"Toy Ornithopter":58},"card_choices":[{"not_picked":["TheSimpletonMod:SeedCoat","TheSimpletonMod:DoubleBarrel"],"picked":"TheSimpletonMod:Potatoes","floor":1.0},{"not_picked":["TheSimpletonMod:DoubleBarrel","TheSimpletonMod:SeedCoat"],"picked":"TheSimpletonMod:GoToMarket","floor":3.0},{"not_picked":["TheSimpletonMod:SlashAndBurn","TheSimpletonMod:CullingStrike"],"picked":"TheSimpletonMod:Rototilling","floor":5.0},{"not_picked":["TheSimpletonMod:CropRotation","TheSimpletonMod:Innovate"],"picked":"TheSimpletonMod:RootDown","floor":8.0},{"not_picked":["TheSimpletonMod:Rake","TheSimpletonMod:Sunchoke"],"picked":"TheSimpletonMod:Artichokes","floor":10.0},{"not_picked":["TheSimpletonMod:BumperCrop","TheSimpletonMod:Innovate"],"picked":"TheSimpletonMod:SoilSample","floor":12.0},{"not_picked":["TheSimpletonMod:Aerate","TheSimpletonMod:SeedCoat"],"picked":"TheSimpletonMod:SoilSample","floor":14.0},{"not_picked":["TheSimpletonMod:VolatileFumes","TheSimpletonMod:BuzzBomb"],"picked":"TheSimpletonMod:Spinach","floor":16.0},{"not_picked":["TheSimpletonMod:Rake","TheSimpletonMod:SeedCoat+1"],"picked":"TheSimpletonMod:Fertilaser","floor":18.0},{"not_picked":["TheSimpletonMod:Swelter","TheSimpletonMod:DoubleBarrel"],"picked":"TheSimpletonMod:StockTheCellar+1","floor":19.0},{"not_picked":["TheSimpletonMod:SoilSample","TheSimpletonMod:Sunchoke"],"picked":"TheSimpletonMod:BumperCrop+1","floor":22.0},{"not_picked":["TheSimpletonMod:BumperCrop+1","TheSimpletonMod:GoToMarket"],"picked":"TheSimpletonMod:Sunseed","floor":23.0},{"not_picked":["TheSimpletonMod:CullingStrike+1","TheSimpletonMod:Mulch","TheSimpletonMod:SpiceUp"],"picked":"SKIP","floor":25.0},{"not_picked":["TheSimpletonMod:Thresh","TheSimpletonMod:DesperatePlunge"],"picked":"TheSimpletonMod:Sunseed","floor":27.0},{"not_picked":["TheSimpletonMod:Thresh","TheSimpletonMod:CropRotation","TheSimpletonMod:Aerate"],"picked":"SKIP","floor":32.0},{"not_picked":["TheSimpletonMod:CullingStrike+1","TheSimpletonMod:Innovate","TheSimpletonMod:CloseScrape"],"picked":"SKIP","floor":33.0},{"not_picked":["TheSimpletonMod:DesperatePlunge","TheSimpletonMod:SaltTheEarth"],"picked":"TheSimpletonMod:Photosynthesis","floor":35},{"not_picked":["Evolve+1","Thunderclap+1","True Grit","jedi:fear"],"picked":"SKIP","floor":37},{"not_picked":["Infernal Blade","Anger+1","Bloodletting","ReplayTheSpireMod:Muscle Training+1"],"picked":"SKIP","floor":40},{"not_picked":["Heavy Blade","Sword Boomerang","Clash"],"picked":"Shrug It Off+1","floor":43},{"not_picked":["Headbutt+1","Cleave+1","TheSimpletonMod:CropRotation+1","Life Link"],"picked":"SKIP","floor":47},{"not_picked":["TheSimpletonMod:SeedCoat","ReplayTheSpireMod:Limb From Limb+1","conspire:ExplosiveBarrier","Anger+1"],"picked":"SKIP","floor":49},{"not_picked":["TheSimpletonMod:DoubleBarrel","Dropkick+1","ReplayTheSpireMod:Limb From Limb+1"],"picked":"Intimidate+1","floor":56}],"player_experience":2045375,"relics_obtained":[{"floor":8.0,"key":"Juzu Bracelet"},{"floor":9.0,"key":"aspiration:FetidBarrel"},{"floor":10.0,"key":"jedi:Pinwheel"},{"floor":11.0,"key":"Toy Ornithopter"},{"floor":14.0,"key":"jedi:purplefairy"},{"floor":23.0,"key":"Kunai"},{"floor":25.0,"key":"Dream Catcher"},{"floor":27.0,"key":"Peace Pipe"},{"floor":32.0,"key":"relicPack:DarknessArmor"},{"floor":38,"key":"Thread and Needle"},{"floor":43,"key":"aspiration:ChemicalBlood"},{"floor":45,"key":"Blue Doll"},{"floor":47,"key":"potionbrewer:Torch"},{"floor":49,"key":"TheSimpletonMod:SpudOfTheMartyr"},{"floor":56,"key":"jedi:heavyjacket"}],"event_choices":[{"damage_healed":0.0,"max_hp_gain":0.0,"max_hp_loss":0.0,"gold_gain":0.0,"event_name":"Lab","player_choice":"Got Potions","floor":2.0,"gold_loss":0.0,"damage_taken":0.0},{"damage_healed":0.0,"max_hp_gain":0.0,"max_hp_loss":0.0,"gold_gain":0.0,"event_name":"Scrap Ooze","player_choice":"Success","floor":7.0,"gold_loss":0.0,"damage_taken":33.0,"relics_obtained":["Blue Candle"]},{"damage_healed":0.0,"max_hp_gain":0.0,"max_hp_loss":0.0,"gold_gain":0.0,"event_name":"Shining Light","player_choice":"Entered Light","floor":13.0,"gold_loss":0.0,"damage_taken":15.0,"cards_upgraded":["TheSimpletonMod:Defend_TheSimpleton","TheSimpletonMod:Strike_TheSimpleton"]},{"damage_healed":0.0,"max_hp_gain":5.0,"max_hp_loss":0.0,"gold_gain":0.0,"event_name":"Forgotten Altar","player_choice":"Shed Blood","floor":20.0,"gold_loss":0.0,"damage_taken":19.0},{"cards_removed":["TheSimpletonMod:Strike_TheSimpleton"],"damage_healed":0.0,"max_hp_gain":0.0,"max_hp_loss":0.0,"gold_gain":0.0,"event_name":"Beggar","player_choice":"Gave Gold","floor":31.0,"gold_loss":75.0,"damage_taken":0.0},{"cards_removed":["TheSimpletonMod:Strike_TheSimpleton"],"damage_healed":0,"gold_gain":0,"player_choice":"Removed Attack","damage_taken":0,"max_hp_gain":0,"max_hp_loss":0,"event_name":"Falling","floor":39,"gold_loss":0},{"damage_healed":0,"gold_gain":0,"player_choice":"Max HP","damage_taken":0,"max_hp_gain":0,"max_hp_loss":4,"event_name":"Winding Halls","floor":48,"gold_loss":0},{"damage_healed":0,"gold_gain":0,"player_choice":"Leave","damage_taken":0,"max_hp_gain":0,"max_hp_loss":0,"event_name":"conspire:Investor","floor":50,"gold_loss":0}],"is_beta":false,"boss_relics":[{"not_picked":["aspiration:FutureDiary","Replay:Wanted Poster"],"picked":"potionbrewer:BhaskarasWheel"},{"not_picked":["ChewingGum","conspire:SeveredTorchhead"],"picked":"aspiration:IroncladSkillbook"}],"items_purged_floors":[4,21,46],"is_endless":false,"potions_floor_spawned":[5,10,12,14,16,19,23,27,33,35,37,43,56],"ascension_level":1}}