{"host":"ycxbpx36bkn2bmiz","time":1607670202,"event":{"mods":["Astrologer","Bard","BaseMod","Colored Powertips","Hermit","Minty Spire (QoL Compilation)","Robot Space Explorer","StSLib","The Cursed","The Dragon Tamer","The Servant 0.9.4"],"gold_per_floor":[116,116,131,145,163,163,176,195,195,213,230,242,258,268,268,369,369,380,394,412,276,292,292,292,292],"floor_reached":23,"playtime":2486,"items_purged":[],"score":245,"play_id":"34997a2b-6d41-46bd-99b0-cf496ebddcc9","local_time":"20201211010322","is_ascension_mode":false,"metric_token":723,"campfire_choices":[{"data":"DTMod:BurningForce","floor":6,"key":"SMITH"},{"data":"DTMod:Training","floor":15,"key":"SMITH"}],"dtmod_dragon_data":[0,50,1,-1,12,0],"circlet_count":0,"master_deck":["DTMod:Strike","DTMod:Strike","DTMod:Strike","DTMod:Strike","DTMod:DoubleHit","DTMod:TargetDefense","DTMod:TargetDefense","DTMod:TargetDefense","DTMod:TargetDefense","DTMod:SwitchingTactic","DTMod:HeatWave","DTMod:LastStand","DTMod:BurningEnergy","DTMod:BurningForce+1","DTMod:ForkedFire","DTMod:PurifyingFlame","DTMod:Training+1","DTMod:SneakAttack","DTMod:ComboAttack","DTMod:RecklessFlurry","DTMod:BizarreTactic","DTMod:ShadowImage","CurseOfTheBell","DTMod:Threaten","DTMod:MagicField","DTMod:Observe","DTMod:SealedStrike","DTMod:MagicField"],"relics":["DTMod:PactStone","NeowsBlessing","HornCleat","Calling Bell","DTMod:BasicTextbook","Matryoshka","DTMod:SolidMemories"],"acts_visited":["Exordium","TheCity"],"potions_floor_usage":[18,19,22],"damage_taken":[{"damage":0,"enemies":"Small Slimes","floor":1,"turns":1},{"damage":0,"enemies":"Cultist","floor":3,"turns":1},{"damage":0,"enemies":"2 Louse","floor":4,"turns":1},{"damage":0,"enemies":"Large Slime","floor":5,"turns":7},{"damage":0,"enemies":"Exordium Wildlife","floor":7,"turns":3},{"damage":0,"enemies":"Exordium Thugs","floor":8,"turns":3},{"damage":0,"enemies":"2 Fungi Beasts","floor":10,"turns":3},{"damage":0,"enemies":"Lots of Slimes","floor":11,"turns":4},{"damage":0,"enemies":"Looter","floor":12,"turns":3},{"damage":0,"enemies":"3 Louse","floor":13,"turns":2},{"damage":1,"enemies":"Exordium Wildlife","floor":14,"turns":5},{"damage":0,"enemies":"Slime Boss","floor":16,"turns":7},{"damage":0,"enemies":"Shell Parasite","floor":18,"turns":2},{"damage":2,"enemies":"2 Thieves","floor":19,"turns":2},{"damage":17,"enemies":"Snecko","floor":20,"turns":6},{"damage":0,"enemies":"Centurion and Healer","floor":22,"turns":7},{"damage":9,"enemies":"Book of Stabbing","floor":23,"turns":5}],"seed_played":"7835735633198919328","potions_obtained":[{"floor":3,"key":"Ancient Potion"},{"floor":8,"key":"Block Potion"},{"floor":11,"key":"Strength Potion"},{"floor":13,"key":"BlessingOfTheForge"},{"floor":14,"key":"EssenceOfSteel"},{"floor":16,"key":"Swift Potion"},{"floor":18,"key":"DuplicationPotion"},{"floor":19,"key":"Ancient Potion"},{"floor":22,"key":"Dexterity Potion"}],"is_trial":false,"path_per_floor":["M","?","M","M","M","R","M","M","T","M","M","M","M","M","R","B",null,"M","M","M","$","M","E"],"character_chosen":"THE_DT","items_purchased":["DTMod:SealedStrike"],"campfire_rested":0,"item_purchase_floors":[21],"current_hp_per_floor":[45,45,45,45,45,45,45,45,45,45,45,45,45,44,44,44,45,45,43,26,26,26,17,17,17],"gold":292,"neow_bonus":"THREE_ENEMY_KILL","is_daily":false,"chose_seed":false,"campfire_upgraded":2,"win_rate":0.0,"timestamp":1607670202,"path_taken":["M","?","M","?","M","R","M","M","T","M","M","M","M","M","R","BOSS","M","M","M","$","M","E"],"items_purchased_type":["Card"],"build_version":"2020-11-30","purchased_purges":0,"victory":false,"max_hp_per_floor":[45,45,45,45,45,45,45,45,45,45,45,45,45,45,45,45,45,45,45,45,45,45,45,45,45],"card_choices":[{"not_picked":["DTMod:Weaken","DTMod:TagTeam"],"picked":"DTMod:HeatWave","floor":1},{"not_picked":["DTMod:Weaken","DTMod:BurningEnergy"],"picked":"DTMod:LastStand","floor":3},{"not_picked":["DTMod:BurningForce","DTMod:Safeguard"],"picked":"DTMod:BurningEnergy","floor":4},{"not_picked":["DTMod:Haste","DTMod:BuildUp"],"picked":"DTMod:BurningForce","floor":5},{"not_picked":["DTMod:InvisibleFlame","DTMod:CleansingStrike"],"picked":"DTMod:ForkedFire","floor":7},{"not_picked":["DTMod:BurningForce","DTMod:Astonish"],"picked":"DTMod:PurifyingFlame","floor":8},{"not_picked":["DTMod:Weaken","DTMod:PurifyingFlame"],"picked":"DTMod:Training","floor":10},{"not_picked":["DTMod:PurifyingFlame","DTMod:Threaten"],"picked":"DTMod:SneakAttack","floor":11},{"not_picked":["DTMod:Cover","DTMod:RunningTactic"],"picked":"DTMod:ComboAttack","floor":12},{"not_picked":["DTMod:HeatWave","DTMod:Weaken"],"picked":"DTMod:RecklessFlurry","floor":13},{"not_picked":["DTMod:TriAttack","DTMod:Overwhelm"],"picked":"DTMod:BizarreTactic","floor":14},{"not_picked":["DTMod:FierySynthesis","DTMod:Safeguard"],"picked":"DTMod:ShadowImage","floor":16},{"not_picked":["DTMod:QuickFly","DTMod:Punisher"],"picked":"DTMod:Threaten","floor":18},{"not_picked":["DTMod:BreakAttack","DTMod:BalancedStrike"],"picked":"DTMod:MagicField","floor":19},{"not_picked":["DTMod:Cover+1","DTMod:FlameSlash"],"picked":"DTMod:Observe","floor":20},{"not_picked":["DTMod:BizarreTactic+1","DTMod:DeepFocus"],"picked":"DTMod:MagicField","floor":22}],"player_experience":252670,"relics_obtained":[{"floor":9,"key":"HornCleat"},{"floor":17,"key":"DTMod:BasicTextbook"},{"floor":17,"key":"Matryoshka"},{"floor":17,"key":"DTMod:SolidMemories"}],"event_choices":[{"damage_healed":0,"gold_gain":0,"player_choice":"Ignored","damage_taken":0,"max_hp_gain":0,"max_hp_loss":0,"event_name":"NoteForYourself","floor":2,"gold_loss":0}],"is_beta":false,"boss_relics":[{"not_picked":["Snecko Eye","Runic Dome"],"picked":"Calling Bell"}],"items_purged_floors":[],"is_endless":false,"potions_floor_spawned":[3,8,11,13,14,16,18,19,22],"killed_by":"Book of Stabbing","ascension_level":0}}