{"host":"j36qkj20jqndbw01","time":1607691061,"event":{"mods":["AchievementEnabler","BaseMod","Colored Map","DeckTracker","Highlight Path","Keyboard Shortcuts","Minty Spire (QoL Compilation)","Quick Restart","Relic Stats","StSLib","SuperFastMode","everything is the same but u backflip on backflip"],"gold_per_floor":[110,124,124,141,156,156,183,202,227,258,258,258,258],"floor_reached":12,"playtime":387,"items_purged":[],"score":171,"play_id":"f51efe63-9651-4ef5-b84c-24e319488297","local_time":"20201211215101","is_ascension_mode":true,"campfire_choices":[{"data":"Zap","floor":6,"key":"SMITH"}],"circlet_count":0,"master_deck":["AscendersBane","Strike_B","Strike_B","Strike_B","Strike_B","Defend_B","Defend_B","Defend_B","Defend_B","Zap+1","Dualcast","Go for the Eyes","Cold Snap","Cold Snap","Beam Cell","Coolheaded","Conserve Battery","Blizzard+1"],"relics":["Cracked Core","Lantern","Dream Catcher","Smiling Mask"],"acts_visited":["Exordium"],"potions_floor_usage":[10],"damage_taken":[{"damage":4,"enemies":"Small Slimes","floor":1,"turns":3},{"damage":9,"enemies":"Jaw Worm","floor":2,"turns":5},{"damage":0,"enemies":"Cultist","floor":4,"turns":4},{"damage":8,"enemies":"3 Louse","floor":5,"turns":4},{"damage":29,"enemies":"Lagavulin","floor":7,"turns":11},{"damage":2,"enemies":"2 Fungi Beasts","floor":8,"turns":2},{"damage":5,"enemies":"3 Sentries","floor":10,"turns":9},{"damage":25,"enemies":"Gremlin Nob","floor":12,"turns":3}],"seed_played":"-2807393236068442659","potions_obtained":[{"floor":5,"key":"DistilledChaos"},{"floor":7,"key":"ColorlessPotion"}],"is_trial":false,"path_per_floor":["M","M","?","M","M","R","E","M","T","E","?","E"],"character_chosen":"DEFECT","items_purchased":[],"campfire_rested":0,"item_purchase_floors":[],"current_hp_per_floor":[67,58,58,58,50,50,21,19,19,14,14,0,0],"gold":258,"neow_bonus":"TEN_PERCENT_HP_BONUS","is_daily":false,"chose_seed":false,"campfire_upgraded":1,"win_rate":0.0,"timestamp":1607691061,"path_taken":["M","M","?","M","M","R","E","M","T","E","?","E"],"items_purchased_type":[],"build_version":"2020-11-30","purchased_purges":0,"victory":false,"max_hp_per_floor":[78,78,78,78,78,78,78,78,78,78,78,78,78],"relic_stats":{"Dream Catcher":0,"counters":[8,41],"Smiling Mask":0,"obtain_stats":[{"Lantern":7,"Dream Catcher":9,"Cracked Core":0,"Smiling Mask":10},{"Lantern":5,"Dream Catcher":6,"Cracked Core":0,"Smiling Mask":7},{"Lantern":27,"Dream Catcher":29,"Cracked Core":0,"Smiling Mask":38}]},"card_choices":[{"not_picked":["Compile Driver","Conserve Battery"],"picked":"Go for the Eyes","floor":1},{"not_picked":["Compile Driver","Seek"],"picked":"Cold Snap","floor":2},{"not_picked":["FTL","Chaos"],"picked":"Cold Snap","floor":4},{"not_picked":["Chill","Cold Snap"],"picked":"Beam Cell","floor":5},{"not_picked":["Double Energy","Hello World"],"picked":"Coolheaded","floor":7},{"not_picked":["Redo","Streamline"],"picked":"Conserve Battery","floor":8},{"not_picked":["Coolheaded","Conserve Battery"],"picked":"Blizzard","floor":10}],"player_experience":1731035,"relics_obtained":[{"floor":7,"key":"Lantern"},{"floor":9,"key":"Dream Catcher"},{"floor":10,"key":"Smiling Mask"}],"event_choices":[{"damage_healed":0,"gold_gain":0,"player_choice":"Ignored","damage_taken":0,"max_hp_gain":0,"max_hp_loss":0,"event_name":"Liars Game","floor":3,"gold_loss":0},{"damage_healed":0,"gold_gain":0,"player_choice":"Grow","damage_taken":0,"max_hp_gain":0,"max_hp_loss":0,"event_name":"Living Wall","floor":11,"gold_loss":0,"cards_upgraded":["Blizzard"]}],"is_beta":false,"boss_relics":[],"items_purged_floors":[],"is_endless":false,"potions_floor_spawned":[5,7],"killed_by":"Gremlin Nob","ascension_level":18}}