{"host":"jxajaf4sdikd2b60","time":1607672221,"event":{"mods":["AchievementEnabler","BaseMod","Better Match","Better Note","Better Skull","Better Third Choice","BetterRewards","Colored Powertips","Custom Start","Infinite Spire","Minty Spire (QoL Compilation)","Quick Restart","Random Character Button","Spicy Shops","StSLib"],"gold_per_floor":[119,136,136,236,256,256,285,305,305,305,57,69,69,83,83,188,188,203,253,110,110,130,23,41,41,65,65,96,96,96,109,109,209,259,273,320,368,368,368,368,368,368,394,394,405,7,18,36,36,132,132,137,137,137,137,149,149,149,169,249,235,235,236,235,235,235,304,304,303,218,218,209,209,201,201,201,226,234,241,241,218,206,206,282,282,281,302,302,304,229,217,217,217,217,219,195,191,191,112,112,198,198,197,197,197,197,197,197,197,197,197,211,211,211,211,205,205,304,304,304,331,332,431,416,415,415,389,465,465,450,378,378,373,373,440,440,435,435,482,482,484,484,483,455,455,459,459,257,250,250,250,377,377,377,377,376,365,365],"floor_reached":157,"playtime":7661,"items_purged":["Strike_B","Defend_B","FTL","Steam+1"],"score":3496,"play_id":"64ee02d0-5dd9-41f7-8f0a-0fca93f8f16c","local_time":"20201211023701","is_ascension_mode":false,"campfire_choices":[{"data":"Zap","floor":6.0,"key":"SMITH"},{"floor":15.0,"key":"REST"},{"data":"Fission","floor":30.0,"key":"SMITH"},{"data":"Blizzard","floor":32.0,"key":"SMITH"},{"floor":40.0,"key":"REST"},{"floor":42.0,"key":"REST"},{"data":"Dualcast","floor":49.0,"key":"SMITH"},{"data":"Glacier","floor":57.0,"key":"SMITH"},{"data":"Chaos","floor":62.0,"key":"SMITH"},{"data":"Capacitor","floor":66.0,"key":"SMITH"},{"data":"Consume","floor":75.0,"key":"SMITH"},{"data":"Chaos","floor":80.0,"key":"SMITH"},{"data":"Glacier","floor":83.0,"key":"SMITH"},{"data":"Consume","floor":92.0,"key":"SMITH"},{"data":"Creative AI","floor":93.0,"key":"SMITH"},{"data":"Loop","floor":100.0,"key":"SMITH"},{"data":"Cold Snap","floor":108.0,"key":"SMITH"},{"data":"Coolheaded","floor":113.0,"key":"SMITH"},{"floor":117.0,"key":"REST"},{"floor":126.0,"key":"RECALL"},{"floor":129.0,"key":"DIG"},{"floor":134,"key":"DIG"},{"floor":142,"key":"DIG"},{"floor":147,"key":"DIG"},{"floor":151,"key":"DIG"},{"floor":154,"key":"DIG"}],"circlet_count":1,"master_deck":["Zap+1","Dualcast+1","Capacitor+1","Coolheaded+1","Loop+1","Glacier+1","Cold Snap+1","Glacier+1","Creative AI+1","Loop+1","Fusion+1","Cold Snap+1","Blizzard+1","Zap+1","White Noise+1","Fission+1","Fission+1","Chaos+1","Chaos+1","Consume+1","Chaos+1","Creative AI+1","Consume+1","Defragment+1","Amplify+1"],"relics":["PureWater","Runic Capacitor","Lizard Tail","PreservedInsect","Mummified Hand","Red Mask","Nunchaku","infinitespire:CheckeredPen","infinitespire:Cubic Diamond","DollysMirror","Astrolabe","Bronze Scales","Juzu Bracelet","Bird Faced Urn","Tiny House","Turnip","Vajra","Frozen Egg 2","Dream Catcher","Membership Card","infinitespire:ShieldingShard","Bottled Tornado","Sozu","Golden Idol","DataDisk","Sundial","Bottled Flame","Omamori","Ginger","Cauldron","CeramicFish","WingedGreaves","Circlet","Inserter","Calipers","infinitespire:Golems Mask","Anchor","Lantern","infinitespire:EmpoweringShard","infinitespire:Freezer","Tiny Chest","Calling Bell","Ancient Tea Set","infinitespire:BottledMercury","Mango","Emotion Chip","infinitespire:Bottled Soul","TungstenRod","Black Star","Toy Ornithopter","Centennial Puzzle","Blood Vial","Shovel","Darkstone Periapt","Pear","HandDrill","Smiling Mask","SlaversCollar","Strawberry","Letter Opener","MealTicket","CaptainsWheel","infinitespire:SolderingIron","Akabeko","Potion Belt","infinitespire:Beetle Shell","HornCleat","Oddly Smooth Stone","Singing Bowl","infinitespire:Lychee Nut","Girya","Busted Crown","Symbiotic Virus","Bag of Marbles","War Paint"],"acts_visited":["Exordium","TheCity","TheBeyond","Exordium","TheCity","TheBeyond","Exordium","TheCity","TheBeyond","TheEnding"],"potions_floor_usage":[],"damage_taken":[{"damage":0.0,"enemies":"Cultist","floor":1.0,"turns":4.0},{"damage":0.0,"enemies":"Small Slimes","floor":2.0,"turns":3.0},{"damage":7.0,"enemies":"Jaw Worm","floor":5.0,"turns":5.0},{"damage":7.0,"enemies":"Gremlin Nob","floor":7.0,"turns":4.0},{"damage":0.0,"enemies":"Blue Slaver","floor":8.0,"turns":4.0},{"damage":1.0,"enemies":"Large Slime","floor":12.0,"turns":9.0},{"damage":2.0,"enemies":"Exordium Thugs","floor":14.0,"turns":4.0},{"damage":22.0,"enemies":"Slime Boss","floor":16.0,"turns":18.0},{"damage":16.0,"enemies":"3 Byrds","floor":18.0,"turns":4.0},{"damage":12.0,"enemies":"Chosen","floor":22.0,"turns":5.0},{"damage":1.0,"enemies":"3 Cultists","floor":24.0,"turns":6.0},{"damage":6.0,"enemies":"Nightmare","floor":28.0,"turns":6.0},{"damage":0.0,"enemies":"Sentry and Sphere","floor":31.0,"turns":4.0},{"damage":0.0,"enemies":"Champ","floor":33.0,"turns":10.0},{"damage":0.0,"enemies":"3 Shapes","floor":35.0,"turns":3.0},{"damage":83.0,"enemies":"2 Orb Walkers","floor":36.0,"turns":5.0},{"damage":0.0,"enemies":"Orb Walker","floor":45.0,"turns":1.0},{"damage":6.0,"enemies":"Transient","floor":47.0,"turns":5.0},{"damage":0.0,"enemies":"Sphere and 2 Shapes","floor":48.0,"turns":3.0},{"damage":20.0,"enemies":"Donu and Deca","floor":50.0,"turns":5.0},{"damage":0.0,"enemies":"Small Slimes","floor":52.0,"turns":3.0},{"damage":0.0,"enemies":"2 Louse","floor":56.0,"turns":2.0},{"damage":7.0,"enemies":"Jaw Worm","floor":58.0,"turns":4.0},{"damage":22.0,"enemies":"Gremlin Nob","floor":59.0,"turns":4.0},{"damage":0.0,"enemies":"Large Slime","floor":61.0,"turns":2.0},{"damage":12.0,"enemies":"Blue Slaver","floor":63.0,"turns":3.0},{"damage":3.0,"enemies":"Exordium Thugs","floor":64.0,"turns":2.0},{"damage":0.0,"enemies":"The Guardian","floor":67.0,"turns":6.0},{"damage":0.0,"enemies":"3 Byrds","floor":69.0,"turns":2.0},{"damage":0.0,"enemies":"Shell Parasite","floor":72.0,"turns":3.0},{"damage":4.0,"enemies":"Nightmare","floor":74.0,"turns":6.0},{"damage":8.0,"enemies":"Gremlin Leader","floor":78.0,"turns":4.0},{"damage":17.0,"enemies":"Masked Bandits","floor":79.0,"turns":3.0},{"damage":0.0,"enemies":"Centurion and Healer","floor":81.0,"turns":5.0},{"damage":0.0,"enemies":"Cultist and Chosen","floor":82.0,"turns":4.0},{"damage":0.0,"enemies":"Collector","floor":84.0,"turns":7.0},{"damage":27.0,"enemies":"3 Darklings","floor":86.0,"turns":3.0},{"damage":0.0,"enemies":"Mind Bloom Boss Battle","floor":87.0,"turns":4.0},{"damage":0.0,"enemies":"3 Shapes","floor":89.0,"turns":4.0},{"damage":0.0,"enemies":"Giant Head","floor":91.0,"turns":6.0},{"damage":130.0,"enemies":"Reptomancer","floor":95.0,"turns":4.0},{"damage":0.0,"enemies":"Transient","floor":96.0,"turns":5.0},{"damage":0.0,"enemies":"Jaw Worm Horde","floor":97.0,"turns":4.0},{"damage":59.0,"enemies":"Time Eater","floor":101.0,"turns":8.0},{"damage":0.0,"enemies":"Cultist","floor":103.0,"turns":3.0},{"damage":0.0,"enemies":"Lagavulin","floor":112.0,"turns":3.0},{"damage":0.0,"enemies":"2 Louse","floor":116.0,"turns":2.0},{"damage":0.0,"enemies":"Slime Boss","floor":118.0,"turns":4.0},{"damage":0.0,"enemies":"Shell Parasite","floor":120.0,"turns":2.0},{"damage":0.0,"enemies":"3 Byrds","floor":122.0,"turns":3.0},{"damage":0.0,"enemies":"Snecko","floor":124.0,"turns":3.0},{"damage":0.0,"enemies":"Slavers","floor":125.0,"turns":5.0},{"damage":0.0,"enemies":"Centurion and Healer","floor":130.0,"turns":4.0},{"damage":0,"enemies":"Chosen and Byrds","floor":133,"turns":3},{"damage":40,"enemies":"Collector","floor":135,"turns":7},{"damage":0,"enemies":"Orb Walker","floor":137,"turns":4},{"damage":0,"enemies":"3 Shapes","floor":141,"turns":4},{"damage":0,"enemies":"Nightmare","floor":143,"turns":4},{"damage":4,"enemies":"Transient","floor":144,"turns":5},{"damage":0,"enemies":"Reptomancer","floor":146,"turns":4},{"damage":0,"enemies":"Nemesis","floor":149,"turns":5},{"damage":0,"enemies":"infinitespire:LordOfFortification","floor":152,"turns":1},{"damage":0,"enemies":"Shield and Spear","floor":156,"turns":3},{"damage":104,"enemies":"The Heart","floor":157,"turns":2}],"seed_played":"-2836901824032580345","potions_obtained":[{"floor":2.0,"key":"FairyPotion"},{"floor":5.0,"key":"AttackPotion"},{"floor":7.0,"key":"EntropicBrew"}],"is_trial":false,"path_per_floor":["M","M","?","?","M","R","E","M","T","?","$","M","$","M","R","B",null,"M","?","$","?","M","$","M","?","T","?","NM","AVR","R","M","R","B",null,"M","?","T","AVR","?","R","?","R","T","?","M","$","M","M","R","B",null,"M","?","?","$","M","R","M","E","T","M","R","M","M","AVR","R","B",null,"M","?","?","M","?","NM","R","AVR","T","E","?","R","M","M","R","B",null,"M","?","?","M","$","E","R","R","T","E","M","M","?","$","R","B",null,"M","?","?","$","?","R","T","?","T","E","R","?","?","M","R","B",null,"M","T","M","?","M","E","R","$","T","R","M","$","?","M","R","B",null,"M","?","T","?","M","R","NM","M","T","E","R","$","E","?","R","B",null,"R","$","E","B"],"character_chosen":"DEFECT","items_purchased":["Runic Capacitor","Lizard Tail","PreservedInsect","Mummified Hand","Capacitor","DollysMirror","Bronze Scales","Blizzard","Capacitor","Membership Card","infinitespire:ShieldingShard","Bottled Tornado","FairyPotion","infinitespire:Golems Mask","Anchor","Tiny Chest","Defragment+1","Shovel","HandDrill","HornCleat","Oddly Smooth Stone"],"campfire_rested":4,"item_purchase_floors":[0,0,0,0,0,11,20,23,23,46,46,46,46,90,90,99,127,127,131,148,148],"current_hp_per_floor":[40,40,40,40,33,33,26,26,26,26,26,25,25,23,45,23,75,59,59,59,59,47,47,46,46,46,46,40,40,40,56,56,75,80,80,11,11,11,11,35,35,59,59,59,59,59,70,76,76,74,76,76,76,76,76,76,76,76,64,64,76,76,72,76,76,76,76,76,76,76,76,76,76,76,76,76,76,76,67,67,76,76,76,76,76,59,76,72,72,72,72,72,72,72,46,70,72,72,72,72,35,86,86,86,86,86,86,86,86,91,91,91,91,91,91,91,91,91,91,91,91,91,91,91,91,91,91,91,101,101,101,101,101,101,83,101,101,101,108,108,108,108,108,108,108,108,108,108,83,83,83,83,83,83,83,85,0,0],"gold":365,"neow_bonus":"","is_daily":false,"chose_seed":false,"campfire_upgraded":15,"win_rate":0.0,"timestamp":1607672221,"path_taken":["M","M","?","?","M","R","E","?","T","?","?","M","$","M","R","BOSS","M","?","?","?","M","$","M","?","T","?","NM","AVR","R","M","R","BOSS","M","?","?","AVR","?","R","?","R","T","?","M","$","M","M","R","BOSS","M","?","?","?","M","R","M","E","T","M","R","M","M","AVR","R","BOSS","M","?","?","M","?","NM","R","AVR","T","E","?","R","M","M","R","BOSS","M","?","?","M","?","E","R","R","T","E","M","M","?","$","R","BOSS","M","?","?","$","?","R","?","?","T","E","R","?","?","M","R","BOSS","M","?","M","?","M","E","R","$","T","R","M","$","?","M","R","BOSS","M","?","?","?","M","R","NM","M","T","E","R","$","E","?","R","BOSS","R","$","E","BOSS"],"items_purchased_type":["Relic","Relic","Relic","Relic","Card","Relic","Relic","Card","Card","Relic","Relic","Relic","Potion","Relic","Relic","Relic","Undefined","Relic","Relic","Relic","Relic"],"build_version":"2020-11-30","purchased_purges":4,"victory":false,"max_hp_per_floor":[75,75,75,75,75,75,75,75,75,75,75,75,75,75,75,75,75,75,75,75,75,75,75,75,75,75,75,75,75,75,75,75,75,80,80,80,80,80,80,80,80,80,80,76,76,76,76,76,76,76,76,76,76,76,76,76,76,76,76,76,76,76,76,76,76,76,76,76,76,76,76,76,76,76,76,76,76,76,76,76,76,76,76,76,76,76,76,72,72,72,72,72,72,72,72,72,72,72,72,72,72,86,86,86,86,86,86,86,86,91,91,91,91,91,91,91,91,91,91,91,91,91,91,91,91,91,91,91,101,101,101,101,101,101,101,101,101,101,108,108,108,108,108,108,108,108,108,108,83,83,83,83,83,83,83,85,85,85],"card_choices":[{"not_picked":["Conserve Battery","Leap"],"picked":"Coolheaded","floor":1.0},{"not_picked":["Fusion","Auto Shields"],"picked":"Loop","floor":2.0},{"not_picked":["Gash","Redo"],"picked":"Glacier","floor":5.0},{"not_picked":["Electrodynamics","Self Repair","Sunder"],"picked":"SKIP","floor":7.0},{"not_picked":["Reinforced Body","Force Field"],"picked":"Cold Snap","floor":8.0},{"not_picked":["Turbo","Conserve Battery","BootSequence"],"picked":"SKIP","floor":12.0},{"not_picked":["Hologram","Turbo","Beam Cell"],"picked":"SKIP","floor":14.0},{"not_picked":["Thunder Strike","Amplify"],"picked":"Creative AI","floor":16.0},{"not_picked":["Auto Shields+1","Fusion"],"picked":"Cold Snap+1","floor":18.0},{"not_picked":["Cold Snap+1","Compile Driver","Leap+1"],"picked":"SKIP","floor":22.0},{"not_picked":["Beam Cell","Ball Lightning","Barrage+1"],"picked":"SKIP","floor":24.0},{"not_picked":["Stack+1","Storm"],"picked":"Fission","floor":28.0},{"not_picked":["Go for the Eyes","Sunder","Loop"],"picked":"SKIP","floor":31.0},{"not_picked":["Reboot","Machine Learning"],"picked":"Fission","floor":33.0},{"not_picked":["Fusion","White Noise"],"picked":"Chaos+1","floor":34.0},{"not_picked":["Sweeping Beam+1","Conserve Battery+1","Fusion"],"picked":"SKIP","floor":35.0},{"not_picked":["Streamline+1","Stack"],"picked":"Chill+1","floor":45.0},{"not_picked":["Darkness+1","Coolheaded+1","Steam+1"],"picked":"SKIP","floor":47.0},{"not_picked":["Hyperbeam","Coolheaded+1","Beam Cell+1"],"picked":"SKIP","floor":48.0},{"not_picked":["Leap","Steam","Skim"],"picked":"SKIP","floor":52.0},{"not_picked":["Conserve Battery","Go for the Eyes"],"picked":"Chaos","floor":56.0},{"not_picked":["Redo","Sweeping Beam","Beam Cell"],"picked":"SKIP","floor":58.0},{"not_picked":["Barrage","Redo","Undo"],"picked":"SKIP","floor":59.0},{"not_picked":["Beam Cell","Hologram","Seek"],"picked":"SKIP","floor":61.0},{"not_picked":["Gash","Streamline"],"picked":"Consume","floor":63.0},{"not_picked":["White Noise","Go for the Eyes","Reinforced Body"],"picked":"SKIP","floor":64.0},{"not_picked":["Streamline","Conserve Battery+1","FTL"],"picked":"SKIP","floor":69.0},{"not_picked":["Hologram","Streamline","Rebound+1"],"picked":"SKIP","floor":72.0},{"not_picked":["Lockon","Sunder+1","Steam"],"picked":"SKIP","floor":74.0},{"not_picked":["Stack","Skim","Hologram"],"picked":"SKIP","floor":78.0},{"not_picked":["Hologram+1","Fusion+1","Compile Driver"],"picked":"SKIP","floor":81.0},{"not_picked":["Fusion","Ball Lightning","Gash"],"picked":"SKIP","floor":82.0},{"not_picked":["Buffer+1","Electrodynamics+1"],"picked":"Creative AI+1","floor":84.0},{"not_picked":["Beam Cell+1","Steam+1","Turbo+1"],"picked":"SKIP","floor":86.0},{"not_picked":["Rebound","Skim+1"],"picked":"Consume","floor":89.0},{"not_picked":["Cold Snap","Genetic Algorithm+1","Ball Lightning+1"],"picked":"SKIP","floor":91.0},{"not_picked":["Stack","Sweeping Beam","Ball Lightning+1"],"picked":"SKIP","floor":95.0},{"not_picked":["Fission","Sweeping Beam+1"],"picked":"BootSequence","floor":96.0},{"not_picked":["Turbo","Ball Lightning+1","Redo"],"picked":"SKIP","floor":97.0},{"not_picked":["Compile Driver","Beam Cell","Leap"],"picked":"SKIP","floor":103.0},{"not_picked":["Gash","BootSequence","Turbo"],"picked":"SKIP","floor":112.0},{"not_picked":["Ball Lightning","Glacier","Turbo"],"picked":"SKIP","floor":116.0},{"not_picked":["Beam Cell","Lockon","Cold Snap"],"picked":"SKIP","floor":120.0},{"not_picked":["Reprogram","Capacitor+1","Redo"],"picked":"SKIP","floor":122.0},{"not_picked":["Leap","Hologram+1","Turbo"],"picked":"SKIP","floor":124.0},{"not_picked":["Leap","Go for the Eyes+1","Melter"],"picked":"SKIP","floor":125.0},{"not_picked":["Stack","Rebound","Undo"],"picked":"SKIP","floor":130.0},{"not_picked":["Gash","Go for the Eyes","Recycle+1"],"picked":"SKIP","floor":133},{"not_picked":["Steam+1","Steam Power+1","Beam Cell"],"picked":"SKIP","floor":137},{"not_picked":["Rip and Tear+1","Ball Lightning+1","Hologram"],"picked":"SKIP","floor":141},{"not_picked":["Rip and Tear+1","Ball Lightning+1","Hologram"],"picked":"SKIP","floor":141},{"not_picked":["infinitespire:SevenWalls","infinitespire:UltimateForm"],"picked":"infinitespire:SealOfDarkness+","floor":143},{"not_picked":["Echo Form+1","Compile Driver","Cold Snap"],"picked":"SKIP","floor":143},{"not_picked":["Compile Driver","Reinforced Body","Lockon+1"],"picked":"SKIP","floor":144},{"not_picked":["Reprogram","Beam Cell","Streamline+1"],"picked":"SKIP","floor":146},{"not_picked":["Turbo+1","Beam Cell","Compile Driver+1"],"picked":"Singing Bowl","floor":149},{"not_picked":["Seek","Machine Learning+1"],"picked":"Amplify","floor":152},{"not_picked":["BootSequence+1"],"picked":"Singing Bowl","floor":156}],"player_experience":541901,"relics_obtained":[{"floor":7.0,"key":"Nunchaku"},{"floor":9.0,"key":"infinitespire:CheckeredPen"},{"floor":26.0,"key":"Juzu Bracelet"},{"floor":28.0,"key":"Bird Faced Urn"},{"floor":36.0,"key":"Turnip"},{"floor":37.0,"key":"Vajra"},{"floor":43.0,"key":"Dream Catcher"},{"floor":59.0,"key":"DataDisk"},{"floor":60.0,"key":"Sundial"},{"floor":74.0,"key":"Ginger"},{"floor":77.0,"key":"CeramicFish"},{"floor":78.0,"key":"WingedGreaves"},{"floor":79.0,"key":"Circlet"},{"floor":87.0,"key":"Calipers"},{"floor":91.0,"key":"Lantern"},{"floor":94.0,"key":"infinitespire:EmpoweringShard"},{"floor":95.0,"key":"infinitespire:Freezer"},{"floor":102.0,"key":"Ancient Tea Set"},{"floor":102.0,"key":"infinitespire:BottledMercury"},{"floor":102.0,"key":"Mango"},{"floor":109.0,"key":"Emotion Chip"},{"floor":111.0,"key":"infinitespire:Bottled Soul"},{"floor":112.0,"key":"TungstenRod"},{"floor":121.0,"key":"Toy Ornithopter"},{"floor":125.0,"key":"Centennial Puzzle"},{"floor":125.0,"key":"Blood Vial"},{"floor":128.0,"key":"Darkstone Periapt"},{"floor":129.0,"key":"Pear"},{"floor":134,"key":"Smiling Mask"},{"floor":139,"key":"Strawberry"},{"floor":142,"key":"Letter Opener"},{"floor":143,"key":"MealTicket"},{"floor":143,"key":"CaptainsWheel"},{"floor":145,"key":"infinitespire:SolderingIron"},{"floor":146,"key":"Akabeko"},{"floor":146,"key":"Potion Belt"},{"floor":147,"key":"infinitespire:Beetle Shell"},{"floor":149,"key":"Singing Bowl"},{"floor":149,"key":"infinitespire:Lychee Nut"},{"floor":151,"key":"Girya"},{"floor":154,"key":"Symbiotic Virus"},{"floor":156,"key":"Bag of Marbles"},{"floor":156,"key":"War Paint"}],"event_choices":[{"damage_healed":0.0,"max_hp_gain":0.0,"max_hp_loss":0.0,"gold_gain":0.0,"cards_transformed":["Strike_B"],"event_name":"Living Wall","player_choice":"Change","floor":3.0,"gold_loss":0.0,"damage_taken":0.0,"cards_obtained":["All For One"]},{"damage_healed":0.0,"max_hp_gain":0.0,"max_hp_loss":0.0,"gold_gain":100.0,"event_name":"Golden Shrine","player_choice":"Pray","floor":4.0,"gold_loss":0.0,"damage_taken":0.0},{"damage_healed":0.0,"max_hp_gain":0.0,"max_hp_loss":0.0,"gold_gain":100.0,"event_name":"The Joust","player_choice":"Bet on Murderer","floor":19.0,"gold_loss":50.0,"damage_taken":0.0},{"cards_removed":["Strike_B"],"damage_healed":0.0,"max_hp_gain":0.0,"max_hp_loss":0.0,"gold_gain":0.0,"event_name":"Purifier","player_choice":"Purged","floor":21.0,"gold_loss":0.0,"damage_taken":0.0},{"damage_healed":0.0,"max_hp_gain":0.0,"max_hp_loss":0.0,"gold_gain":0.0,"event_name":"Duplicator","player_choice":"Copied","floor":25.0,"gold_loss":0.0,"damage_taken":0.0,"cards_obtained":["Zap"]},{"damage_healed":0.0,"max_hp_gain":0.0,"max_hp_loss":0.0,"gold_gain":0.0,"cards_transformed":["Defend_B","All For One"],"event_name":"Drug Dealer","player_choice":"Became Test Subject","floor":27.0,"gold_loss":0.0,"damage_taken":0.0,"cards_obtained":["FTL","White Noise"]},{"damage_healed":0.0,"max_hp_gain":0.0,"max_hp_loss":0.0,"gold_gain":0.0,"event_name":"Mysterious Sphere","player_choice":"Fight","floor":36.0,"gold_loss":0.0,"damage_taken":0.0},{"damage_healed":0.0,"max_hp_gain":0.0,"max_hp_loss":4.0,"gold_gain":0.0,"event_name":"Winding Halls","player_choice":"Max HP","floor":44.0,"gold_loss":0.0,"damage_taken":0.0},{"damage_healed":0.0,"max_hp_gain":0.0,"max_hp_loss":0.0,"gold_gain":0.0,"event_name":"Golden Idol","player_choice":"Take Wound","floor":53.0,"gold_loss":0.0,"damage_taken":0.0,"relics_obtained":["Golden Idol"],"cards_obtained":["Injury"]},{"damage_healed":0.0,"max_hp_gain":0.0,"max_hp_loss":0.0,"gold_gain":0.0,"event_name":"Addict","player_choice":"Obtained Relic","floor":70.0,"gold_loss":85.0,"damage_taken":0.0,"relics_obtained":["Omamori"]},{"damage_healed":0.0,"max_hp_gain":0.0,"max_hp_loss":0.0,"gold_gain":0.0,"event_name":"Beggar","player_choice":"Ignored","floor":71.0,"gold_loss":0.0,"damage_taken":0.0},{"damage_healed":0.0,"max_hp_gain":0.0,"max_hp_loss":0.0,"gold_gain":0.0,"event_name":"The Library","player_choice":"Read","floor":73.0,"gold_loss":0.0,"damage_taken":0.0,"cards_obtained":["Chaos"]},{"damage_healed":0.0,"max_hp_gain":0.0,"max_hp_loss":0.0,"gold_gain":0.0,"event_name":"Masked Bandits","player_choice":"Fought Bandits","floor":79.0,"gold_loss":0.0,"damage_taken":0.0},{"damage_healed":0.0,"max_hp_gain":0.0,"max_hp_loss":0.0,"gold_gain":0.0,"event_name":"MindBloom","player_choice":"Fight","floor":87.0,"gold_loss":0.0,"damage_taken":0.0},{"damage_healed":0.0,"max_hp_gain":0.0,"max_hp_loss":4.0,"gold_gain":0.0,"event_name":"Winding Halls","player_choice":"Max HP","floor":88.0,"gold_loss":0.0,"damage_taken":0.0},{"cards_removed":["Capacitor"],"damage_healed":0.0,"max_hp_gain":0.0,"max_hp_loss":0.0,"gold_gain":0.0,"event_name":"Falling","player_choice":"Removed Power","floor":98.0,"gold_loss":0.0,"damage_taken":0.0},{"cards_removed":["BootSequence"],"damage_healed":0.0,"max_hp_gain":0.0,"max_hp_loss":0.0,"gold_gain":0.0,"event_name":"Bonfire Elementals","player_choice":"Offered Uncommon","floor":104.0,"gold_loss":0.0,"damage_taken":0.0},{"damage_healed":0.0,"max_hp_gain":0.0,"max_hp_loss":0.0,"gold_gain":0.0,"event_name":"betterThird:BetterSerpent","player_choice":"Ignored","floor":105.0,"gold_loss":0.0,"damage_taken":197.0},{"damage_healed":0.0,"max_hp_gain":0.0,"max_hp_loss":0.0,"gold_gain":0.0,"event_name":"The Cleric","player_choice":"Leave","floor":107.0,"gold_loss":0.0,"damage_taken":0.0},{"damage_healed":0.0,"max_hp_gain":5.0,"max_hp_loss":0.0,"gold_gain":0.0,"event_name":"Big Fish","player_choice":"Donut","floor":110.0,"gold_loss":0.0,"damage_taken":0.0},{"damage_healed":0.0,"max_hp_gain":0.0,"max_hp_loss":0.0,"gold_gain":0.0,"event_name":"Living Wall","player_choice":"Grow","floor":114.0,"gold_loss":0.0,"damage_taken":0.0,"cards_upgraded":["White Noise"]},{"damage_healed":0.0,"max_hp_gain":0.0,"max_hp_loss":0.0,"gold_gain":0.0,"event_name":"Purifier","player_choice":"Ignored","floor":115.0,"gold_loss":0.0,"damage_taken":0.0},{"damage_healed":0.0,"max_hp_gain":0.0,"max_hp_loss":0.0,"gold_gain":99.0,"event_name":"betterThird:BetterNest","player_choice":"Steal","floor":123.0,"gold_loss":0.0,"damage_taken":0.0},{"damage_healed":0,"gold_gain":0,"player_choice":"Adaptability","damage_taken":0,"max_hp_gain":0,"max_hp_loss":0,"event_name":"betterThird:BetterWriting","floor":132,"gold_loss":0},{"damage_healed":0,"gold_gain":0,"player_choice":"Ignored","damage_taken":0,"max_hp_gain":0,"max_hp_loss":0,"event_name":"Tomb of Lord Red Mask","floor":138,"gold_loss":0},{"damage_healed":0,"gold_gain":0,"player_choice":"Memory 1","damage_taken":0,"max_hp_gain":0,"max_hp_loss":0,"event_name":"SensoryStone","floor":140,"gold_loss":0},{"cards_removed":["Chill"],"damage_healed":0,"gold_gain":0,"player_choice":"Removed Skill","damage_taken":0,"max_hp_gain":0,"max_hp_loss":0,"event_name":"Falling","floor":150,"gold_loss":0}],"is_beta":false,"boss_relics":[{"not_picked":["Busted Crown","Pandora\u0027s Box"],"picked":"Astrolabe"},{"not_picked":["SacredBark","Philosopher\u0027s Stone"],"picked":"Tiny House"},{"not_picked":["Runic Pyramid","Velvet Choker"],"picked":"Sozu"},{"not_picked":["infinitespire:Cupcake","Snecko Eye","Fusion Hammer"]},{"not_picked":["Velvet Choker","Cursed Key"],"picked":"Inserter"},{"not_picked":["Busted Crown","Pandora\u0027s Box"],"picked":"Calling Bell"},{"not_picked":["Pandora\u0027s Box","Cursed Key"],"picked":"Black Star"},{"not_picked":["infinitespire:Cupcake","Snecko Eye"],"picked":"SlaversCollar"},{"not_picked":["Runic Pyramid","Fusion Hammer"],"picked":"Busted Crown"}],"items_purged_floors":[0,11,29,38],"is_endless":true,"potions_floor_spawned":[2,5,7,12,24,28,36,45,47,50,59,61,63,64,69,74,81,84,89,96,112,116,120,125,130,133,135,137,141,149,152,156],"killed_by":"The Heart","ascension_level":0}}