{"host":"zr590xw2unlz0wv7","time":1607698431,"event":{"mods":["BaseMod","Minty Spire (QoL Compilation)","READ ME - Guardian Mod","StSLib"],"gold_per_floor":[111,111,88,105,105,136,311,322,322,349,349,365,396,375,375,375,375],"floor_reached":16,"playtime":485,"items_purged":[],"score":172,"play_id":"6af69c1e-f9e8-4933-a2c2-87615e2e1d80","local_time":"20201211225351","is_ascension_mode":true,"campfire_choices":[{"floor":11,"key":"REST"},{"floor":15,"key":"REST"}],"circlet_count":0,"master_deck":["Strike_B","Strike_B","Strike_B","Strike_B","Defend_B","Defend_B","Defend_B","Zap","Dualcast","Beam Cell","Defragment","Regret","Reprogram","Doubt","Seek","Leap","Lockon","Chaos"],"relics":["Cracked Core","NeowsBlessing","Blue Candle","StoneCalendar","StrikeDummy","Cables","White Beast Statue"],"acts_visited":["Exordium"],"potions_floor_usage":[13,16,16,16],"damage_taken":[{"damage":0,"enemies":"Cultist","floor":1,"turns":1},{"damage":0,"enemies":"2 Louse","floor":4,"turns":1},{"damage":0,"enemies":"Lagavulin","floor":6,"turns":1},{"damage":5,"enemies":"Small Slimes","floor":8,"turns":4},{"damage":46,"enemies":"3 Sentries","floor":10,"turns":7},{"damage":9,"enemies":"2 Fungi Beasts","floor":12,"turns":3},{"damage":23,"enemies":"Lagavulin","floor":13,"turns":3},{"damage":34,"enemies":"The Guardian","floor":16,"turns":8}],"seed_played":"5963385264372758979","potions_obtained":[{"floor":4,"key":"DistilledChaos"},{"floor":6,"key":"Explosive Potion"},{"floor":8,"key":"SpeedPotion"},{"floor":13,"key":"SpeedPotion"}],"is_trial":false,"path_per_floor":["M","?","$","M","?","E","?","M","T","E","R","M","E","?","R","B"],"character_chosen":"DEFECT","items_purchased":["Beam Cell"],"campfire_rested":2,"item_purchase_floors":[3],"current_hp_per_floor":[75,68,68,68,68,68,68,63,63,17,39,30,7,7,29,0,0],"gold":375,"neow_bonus":"THREE_ENEMY_KILL","is_daily":false,"chose_seed":false,"campfire_upgraded":0,"win_rate":0.0,"timestamp":1607698431,"path_taken":["M","?","$","M","?","E","?","M","T","E","R","M","E","?","R","BOSS"],"items_purchased_type":["Card"],"build_version":"2020-11-30","purchased_purges":0,"victory":false,"max_hp_per_floor":[75,75,75,75,75,75,75,75,75,75,75,75,75,75,75,75,75],"card_choices":[{"not_picked":["Coolheaded","Turbo","Undo"],"picked":"SKIP","floor":1},{"not_picked":["Gash","Cold Snap"],"picked":"Defragment","floor":4},{"not_picked":["Self Repair","Compile Driver"],"picked":"Reprogram","floor":6},{"not_picked":["Leap","Self Repair"],"picked":"Seek","floor":8},{"not_picked":["Heatsinks","Barrage"],"picked":"Leap","floor":10},{"not_picked":["Steam Power","Beam Cell"],"picked":"Lockon","floor":12},{"not_picked":["Leap","Scrape"],"picked":"Chaos","floor":13}],"player_experience":467432,"relics_obtained":[{"floor":6,"key":"StoneCalendar"},{"floor":9,"key":"StrikeDummy"},{"floor":10,"key":"Cables"},{"floor":13,"key":"White Beast Statue"}],"event_choices":[{"cards_removed":["Defend_B"],"damage_healed":0,"gold_gain":0,"player_choice":"Card Removal","damage_taken":7,"max_hp_gain":0,"max_hp_loss":0,"event_name":"Golden Wing","floor":2,"gold_loss":0},{"damage_healed":0,"gold_gain":0,"player_choice":"Box","damage_taken":0,"relics_obtained":["Blue Candle"],"max_hp_gain":0,"max_hp_loss":0,"event_name":"Big Fish","floor":5,"gold_loss":0,"cards_obtained":["Regret"]},{"damage_healed":0,"gold_gain":175,"player_choice":"AGREE","damage_taken":0,"max_hp_gain":0,"max_hp_loss":0,"event_name":"Liars Game","floor":7,"gold_loss":0,"cards_obtained":["Doubt"]},{"damage_healed":0,"gold_gain":0,"player_choice":"Left Gold","damage_taken":0,"max_hp_gain":0,"max_hp_loss":0,"event_name":"World of Goop","floor":14,"gold_loss":21}],"is_beta":false,"boss_relics":[],"items_purged_floors":[],"is_endless":false,"potions_floor_spawned":[4,6,8,13],"killed_by":"The Guardian","ascension_level":4}}