{"host":"wshh0nphwn6jv7vj","time":1607725641,"event":{"mods":["BaseMod","Bestiary","Minty Spire (QoL Compilation)"],"gold_per_floor":[115,115,126,139,158,183,183,210,279,279,204,224,300,334,334,334,334],"floor_reached":16,"playtime":1649,"items_purged":[],"score":298,"play_id":"59cfbef1-10c8-4bcd-aa22-d052a4cd9073","local_time":"20201211172721","is_ascension_mode":true,"campfire_choices":[{"data":"Havoc","floor":7,"key":"SMITH"},{"floor":10,"key":"REST"},{"data":"True Grit","floor":15,"key":"SMITH"}],"circlet_count":0,"master_deck":["AscendersBane","Strike_R","Strike_R","Strike_R","Strike_R","Defend_R","Defend_R","Defend_R","Defend_R","Bash","Pommel Strike","Shrug It Off","Burning Pact","Havoc+1","True Grit+1","Offering","Warcry","Intimidate"],"relics":["Burning Blood","Dead Branch","Pen Nib","Torii","Self Forming Clay","White Beast Statue","Bronze Scales"],"acts_visited":["Exordium"],"potions_floor_usage":[5,6,16],"damage_taken":[{"damage":6,"enemies":"Cultist","floor":1,"turns":3},{"damage":12,"enemies":"2 Louse","floor":3,"turns":3},{"damage":8,"enemies":"Jaw Worm","floor":4,"turns":6},{"damage":14,"enemies":"3 Louse","floor":5,"turns":4},{"damage":18,"enemies":"Gremlin Nob","floor":6,"turns":4},{"damage":28,"enemies":"Lagavulin","floor":8,"turns":11},{"damage":7,"enemies":"Gremlin Gang","floor":12,"turns":6},{"damage":6,"enemies":"3 Sentries","floor":14,"turns":2},{"damage":55,"enemies":"Slime Boss","floor":16,"turns":5}],"seed_played":"5050990878874850107","potions_obtained":[{"floor":3,"key":"CultistPotion"},{"floor":4,"key":"Energy Potion"},{"floor":5,"key":"Ancient Potion"},{"floor":14,"key":"Dexterity Potion"}],"is_trial":false,"path_per_floor":["M","?","M","M","M","E","R","E","T","R","?","M","T","E","R","B"],"character_chosen":"IRONCLAD","items_purchased":[],"campfire_rested":1,"item_purchase_floors":[],"current_hp_per_floor":[68,73,67,65,57,45,45,23,23,44,44,43,43,43,43,0,0],"gold":334,"neow_bonus":"ONE_RARE_RELIC","is_daily":false,"chose_seed":false,"campfire_upgraded":2,"win_rate":0.0,"timestamp":1607725641,"path_taken":["M","?","M","M","M","E","R","E","T","R","?","M","?","E","R","BOSS"],"items_purchased_type":[],"build_version":"2020-11-30","purchased_purges":0,"victory":false,"max_hp_per_floor":[68,73,73,73,73,73,73,73,73,73,73,73,73,73,73,73,73],"card_choices":[{"not_picked":["Anger","Dropkick"],"picked":"Pommel Strike","floor":1},{"not_picked":["Heavy Blade","Sword Boomerang"],"picked":"Shrug It Off","floor":3},{"not_picked":["Seeing Red","Dropkick"],"picked":"Burning Pact","floor":4},{"not_picked":["True Grit","Wild Strike"],"picked":"Havoc","floor":5},{"not_picked":["Bludgeon","Pommel Strike"],"picked":"True Grit","floor":6},{"not_picked":["Combust","Thunderclap"],"picked":"Offering","floor":8},{"not_picked":["Dropkick","Shrug It Off"],"picked":"Warcry","floor":12},{"not_picked":["Anger","Perfected Strike"],"picked":"Intimidate","floor":14}],"player_experience":1373464,"relics_obtained":[{"floor":6,"key":"Pen Nib"},{"floor":8,"key":"Torii"},{"floor":9,"key":"Self Forming Clay"},{"floor":13,"key":"White Beast Statue"},{"floor":14,"key":"Bronze Scales"}],"event_choices":[{"damage_healed":0,"gold_gain":0,"player_choice":"Donut","damage_taken":0,"max_hp_gain":5,"max_hp_loss":0,"event_name":"Big Fish","floor":2,"gold_loss":0},{"cards_removed":["Strike_R"],"damage_healed":0,"gold_gain":0,"player_choice":"Card Removal","damage_taken":0,"max_hp_gain":0,"max_hp_loss":0,"event_name":"The Cleric","floor":11,"gold_loss":75}],"is_beta":false,"boss_relics":[],"items_purged_floors":[],"is_endless":false,"potions_floor_spawned":[3,4,5,14],"killed_by":"Slime Boss","ascension_level":15}}