{"host":"ooetke516h53yqww","time":1607664815,"event":{"mods":["2.2 Compatiblity","Abigail Mod","Act Like it!","Astrologer","Bartender","BaseMod","Beaked The Cultist","Better Match","Better Third Choice","Conspire","Elementarium","Friendly Minions","Gensokyo","Hallownest","Hermit","HololiveMod","Hubris","Kiyohime????","Lobotomy","LobotomyExtend","Mari Mod (Legacy)","Mari\u0027s V1 Patch","Menagerie","Minty Spire (QoL Compilation)","Pale of the Ancients","Prisma Mod","Random Character Button","Replay The Spire","Robot Space Explorer","Spicy Shops","StSLib","Td1madao Mod","The Alterego","The Bug Knight","The Poker Player","The Senshi","TheSwordswoman","Uncapped","WarShipGirlsR/????R mod","Yohane!","???????????mod"],"gold_per_floor":[82,82,95,130,5,30,30,60,60,86,86,86,186,203,203,278,278,292,308,308,183,194,228,228,228,282,192,192,224,51,78,78,162,162,176,176,176,7,41,79,79,145,145,171,203,253,310,327,327,351,351,351],"floor_reached":53,"playtime":2467,"items_purged":[],"score":2473,"play_id":"5fa8bec7-d391-4cf8-8dd6-9a0556332300","local_time":"20201211143335","daily_mods":["Draft"],"is_ascension_mode":true,"campfire_choices":[{"data":"Hololive_CallUruhaRushia","floor":7,"key":"SMITH"},{"data":"Hololive_CallUruhaRushia","floor":12,"key":"SMITH"},{"data":"Hololive_CallOzoraSubaru","floor":15,"key":"SMITH"},{"data":"Hololive_IdolExercise","floor":24,"key":"SMITH"},{"data":"Hololive_SummonFox","floor":28,"key":"SMITH"},{"data":"Hololive_CallArtia","floor":32,"key":"SMITH"},{"data":"Hololive_SummonFox","floor":41,"key":"SMITH"},{"floor":49,"key":"DIG"}],"circlet_count":0,"master_deck":["AscendersBane","Hololive_ILoveYou","Hololive_Yoholoon","Hololive_CallUruhaRushia","Hololive_FlyingPonyTail","Hololive_CallYozoraMel","Hololive_BringToTrial","Hololive_FlyingPonyTail","Hololive_Sequa","Hololive_SummonFox+1","Hololive_CallUruhaRushia+1","Hololive_Rebound","Hololive_CallShiroganeNoel","Hololive_CallUruhaRushia+1","Hololive_CocoNews","Hololive_CallOzoraSubaru+1","Hololive_CallArtia+1","Hololive_Rebirth+1","Hololive_Thief","Hololive_CallAkiRosenthal+1","Hololive_CallMomosuzuNene+15","Hololive_CallShishiroBotan+1","Hololive_IdolExercise+1","Hololive_SummonFox+1","Hololive_CallHoshimachiSuisei+1","ReplayTheSpireMod:Private Reserves+1","conspire:Banana+1","Hololive_CallMurasakiShion+1","Hololive_CallSakuraMiko+1","Hololive_CallOmaruPolka+1","Hololive_StrengthChampion","Hololive_StarCraft","Hololive_Rebirth+1","Hololive_SummonFox+1","Hololive_CocoNews","Hololive_CallUruhaRushia+1","Hololive_Rebound+1","Hololive_StrengthChampion","Hololive_CocoNews+1","Hololive_CallAZKi+1","Hololive_CallManoAloe+1"],"relics":["Hololive_TheStar","LetterFromLob","Gensokyo:Mercy","Replay:Towering Pillar of Hats","Frozen Egg 2","Bird Faced Urn","hubris:SlimyHat","hubris:Icosahedron","conspire:SeveredTorchhead","Iron Hammer","Bag of Preparation","Hallownest:StagBellRelic1","hubris:TenFootPole","OrangePellets","Omamori","Cursed Key","DollysMirror","Mercury Hourglass","Golden Egg","ReplayTheSpireMod:Shallot","Replay:Wax Seal","hubris:DisguiseKit"],"acts_visited":["Gensokyo:Gensokyo","Hallownest:CityofTears","TheBeyond"],"potions_floor_usage":[50,50,50],"damage_taken":[{"damage":0,"enemies":"Gensokyo:3_Fairies","floor":1,"turns":5},{"damage":0,"enemies":"Gensokyo:Python","floor":3,"turns":2},{"damage":0,"enemies":"Gensokyo:Cirno","floor":6,"turns":5},{"damage":0,"enemies":"Gensokyo:Aya","floor":8,"turns":5},{"damage":0,"enemies":"Gensokyo:Mamizou","floor":10,"turns":5},{"damage":0,"enemies":"Gensokyo:2_Kodama","floor":14,"turns":4},{"damage":4,"enemies":"Gensokyo:Reimu","floor":16,"turns":14},{"damage":0,"enemies":"Hallownest:Flukemon_and_Top","floor":18,"turns":5},{"damage":0,"enemies":"Hallownest:Guard_and_Sentry","floor":19,"turns":4},{"damage":0,"enemies":"Hallownest:Warrior_and_Youth","floor":22,"turns":4},{"damage":0,"enemies":"Hallownest:eliteSoulWarrior","floor":23,"turns":5},{"damage":0,"enemies":"Hallownest:Nosk","floor":29,"turns":4},{"damage":0,"enemies":"Hallownest:eliteSoulWarrior","floor":31,"turns":3},{"damage":15,"enemies":"Hallownest:BossGrimm","floor":33,"turns":8},{"damage":0,"enemies":"3 Shapes","floor":35,"turns":4},{"damage":0,"enemies":"3 Darklings","floor":39,"turns":5},{"damage":25,"enemies":"HollowMod:StalkingDevout","floor":40,"turns":7},{"damage":0,"enemies":"beaked:SuperParasite","floor":42,"turns":5},{"damage":0,"enemies":"Jaw Worm Horde","floor":44,"turns":3},{"damage":0,"enemies":"Reptomancer","floor":45,"turns":4},{"damage":0,"enemies":"Transient","floor":46,"turns":6},{"damage":0,"enemies":"Maw","floor":47,"turns":5},{"damage":0,"enemies":"4 Shapes","floor":48,"turns":2},{"damage":24,"enemies":"Awakened One","floor":50,"turns":8},{"damage":0,"enemies":"Time Eater","floor":51,"turns":9}],"seed_played":"-2652404942889830475","potions_obtained":[{"floor":1,"key":"Block Potion"},{"floor":4,"key":"SkillPotion"},{"floor":4,"key":"DistilledChaos"},{"floor":8,"key":"EntropicBrew"},{"floor":35,"key":"DuplicationPotion"}],"is_trial":true,"path_per_floor":["M","?","M","?","?","E","R","E","T","E","?","R","?","M","R","B",null,"M","M","$","?","M","E","R","?","T","?","R","E","$","E","R","B",null,"M","?","?","$","M","E","R","E","T","M","E","M","M","M","R","B","B",null,null],"character_chosen":"Hololive_HololiveCharacter","items_purchased":["OrangePellets","DollysMirror"],"campfire_rested":0,"item_purchase_floors":[30,38],"current_hp_per_floor":[27,27,27,15,15,15,15,15,15,27,27,27,27,30,30,30,30,30,30,30,30,32,34,34,32,32,32,32,36,36,36,36,38,38,38,36,36,36,38,29,29,42,42,44,46,48,48,48,48,34,52,52],"gold":351,"neow_bonus":"","is_daily":false,"chose_seed":false,"campfire_upgraded":7,"win_rate":0.0,"timestamp":1607664815,"path_taken":["M","?","M","?","?","E","R","E","T","E","?","R","?","M","R","BOSS","M","M","$","?","M","E","R","?","T","?","R","E","?","E","R","BOSS","M","?","?","?","M","E","R","E","T","M","E","M","M","M","R","BOSS","BOSS"],"items_purchased_type":["Relic","Relic"],"build_version":"2020-11-30","purchased_purges":0,"victory":true,"max_hp_per_floor":[30,30,30,30,30,30,30,30,30,30,30,30,30,30,30,30,30,30,30,30,30,32,34,34,34,34,34,34,36,36,36,36,38,38,38,36,36,36,38,40,40,42,42,44,46,48,48,48,48,50,52,52],"card_choices":[{"not_picked":["Hololive_Sequa","Hololive_CallNekomataOkayu"],"picked":"Hololive_ILoveYou","floor":0},{"not_picked":["Hololive_OvertimeWork","Hololive_LuckPotion"],"picked":"Hololive_Yoholoon","floor":0},{"not_picked":["Hololive_Sequa","Hololive_CallYukihanaLamy"],"picked":"Hololive_CallUruhaRushia","floor":0},{"not_picked":["Hololive_Watashimo","Hololive_LuckPotion"],"picked":"Hololive_FlyingPonyTail","floor":0},{"not_picked":["Hololive_Psychosis","Hololive_HuntDinosaur"],"picked":"Hololive_CallYozoraMel","floor":0},{"not_picked":["Hololive_Drill","Hololive_LuckPotion"],"picked":"Hololive_BringToTrial","floor":0},{"not_picked":["Hololive_HuntDinosaur","Hololive_CallAyundaRisu"],"picked":"Hololive_FlyingPonyTail","floor":0},{"not_picked":["Hololive_Breathe","Hololive_CallKiryuuCoco"],"picked":"Hololive_Sequa","floor":0},{"not_picked":["Hololive_HuntDinosaur","Hololive_Drill"],"picked":"Hololive_CocoNews","floor":0},{"not_picked":["Hololive_Trident","Hololive_HuntDinosaur"],"picked":"Hololive_SummonFox","floor":0},{"not_picked":["Hololive_Psychosis","Hololive_CallAyundaRisu"],"picked":"Hololive_CallUruhaRushia","floor":0},{"not_picked":["Hololive_Breathe","Hololive_LuckPotion"],"picked":"Hololive_Rebound","floor":0},{"not_picked":["Hololive_HuntDinosaur","Hololive_CallShishiroBotan"],"picked":"Hololive_CallShiroganeNoel","floor":0},{"not_picked":["Hololive_HuntDinosaur","Hololive_CallNekomataOkayu"],"picked":"Hololive_CallUruhaRushia","floor":0},{"not_picked":["Hololive_LuckPotion","Hololive_FlyingPonyTail"],"picked":"Hololive_CocoNews","floor":0},{"not_picked":["Hololive_Spy","Hololive_Breathe","Hololive_HuntDinosaur"],"picked":"Hololive_CallOzoraSubaru","floor":1},{"not_picked":["Hololive_Trident","Hololive_Sequa","Hololive_CallMoonaHoshinova","Hololive_FlyingPonyTail"],"picked":"SKIP","floor":3},{"not_picked":["Hololive_Spy","Hololive_DevilCharm","Hololive_FlyingPonyTail"],"picked":"Hololive_CallArtia","floor":4},{"not_picked":["Hololive_AWSL","Hololive_ASMR+1","Hololive_StarCraft+1"],"picked":"Hololive_Rebirth+1","floor":5},{"not_picked":["Hololive_HuntDinosaur","Hololive_LuckPotion","Hololive_Sequa"],"picked":"Hololive_Thief","floor":6},{"not_picked":["Hololive_BeCareful","Hololive_CallMomosuzuNene+1","Hololive_StrengthChampion"],"picked":"Hololive_CallAkiRosenthal+1","floor":8},{"not_picked":["Hololive_Sequa","Hololive_OvertimeWork","Hololive_Rebound"],"picked":"Hololive_CallMomosuzuNene+1","floor":10},{"not_picked":["Hololive_StrengthChampion","Hololive_RevenueBasedLive","Hololive_Trident"],"picked":"Hololive_CallShishiroBotan+1","floor":14},{"not_picked":["Hololive_Thief","Hololive_FlareMind","Hololive_WolfAndLamb"],"picked":"Hololive_IdolExercise","floor":16},{"not_picked":["Hololive_Sequa","Hololive_CallShirakamiFubuki+1","Hololive_RevenueBasedLive"],"picked":"Hololive_SummonFox+1","floor":18},{"not_picked":["Hololive_RevenueBasedLive","Hololive_FlyingPonyTail","Hololive_CallYozoraMel+1"],"picked":"Hololive_CallHoshimachiSuisei+1","floor":19},{"not_picked":["hubris:Insight+1","Replay:BasicMightCard+1","ReplayTheSpireMod:Trickstab+1"],"picked":"ReplayTheSpireMod:Private Reserves+1","floor":21},{"not_picked":["Dark Shackles+1","Dramatic Entrance+1","Purity+1"],"picked":"conspire:Banana+1","floor":21},{"not_picked":["Hololive_CallUsadaPekora+1","Hololive_CallFriendA+1","Hololive_CallKiryuuCoco+1"],"picked":"Hololive_CallMurasakiShion+1","floor":22},{"not_picked":["Hololive_CallManoAloe+1","Hololive_MaximGun","Hololive_ILoveYou"],"picked":"Hololive_CallSakuraMiko+1","floor":23},{"not_picked":["Hololive_Rebound","Hololive_CallTokinoSora+1","Hololive_HuntDinosaur+1"],"picked":"Hololive_CallOmaruPolka+1","floor":29},{"not_picked":["Hololive_CallOzoraSubaru+1","Hololive_Drill","Hololive_FlyingPonyTail"],"picked":"Hololive_StrengthChampion","floor":31},{"not_picked":["Hololive_Nanodesu","Hololive_FlareMind","Hololive_Rebirth"],"picked":"Hololive_StarCraft","floor":33},{"not_picked":["Hololive_CallMomosuzuNene+1","Hololive_StrengthChampion","Hololive_Drill"],"picked":"Hololive_Psychosis","floor":35},{"not_picked":["Hololive_Trident","Hololive_LuckPotion","Hololive_Sequa+1"],"picked":"Hololive_SummonFox","floor":39},{"not_picked":["Hololive_CallShishiroBotan+1","Hololive_LuckPotion","Hololive_CallFriendA+1"],"picked":"Hololive_CocoNews","floor":40},{"not_picked":["Hololive_DevilCharm","Hololive_CallRoboco+1","Hololive_Trident"],"picked":"Hololive_CallUruhaRushia+1","floor":42},{"not_picked":["Hololive_Sequa","Hololive_CallSakuraMiko+1","Hololive_Psychosis"],"picked":"Hololive_Rebound+1","floor":44},{"not_picked":["Hololive_Drill","Hololive_CallArtia+1","Hololive_HuntDinosaur"],"picked":"Hololive_StrengthChampion","floor":45},{"not_picked":["Hololive_CallMinatoAqua+1","Hololive_CallFriendA+1","Hololive_Drill"],"picked":"Hololive_CocoNews+1","floor":46},{"not_picked":["Hololive_StrengthChampion","Hololive_Drill","Hololive_CallAkiRosenthal+1"],"picked":"Hololive_CallAZKi+1","floor":47},{"not_picked":["Hololive_Drill","Hololive_CallHoushouMarine+1","Hololive_HuntDinosaur"],"picked":"Hololive_CallManoAloe+1","floor":48}],"player_experience":1478037,"relics_obtained":[{"floor":1,"key":"LetterFromLob"},{"floor":6,"key":"Replay:Towering Pillar of Hats"},{"floor":8,"key":"Frozen Egg 2"},{"floor":9,"key":"Bird Faced Urn"},{"floor":10,"key":"hubris:SlimyHat"},{"floor":23,"key":"Iron Hammer"},{"floor":26,"key":"Bag of Preparation"},{"floor":29,"key":"hubris:TenFootPole"},{"floor":31,"key":"Omamori"},{"floor":40,"key":"Mercury Hourglass"},{"floor":42,"key":"Golden Egg"},{"floor":43,"key":"ReplayTheSpireMod:Shallot"},{"floor":45,"key":"Replay:Wax Seal"},{"floor":49,"key":"hubris:DisguiseKit"}],"event_choices":[{"damage_healed":0,"gold_gain":0,"player_choice":"2","damage_taken":0,"max_hp_gain":0,"max_hp_loss":0,"event_name":"betterMatch:BetterMatch","floor":5,"gold_loss":0,"cards_obtained":["betterMatch:RareCard"]},{"damage_healed":0,"gold_gain":0,"player_choice":"2","damage_taken":0,"max_hp_gain":0,"max_hp_loss":0,"event_name":"betterMatch:BetterMatch","floor":21,"gold_loss":0,"cards_obtained":["betterMatch:ColorlessUncommonCard","betterMatch:ColorlessUncommonCard"]},{"damage_healed":0,"gold_gain":0,"player_choice":"Leave","damage_taken":0,"max_hp_gain":0,"max_hp_loss":0,"event_name":"conspire:Investor","floor":25,"gold_loss":0},{"damage_healed":0,"gold_gain":0,"player_choice":"Max HP","damage_taken":0,"max_hp_gain":0,"max_hp_loss":2,"event_name":"Winding Halls","floor":36,"gold_loss":0},{"cards_removed":["Hololive_Psychosis"],"damage_healed":0,"gold_gain":0,"player_choice":"Removed Attack","damage_taken":0,"max_hp_gain":0,"max_hp_loss":0,"event_name":"Falling","floor":37,"gold_loss":0}],"is_beta":false,"boss_relics":[{"not_picked":["Hololive_TopUpMoneyS","hubris:GrandSneckoEye"],"picked":"conspire:SeveredTorchhead"},{"not_picked":["Honey Jar","ChewingGum"],"picked":"Cursed Key"}],"items_purged_floors":[],"is_endless":false,"potions_floor_spawned":[1,8,10,16,22,29,31,35,44,47,48],"ascension_level":20}}