{"host":"08sn1703g14rasc1","time":1607676527,"event":{"mods":["AchievementEnabler","BaseMod","Colored Map","Colored Powertips","Hermit","Minty Spire (QoL Compilation)","StSLib"],"gold_per_floor":[112,123,48,58,58,58,73,92,92,92,92,118,129,148,148,246,246,264,278,28,39,39,39,74,173,173,173,184,35,52,63,63,158,158,176,10,22,33,33,33,83,109,184,184,200,200,232,232,232,232,232,232,11,40,40,40],"floor_reached":55,"playtime":1906,"items_purged":["Shame","Pain","Strike_R"],"score":969,"play_id":"0acbf534-d7b8-4ee6-a785-fd946594914f","local_time":"20201211004847","is_ascension_mode":true,"campfire_choices":[{"data":"Carnage","floor":6,"key":"SMITH"},{"data":"Shockwave","floor":10,"key":"SMITH"},{"data":"Combust","floor":15,"key":"SMITH"},{"floor":23,"key":"REST"},{"floor":32,"key":"RECALL"},{"floor":40,"key":"REST"},{"floor":44,"key":"REST"},{"floor":46,"key":"REST"},{"floor":49,"key":"REST"},{"floor":52,"key":"REST"}],"circlet_count":0,"master_deck":["Strike_R","Strike_R","Strike_R","Defend_R","Defend_R","Defend_R","Defend_R","Bash","Shockwave+1","Carnage+1","Combust+1","Sword Boomerang","Battle Trance","Rage","Twin Strike","Reckless Charge","Reaper","Flame Barrier+1","Disarm","Cleave","Fire Breathing+1","Wild Strike","Pummel+1","Pummel","Limit Break","Metallicize+1","Apotheosis","Ghostly Armor+1","Pommel Strike+1","Dramatic Entrance","Bloodletting","Thunderclap+1","Thunderclap+1","Rage"],"relics":["Burning Blood","WarpedTongs","Lantern","Centennial Puzzle","Self Forming Clay","Fusion Hammer","Omamori","Frozen Egg 2","Anchor","Membership Card","SacredBark","Nunchaku","StoneCalendar","Red Skull","Happy Flower","TheAbacus","StrikeDummy"],"acts_visited":["Exordium","TheCity","TheBeyond","TheEnding"],"potions_floor_usage":[7,12,16,24,30,30,33,38,42,50,50,54,54,55],"damage_taken":[{"damage":2,"enemies":"2 Louse","floor":1,"turns":3},{"damage":1,"enemies":"Cultist","floor":2,"turns":5},{"damage":4,"enemies":"Jaw Worm","floor":4,"turns":3},{"damage":3,"enemies":"3 Louse","floor":7,"turns":2},{"damage":9,"enemies":"2 Fungi Beasts","floor":8,"turns":5},{"damage":9,"enemies":"Lagavulin","floor":12,"turns":4},{"damage":11,"enemies":"Blue Slaver","floor":13,"turns":2},{"damage":4,"enemies":"Large Slime","floor":14,"turns":4},{"damage":33,"enemies":"Hexaghost","floor":16,"turns":7},{"damage":27,"enemies":"2 Thieves","floor":18,"turns":3},{"damage":12,"enemies":"3 Byrds","floor":19,"turns":7},{"damage":23,"enemies":"Centurion and Healer","floor":21,"turns":5},{"damage":6,"enemies":"Book of Stabbing","floor":24,"turns":6},{"damage":9,"enemies":"Snake Plant","floor":28,"turns":4},{"damage":2,"enemies":"3 Cultists","floor":30,"turns":3},{"damage":18,"enemies":"Centurion and Healer","floor":31,"turns":5},{"damage":55,"enemies":"Collector","floor":33,"turns":8},{"damage":1,"enemies":"Orb Walker","floor":35,"turns":4},{"damage":0,"enemies":"3 Shapes","floor":37,"turns":4},{"damage":52,"enemies":"Spire Growth","floor":38,"turns":7},{"damage":25,"enemies":"Mind Bloom Boss Battle","floor":41,"turns":6},{"damage":37,"enemies":"Reptomancer","floor":42,"turns":7},{"damage":15,"enemies":"3 Darklings","floor":45,"turns":3},{"damage":51,"enemies":"Giant Head","floor":47,"turns":8},{"damage":117,"enemies":"Time Eater","floor":50,"turns":11},{"damage":74,"enemies":"Shield and Spear","floor":54,"turns":8},{"damage":66,"enemies":"The Heart","floor":55,"turns":5}],"seed_played":"7202731225089759887","potions_obtained":[{"floor":2,"key":"Energy Potion"},{"floor":4,"key":"AttackPotion"},{"floor":8,"key":"AttackPotion"},{"floor":16,"key":"HeartOfIron"},{"floor":18,"key":"Explosive Potion"},{"floor":24,"key":"SkillPotion"},{"floor":28,"key":"Explosive Potion"},{"floor":33,"key":"Regen Potion"},{"floor":35,"key":"Swift Potion"},{"floor":38,"key":"BloodPotion"},{"floor":45,"key":"Regen Potion"},{"floor":48,"key":"DistilledChaos"},{"floor":54,"key":"AttackPotion"}],"is_trial":false,"path_per_floor":["M","M","$","M","?","R","M","M","T","R","?","E","M","M","R","B",null,"M","M","$","M","?","R","E","?","T","?","M","$","M","M","R","B",null,"M","$","M","M","?","R","?","E","T","R","M","R","E","?","R","B",null,"R","$","E","B"],"character_chosen":"IRONCLAD","items_purchased":["Omamori","Membership Card","Apotheosis","Nunchaku","Rage","Block Potion","DuplicationPotion","TheAbacus"],"campfire_rested":6,"item_purchase_floors":[20,29,36,36,53,53,53,53],"current_hp_per_floor":[92,96,96,96,96,96,96,93,93,93,86,83,78,80,80,53,85,75,81,81,70,70,96,96,96,96,96,96,96,96,84,84,35,81,86,86,92,78,78,96,87,65,65,93,87,96,61,61,89,36,81,96,96,66,0,0],"gold":40,"neow_bonus":"TWENTY_PERCENT_HP_BONUS","is_daily":false,"chose_seed":false,"campfire_upgraded":3,"win_rate":0.0,"timestamp":1607676527,"path_taken":["M","M","$","M","?","R","?","M","T","R","?","E","M","M","R","BOSS","M","M","$","M","?","R","E","?","T","?","M","?","M","M","R","BOSS","M","$","M","M","?","R","?","E","T","R","M","R","E","?","R","BOSS","R","$","E","BOSS"],"items_purchased_type":["Relic","Relic","Card","Relic","Card","Potion","Potion","Relic"],"build_version":"2020-11-30","purchased_purges":3,"victory":false,"max_hp_per_floor":[96,96,96,96,96,96,96,96,96,96,96,96,96,96,96,96,96,96,96,96,96,96,96,96,96,96,96,96,96,96,96,96,96,96,96,96,96,96,96,96,96,96,96,96,96,96,96,96,96,96,96,96,96,96,96,96],"card_choices":[{"not_picked":["Second Wind","Armaments"],"picked":"Shockwave","floor":1},{"not_picked":["Thunderclap","Twin Strike"],"picked":"Carnage","floor":2},{"not_picked":["Sword Boomerang","Warcry"],"picked":"Combust","floor":4},{"not_picked":["Havoc","Dual Wield"],"picked":"Sword Boomerang","floor":7},{"not_picked":["Warcry","Sword Boomerang"],"picked":"Battle Trance","floor":8},{"not_picked":["Clash","Impervious"],"picked":"Rage","floor":12},{"not_picked":["Uppercut","Thunderclap"],"picked":"Twin Strike","floor":13},{"not_picked":["Body Slam","Clash"],"picked":"Reckless Charge","floor":14},{"not_picked":["Brutality","Berserk"],"picked":"Reaper","floor":16},{"not_picked":["Clash","Shrug It Off"],"picked":"Flame Barrier+1","floor":18},{"not_picked":["Sever Soul+1","Headbutt+1"],"picked":"Disarm","floor":19},{"not_picked":["Perfected Strike","Clothesline"],"picked":"Cleave","floor":21},{"not_picked":["Sentinel","Seeing Red"],"picked":"Fire Breathing+1","floor":24},{"not_picked":["Shockwave","Burning Pact"],"picked":"Wild Strike","floor":28},{"not_picked":["Clothesline","Ghostly Armor"],"picked":"Pummel+1","floor":30},{"not_picked":["True Grit","Thunderclap"],"picked":"Pummel","floor":31},{"not_picked":["Berserk+1","Demon Form+1"],"picked":"Limit Break","floor":33},{"not_picked":["True Grit+1","Headbutt"],"picked":"Metallicize+1","floor":35},{"not_picked":["Battle Trance","Havoc+1"],"picked":"Ghostly Armor+1","floor":37},{"not_picked":["Twin Strike","Second Wind+1"],"picked":"Pommel Strike+1","floor":38},{"not_picked":["Thinking Ahead","Jack Of All Trades"],"picked":"Dramatic Entrance","floor":39},{"not_picked":["Iron Wave","Sword Boomerang"],"picked":"Bloodletting","floor":41},{"not_picked":["Wild Strike+1","True Grit"],"picked":"Thunderclap+1","floor":42},{"not_picked":["Body Slam","Reckless Charge","Limit Break"],"picked":"SKIP","floor":45},{"not_picked":["Pommel Strike","True Grit"],"picked":"Thunderclap+1","floor":47},{"not_picked":["Dark Embrace+1","Perfected Strike+1","Headbutt+1"],"picked":"SKIP","floor":54}],"player_experience":390260,"relics_obtained":[{"floor":9,"key":"Lantern"},{"floor":12,"key":"Self Forming Clay"},{"floor":24,"key":"Frozen Egg 2"},{"floor":26,"key":"Anchor"},{"floor":41,"key":"StoneCalendar"},{"floor":42,"key":"Red Skull"},{"floor":47,"key":"Happy Flower"},{"floor":54,"key":"StrikeDummy"}],"event_choices":[{"damage_healed":0,"gold_gain":0,"player_choice":"Rummage","damage_taken":0,"relics_obtained":["WarpedTongs"],"max_hp_gain":0,"max_hp_loss":0,"event_name":"Accursed Blacksmith","floor":5,"gold_loss":0,"cards_obtained":["Pain"]},{"damage_healed":0,"gold_gain":0,"player_choice":"Success","damage_taken":7,"relics_obtained":["Centennial Puzzle"],"max_hp_gain":0,"max_hp_loss":0,"event_name":"Scrap Ooze","floor":11,"gold_loss":0},{"damage_healed":0,"gold_gain":0,"player_choice":"Ignored","damage_taken":0,"max_hp_gain":0,"max_hp_loss":0,"event_name":"Ghosts","floor":22,"gold_loss":0},{"damage_healed":0,"gold_gain":99,"player_choice":"Stole From Cult","damage_taken":0,"max_hp_gain":0,"max_hp_loss":0,"event_name":"Nest","floor":25,"gold_loss":0},{"cards_removed":["Strike_R"],"damage_healed":0,"gold_gain":0,"player_choice":"Elegance","damage_taken":0,"max_hp_gain":0,"max_hp_loss":0,"event_name":"Back to Basics","floor":27,"gold_loss":0},{"damage_healed":0,"gold_gain":0,"player_choice":"Memory 1","damage_taken":0,"max_hp_gain":0,"max_hp_loss":0,"event_name":"SensoryStone","floor":39,"gold_loss":0},{"damage_healed":0,"gold_gain":0,"player_choice":"Fight","damage_taken":0,"max_hp_gain":0,"max_hp_loss":0,"event_name":"MindBloom","floor":41,"gold_loss":0},{"damage_healed":0,"gold_gain":0,"player_choice":"Got Potions","damage_taken":0,"max_hp_gain":0,"max_hp_loss":0,"event_name":"Lab","floor":48,"gold_loss":0}],"is_beta":false,"boss_relics":[{"not_picked":["Velvet Choker","Sozu"],"picked":"Fusion Hammer"},{"not_picked":["Pandora\u0027s Box","Runic Pyramid"],"picked":"SacredBark"}],"items_purged_floors":[3,20,53],"is_endless":false,"potions_floor_spawned":[2,4,8,16,18,24,28,33,35,38,45,54],"killed_by":"The Heart","ascension_level":7}}