{"host":"uzcks4yhskks9i02","time":1607704432,"event":{"mods":["BaseMod","Minty Spire (QoL Compilation)","Quick Restart"],"gold_per_floor":[16,32,32,45,61,101,101,134,160,200,200,241,260,278,278,407,407,427,90,90,106,126,161,161,161,161],"floor_reached":25,"playtime":1706,"items_purged":[],"score":266,"play_id":"82533441-016d-4f6c-bac4-c5a732c9f52f","local_time":"20201211093352","is_ascension_mode":true,"campfire_choices":[{"floor":7.0,"key":"REST"},{"floor":11.0,"key":"REST"},{"floor":15.0,"key":"REST"},{"floor":24.0,"key":"REST"}],"circlet_count":0,"master_deck":["Strike_B","Strike_B","Defend_B","Defend_B","Defend_B","Defend_B","Zap","Dualcast","Melter","Rip and Tear","Ball Lightning","Hologram","Consume","Stack","Doom and Gloom","Machine Learning","Defragment","Sweeping Beam","Steam","Hello World","Rainbow","Storm+1","Self Repair","Writhe","Leap+1","Fusion","Sunder"],"relics":["Cracked Core","Golden Idol","Ornamental Fan","Potion Belt","Centennial Puzzle","Lantern","Bottled Lightning","Inserter","Orichalcum","Strange Spoon","Shuriken","Oddly Smooth Stone"],"acts_visited":["Exordium","TheCity"],"potions_floor_usage":[25,25,25],"damage_taken":[{"damage":1.0,"enemies":"2 Louse","floor":1.0,"turns":2.0},{"damage":1.0,"enemies":"Jaw Worm","floor":2.0,"turns":2.0},{"damage":2.0,"enemies":"Small Slimes","floor":4.0,"turns":3.0},{"damage":5.0,"enemies":"Exordium Thugs","floor":5.0,"turns":3.0},{"damage":14.0,"enemies":"Gremlin Nob","floor":6.0,"turns":3.0},{"damage":31.0,"enemies":"Lagavulin","floor":8.0,"turns":6.0},{"damage":13.0,"enemies":"3 Sentries","floor":10.0,"turns":4.0},{"damage":20.0,"enemies":"Lagavulin","floor":12.0,"turns":6.0},{"damage":4.0,"enemies":"Looter","floor":13.0,"turns":3.0},{"damage":7.0,"enemies":"Large Slime","floor":14.0,"turns":3.0},{"damage":5.0,"enemies":"Hexaghost","floor":16.0,"turns":11.0},{"damage":0.0,"enemies":"Spheric Guardian","floor":18.0,"turns":2.0},{"damage":8.0,"enemies":"Shell Parasite","floor":21.0,"turns":4.0},{"damage":18.0,"enemies":"Chosen and Byrds","floor":22.0,"turns":7.0},{"damage":42.0,"enemies":"Book of Stabbing","floor":23.0,"turns":8.0},{"damage":48,"enemies":"Slavers","floor":25,"turns":4}],"seed_played":"1622797599197716363","potions_obtained":[{"floor":2.0,"key":"Fire Potion"},{"floor":5.0,"key":"Fire Potion"},{"floor":8.0,"key":"LiquidMemories"},{"floor":12.0,"key":"LiquidBronze"},{"floor":14.0,"key":"SpeedPotion"},{"floor":16.0,"key":"DuplicationPotion"},{"floor":21.0,"key":"PowerPotion"}],"is_trial":false,"path_per_floor":["M","M","?","M","M","E","R","E","T","E","R","E","M","M","R","B",null,"M","$","?","M","M","E","R","E"],"character_chosen":"DEFECT","items_purchased":["Self Repair","Orichalcum","Strange Spoon"],"campfire_rested":4,"item_purchase_floors":[19,19,19],"current_hp_per_floor":[74,73,55,53,48,34,56,25,25,12,34,14,10,3,25,20,75,75,75,75,67,56,21,43,0,0],"gold":161,"neow_bonus":"TRANSFORM_TWO_CARDS","is_daily":false,"chose_seed":false,"campfire_upgraded":0,"win_rate":0.0,"timestamp":1607704432,"path_taken":["M","M","?","M","M","E","R","E","T","E","R","E","M","M","R","BOSS","M","$","?","M","M","E","R","E"],"items_purchased_type":["Card","Relic","Relic"],"build_version":"2020-11-30","purchased_purges":0,"victory":false,"max_hp_per_floor":[75,75,75,75,75,75,75,75,75,75,75,75,75,75,75,75,75,75,75,75,75,75,75,75,75,75],"card_choices":[{"not_picked":["Turbo","Force Field"],"picked":"Ball Lightning","floor":1.0},{"not_picked":["Cold Snap","Beam Cell"],"picked":"Hologram","floor":2.0},{"not_picked":["Conserve Battery","Cold Snap"],"picked":"Consume","floor":4.0},{"not_picked":["Sweeping Beam","Recycle"],"picked":"Stack","floor":5.0},{"not_picked":["Heatsinks","Steam Power"],"picked":"Doom and Gloom","floor":6.0},{"not_picked":["Gash","Fusion"],"picked":"Machine Learning","floor":8.0},{"not_picked":["Leap","Conserve Battery"],"picked":"Defragment","floor":10.0},{"not_picked":["Scrape","Recycle"],"picked":"Sweeping Beam","floor":12.0},{"not_picked":["Gash","Coolheaded"],"picked":"Steam","floor":13.0},{"not_picked":["Go for the Eyes","Coolheaded"],"picked":"Hello World","floor":14.0},{"not_picked":["Meteor Strike","Seek"],"picked":"Rainbow","floor":16.0},{"not_picked":["Fusion","Go for the Eyes+1"],"picked":"Storm+1","floor":18.0},{"not_picked":["Chill","Rebound+1"],"picked":"Leap+1","floor":21.0},{"not_picked":["Reinforced Body","Beam Cell"],"picked":"Fusion","floor":22.0},{"not_picked":["Reprogram","Sweeping Beam"],"picked":"Sunder","floor":23.0}],"player_experience":430604,"relics_obtained":[{"floor":6.0,"key":"Ornamental Fan"},{"floor":8.0,"key":"Potion Belt"},{"floor":9.0,"key":"Centennial Puzzle"},{"floor":10.0,"key":"Lantern"},{"floor":12.0,"key":"Bottled Lightning"},{"floor":23.0,"key":"Oddly Smooth Stone"}],"event_choices":[{"damage_healed":0.0,"max_hp_gain":0.0,"max_hp_loss":0.0,"gold_gain":0.0,"event_name":"Golden Idol","player_choice":"Take Damage","floor":3.0,"gold_loss":0.0,"damage_taken":18.0,"relics_obtained":["Golden Idol"]},{"damage_healed":0.0,"max_hp_gain":0.0,"max_hp_loss":0.0,"gold_gain":0.0,"event_name":"The Mausoleum","player_choice":"Opened","floor":20.0,"gold_loss":0.0,"damage_taken":0.0,"relics_obtained":["Shuriken"],"cards_obtained":["Writhe"]}],"is_beta":false,"boss_relics":[{"not_picked":["Calling Bell","Black Star"],"picked":"Inserter"}],"items_purged_floors":[],"is_endless":false,"potions_floor_spawned":[2,5,8,12,14,16,21],"killed_by":"Slavers","ascension_level":1}}