{"host":"qwttrqaysb380yri","time":1607725832,"event":{"mods":["BaseMod","Custom Start","Minty Spire (QoL Compilation)","Puzzle Mod","Relic Stats","StSLib","The Cursed","The Hierophant"],"gold_per_floor":[110,133,158,17,60,60,91,91,117,160,194,194,250,289,289,350,350,340,340,360,373,216,216,257,257,257,301,52,161,177,210,210,103,103],"floor_reached":33,"playtime":1376,"items_purged":[],"score":589,"play_id":"52634950-04d8-4933-9a20-1996a2d6c468","local_time":"20201211233032","is_ascension_mode":true,"campfire_choices":[{"data":"hierophant:Batter","floor":6,"key":"SMITH"},{"floor":8,"key":"REST"},{"floor":12,"key":"REST"},{"floor":15,"key":"REST"},{"data":"hierophant:Cornucopia","floor":23,"key":"SMITH"},{"floor":25,"key":"REST"},{"floor":32,"key":"REST"}],"circlet_count":0,"master_deck":["AscendersBane","hierophant:Strike_Hierophant+1","hierophant:Punish","hierophant:Defend_Hierophant+1","hierophant:Defend_Hierophant+1","hierophant:Defend_Hierophant+1","hierophant:Defend_Hierophant+1","hierophant:ChurchCoffers","Dark Shackles","hierophant:Doubloon","hierophant:RecallFunds","hierophant:FlamingChariot","hierophant:FlamingChariot","hierophant:CursedGold","hierophant:Doubloon","hierophant:CoinFling","hierophant:Doubloon","hierophant:Batter+1","hierophant:Zeal","hierophant:Shelter","hierophant:FieryStrike","hierophant:Invocation","hierophant:AuricForm+1","hierophant:Chorus+1","hierophant:Upheaval+1","hierophant:Doubloon","hierophant:CoinFling","hierophant:OrnateBuckler","hierophant:Charity","hierophant:Doubloon","hierophant:Cornucopia+1","hierophant:ThreeLashes","hierophant:Doubloon","hierophant:Charity","hierophant:OrnateBuckler","hierophant:Mercenaries","hierophant:Mercenaries","hierophant:Exaltation"],"relics":["hierophant:PropheticMaskRelic","Ancient Tea Set","MealTicket","Regal Pillow","Astrolabe","Eternal Feather","Strange Spoon","Bottled Lightning"],"acts_visited":["Exordium","TheCity"],"potions_floor_usage":[10,13,16,21,21,27,31,33],"damage_taken":[{"damage":11,"enemies":"Cultist","floor":1,"turns":5},{"damage":2,"enemies":"Jaw Worm","floor":2,"turns":4},{"damage":1,"enemies":"Small Slimes","floor":3,"turns":4},{"damage":8,"enemies":"3 Louse","floor":5,"turns":3},{"damage":8,"enemies":"Blue Slaver","floor":7,"turns":4},{"damage":27,"enemies":"3 Sentries","floor":10,"turns":6},{"damage":9,"enemies":"Red Slaver","floor":11,"turns":2},{"damage":24,"enemies":"Gremlin Nob","floor":13,"turns":4},{"damage":0,"enemies":"2 Fungi Beasts","floor":14,"turns":3},{"damage":51,"enemies":"Slime Boss","floor":16,"turns":12},{"damage":20,"enemies":"3 Byrds","floor":18,"turns":3},{"damage":12,"enemies":"Chosen","floor":20,"turns":2},{"damage":13,"enemies":"Snecko","floor":21,"turns":4},{"damage":14,"enemies":"Shelled Parasite and Fungi","floor":24,"turns":2},{"damage":9,"enemies":"Centurion and Healer","floor":27,"turns":6},{"damage":46,"enemies":"Gremlin Leader","floor":29,"turns":9},{"damage":12,"enemies":"Chosen and Byrds","floor":30,"turns":2},{"damage":0,"enemies":"Snecko","floor":31,"turns":3},{"damage":72,"enemies":"Collector","floor":33,"turns":5}],"seed_played":"-625157192725540820","potions_obtained":[{"floor":1,"key":"Weak Potion"},{"floor":5,"key":"BlessingOfTheForge"},{"floor":10,"key":"ColorlessPotion"},{"floor":18,"key":"Weak Potion"},{"floor":20,"key":"Fruit Juice"},{"floor":21,"key":"AttackPotion"},{"floor":24,"key":"Swift Potion"},{"floor":30,"key":"CultistPotion"}],"is_trial":false,"path_per_floor":["M","M","M","$","M","R","M","R","T","E","M","R","E","M","R","B",null,"M","?","M","M","$","R","M","R","T","M","$","E","M","M","R","B"],"character_chosen":"HIEROPHANT","items_purchased":["hierophant:CursedGold","hierophant:CoinFling","hierophant:Charity","hierophant:Cornucopia","Strange Spoon","hierophant:OrnateBuckler","hierophant:Mercenaries"],"campfire_rested":5,"item_purchase_floors":[4,4,22,22,28,28,28],"current_hp_per_floor":[57,55,54,54,46,46,38,60,60,33,24,46,22,22,59,8,58,38,38,26,18,33,33,19,58,58,49,64,18,6,6,66,0,0],"gold":103,"neow_bonus":"RANDOM_COLORLESS","is_daily":false,"chose_seed":false,"campfire_upgraded":2,"win_rate":0.0,"timestamp":1607725832,"path_taken":["M","M","M","$","M","R","M","R","T","E","?","R","E","M","R","BOSS","M","?","M","M","$","R","M","R","T","M","$","E","M","M","R","BOSS"],"items_purchased_type":["Card","Card","Card","Card","Relic","Card","Card"],"build_version":"2020-11-30","purchased_purges":0,"victory":false,"max_hp_per_floor":[75,75,75,75,75,75,75,75,75,75,75,75,75,75,75,75,75,75,75,75,80,80,80,80,80,80,80,80,80,80,80,80,80,80],"relic_stats":{"Strange Spoon":[20],"Regal Pillow":45,"counters":[19,83],"Astrolabe":["hierophant:AuricForm","hierophant:Chorus","hierophant:Upheaval"],"MealTicket":30,"Eternal Feather":21,"obtain_stats":[{"Strange Spoon":28,"Regal Pillow":13,"hierophant:PropheticMaskRelic":0,"Astrolabe":17,"MealTicket":10,"Eternal Feather":26,"Bottled Lightning":29,"Ancient Tea Set":9},{"Strange Spoon":15,"Regal Pillow":8,"hierophant:PropheticMaskRelic":0,"Astrolabe":10,"MealTicket":6,"Eternal Feather":14,"Bottled Lightning":16,"Ancient Tea Set":5},{"Strange Spoon":64,"Regal Pillow":32,"hierophant:PropheticMaskRelic":0,"Astrolabe":47,"MealTicket":26,"Eternal Feather":58,"Bottled Lightning":73,"Ancient Tea Set":20}]},"card_choices":[{"not_picked":["Purity","Finesse"],"picked":"Dark Shackles","floor":0},{"not_picked":["hierophant:ThreeLashes","hierophant:Encroach"],"picked":"hierophant:RecallFunds","floor":1},{"not_picked":["hierophant:Exaltation","hierophant:AuricBeam"],"picked":"hierophant:FlamingChariot","floor":2},{"not_picked":["hierophant:Shelter","hierophant:Patience"],"picked":"hierophant:FlamingChariot","floor":3},{"not_picked":["hierophant:Remorse","hierophant:PassingBell"],"picked":"hierophant:Batter","floor":5},{"not_picked":["hierophant:FaithHealing","hierophant:Refuge"],"picked":"hierophant:Zeal","floor":7},{"not_picked":["hierophant:Rebuild","hierophant:Anathema"],"picked":"hierophant:Shelter","floor":10},{"not_picked":["hierophant:Exaltation","hierophant:Blessing","hierophant:CursedGold"],"picked":"SKIP","floor":11},{"not_picked":["hierophant:CoinFling","hierophant:Sermon"],"picked":"hierophant:FieryStrike","floor":13},{"not_picked":["hierophant:ArchangelShield","hierophant:Exaltation","hierophant:SealAway"],"picked":"SKIP","floor":14},{"not_picked":["hierophant:DeathKnell","hierophant:AuricForm"],"picked":"hierophant:Invocation","floor":16},{"not_picked":["hierophant:CoinFling","hierophant:AuricBeam","hierophant:Exaltation"],"picked":"SKIP","floor":18},{"not_picked":["hierophant:AuricBeam","hierophant:Exaltation"],"picked":"hierophant:CoinFling","floor":18},{"not_picked":["hierophant:Doubloon","hierophant:CoinFling+1","hierophant:Zeal"],"picked":"SKIP","floor":20},{"not_picked":["hierophant:Zeal","hierophant:Doubloon"],"picked":"hierophant:OrnateBuckler","floor":21},{"not_picked":["hierophant:PristineSoul","hierophant:Remorse"],"picked":"hierophant:ThreeLashes","floor":24},{"not_picked":["hierophant:Purify","hierophant:RepressedViolence"],"picked":"hierophant:Charity","floor":27},{"not_picked":["hierophant:AuricBeam","hierophant:Levitation"],"picked":"hierophant:Mercenaries","floor":29},{"not_picked":["hierophant:FlamingChariot","hierophant:Upheaval","hierophant:Purify"],"picked":"SKIP","floor":30},{"not_picked":["hierophant:Encroach","hierophant:AuricBeam"],"picked":"hierophant:Exaltation","floor":31}],"player_experience":1814556,"relics_obtained":[{"floor":9,"key":"Ancient Tea Set"},{"floor":10,"key":"MealTicket"},{"floor":13,"key":"Regal Pillow"},{"floor":26,"key":"Eternal Feather"},{"floor":29,"key":"Bottled Lightning"}],"event_choices":[{"damage_healed":0,"gold_gain":0,"player_choice":"Simplicity","damage_taken":0,"max_hp_gain":0,"max_hp_loss":0,"event_name":"Back to Basics","floor":19,"gold_loss":0,"cards_upgraded":["hierophant:Strike_Hierophant","hierophant:Defend_Hierophant","hierophant:Defend_Hierophant","hierophant:Defend_Hierophant","hierophant:Defend_Hierophant"]}],"is_beta":false,"boss_relics":[{"not_picked":["Coffee Dripper","SacredBark"],"picked":"Astrolabe"}],"items_purged_floors":[],"is_endless":false,"potions_floor_spawned":[1,5,7,10,18,20,21,24,30],"killed_by":"Collector","ascension_level":15}}