{"host":"9anmc1688xy4jiyg","time":1607720680,"event":{"mods":["AchievementEnabler","BaseMod","Highlight Path","Minty Spire (QoL Compilation)","Relic Stats","StSLib","ojb\u0027s Info Mod"],"gold_per_floor":[118,132,146,165,165,165,191,205,231,293,293,316,345,368,380,493,505,536,548,571,583,510,522,564,596,635,647,659,687,725,752,764,871,883,914,533,587,587,606,606,637,637,664,684,709,726,743,762,762,762],"floor_reached":51,"playtime":4686,"items_purged":["Writhe"],"score":1176,"play_id":"076db3a3-0505-431a-8479-3304aa9693c5","local_time":"20201211220440","is_ascension_mode":true,"campfire_choices":[{"data":"Apotheosis","floor":6.0,"key":"SMITH"},{"floor":11.0,"key":"REST"},{"data":"Footwork","floor":15.0,"key":"SMITH"},{"floor":23.0,"key":"REST"},{"floor":28.0,"key":"REST"},{"floor":32.0,"key":"REST"},{"floor":40.0,"key":"REST"},{"floor":42.0,"key":"REST"},{"floor":49,"key":"REST"}],"circlet_count":0,"master_deck":["AscendersBane","Strike_G","Strike_G","Strike_G","Strike_G","Defend_G","Defend_G","Defend_G","Defend_G","Defend_G","Survivor","Neutralize","Apotheosis+1","Dagger Spray","Flying Knee","Cloak And Dagger","Accuracy","Caltrops","Prepared","Finisher","Burst","PiercingWail","Footwork+1","Corpse Explosion","Well Laid Plans","Cloak And Dagger","Backflip","Deflect+1","Deadly Poison+1","Burst","Storm of Steel","Noxious Fumes+1","Blur","Footwork","Dash+1","Backflip","PiercingWail","Regret","Leg Sweep","Doubt","Accuracy","Noxious Fumes"],"relics":["Ring of the Snake","Bronze Scales","Regal Pillow","Happy Flower","Odd Mushroom","MawBank","Fusion Hammer","MealTicket","Enchiridion","Potion Belt","Tiny Chest","Boot","Toy Ornithopter","Cursed Key","Oddly Smooth Stone","Ginger","Akabeko","Snake Skull","Lantern"],"acts_visited":["Exordium","TheCity","TheBeyond"],"potions_floor_usage":[47,48,50,50],"damage_taken":[{"damage":3.0,"enemies":"Cultist","floor":1.0,"turns":4.0},{"damage":5.0,"enemies":"Jaw Worm","floor":2.0,"turns":4.0},{"damage":0.0,"enemies":"Small Slimes","floor":3.0,"turns":3.0},{"damage":3.0,"enemies":"3 Louse","floor":4.0,"turns":4.0},{"damage":6.0,"enemies":"Gremlin Nob","floor":7.0,"turns":5.0},{"damage":3.0,"enemies":"Blue Slaver","floor":8.0,"turns":4.0},{"damage":9.0,"enemies":"Gremlin Nob","floor":10.0,"turns":4.0},{"damage":12.0,"enemies":"The Mushroom Lair","floor":12.0,"turns":3.0},{"damage":9.0,"enemies":"3 Sentries","floor":13.0,"turns":6.0},{"damage":7.0,"enemies":"Looter","floor":14.0,"turns":4.0},{"damage":12.0,"enemies":"Hexaghost","floor":16.0,"turns":6.0},{"damage":7.0,"enemies":"Spheric Guardian","floor":18.0,"turns":5.0},{"damage":8.0,"enemies":"Shell Parasite","floor":20.0,"turns":6.0},{"damage":9.0,"enemies":"Book of Stabbing","floor":24.0,"turns":5.0},{"damage":8.0,"enemies":"Cultist and Chosen","floor":25.0,"turns":5.0},{"damage":2.0,"enemies":"Centurion and Healer","floor":29.0,"turns":6.0},{"damage":18.0,"enemies":"Slavers","floor":30.0,"turns":5.0},{"damage":12.0,"enemies":"Snecko","floor":31.0,"turns":6.0},{"damage":54.0,"enemies":"Champ","floor":33.0,"turns":13.0},{"damage":6.0,"enemies":"3 Shapes","floor":35.0,"turns":2.0},{"damage":30.0,"enemies":"2 Orb Walkers","floor":37.0,"turns":6.0},{"damage":18.0,"enemies":"3 Darklings","floor":39.0,"turns":4.0},{"damage":1.0,"enemies":"Nemesis","floor":41.0,"turns":5.0},{"damage":28.0,"enemies":"Spire Growth","floor":44.0,"turns":5.0},{"damage":14.0,"enemies":"4 Shapes","floor":46.0,"turns":6.0},{"damage":8,"enemies":"Transient","floor":47,"turns":5},{"damage":1,"enemies":"Jaw Worm Horde","floor":48,"turns":5},{"damage":40,"enemies":"Time Eater","floor":50,"turns":12}],"seed_played":"876683566496159493","potions_obtained":[{"floor":2.0,"key":"Swift Potion"},{"floor":4.0,"key":"Block Potion"},{"floor":7.0,"key":"Weak Potion"},{"floor":10.0,"key":"CunningPotion"},{"floor":14.0,"key":"Weak Potion"},{"floor":20.0,"key":"Energy Potion"},{"floor":25.0,"key":"Block Potion"},{"floor":29.0,"key":"Explosive Potion"},{"floor":30.0,"key":"LiquidBronze"},{"floor":31.0,"key":"SpeedPotion"},{"floor":37.0,"key":"Explosive Potion"},{"floor":44.0,"key":"LiquidMemories"}],"is_trial":false,"path_per_floor":["M","M","M","M","?","R","E","M","T","?","R","?","E","M","R","B",null,"M","?","M","?","?","R","E","M","T","?","R","M","E","M","R","B",null,"M","$","?","?","M","R","E","R","T","M","T","M","M","M","R","B",null],"character_chosen":"THE_SILENT","items_purchased":["Oddly Smooth Stone","Blur","Footwork","PowerPotion"],"campfire_rested":7,"item_purchase_floors":[36,36,36,36],"current_hp_per_floor":[60,55,55,52,45,45,39,36,36,27,63,51,42,35,35,23,58,51,51,43,27,27,63,54,46,46,33,70,68,50,38,75,26,63,57,72,42,42,29,66,65,75,75,47,47,33,30,34,71,41],"gold":762,"neow_bonus":"RANDOM_COLORLESS_2","is_daily":false,"chose_seed":false,"campfire_upgraded":2,"win_rate":0.0,"timestamp":1607720680,"path_taken":["M","?","M","M","?","R","E","M","T","?","R","?","E","M","R","BOSS","M","?","M","?","?","R","E","M","T","?","R","M","E","M","R","BOSS","M","$","?","?","M","R","E","R","T","M","?","M","?","M","R","BOSS"],"items_purchased_type":["Relic","Card","Card","Potion"],"build_version":"2020-11-30","purchased_purges":1,"victory":true,"max_hp_per_floor":[70,70,70,70,70,70,70,70,70,70,70,70,70,70,70,70,70,70,70,70,70,70,70,70,70,70,75,75,75,75,75,75,75,75,75,75,75,75,75,75,75,75,75,75,75,75,75,75,75,75],"relic_stats":{"Regal Pillow":90,"Happy Flower":[40],"counters":[28,148],"Snake Skull":[31],"Ginger":[1],"MawBank":276,"Boot":[67],"Cursed Key":2,"Bronze Scales":[420],"MealTicket":15,"Tiny Chest":1,"obtain_stats":[{"Potion Belt":22,"Regal Pillow":9,"Lantern":45,"Happy Flower":10,"Enchiridion":21,"Oddly Smooth Stone":36,"Snake Skull":43,"Ginger":37,"Odd Mushroom":12,"MawBank":13,"Boot":26,"Cursed Key":34,"Akabeko":41,"Bronze Scales":7,"MealTicket":19,"Tiny Chest":24,"Fusion Hammer":17,"Toy Ornithopter":30,"Ring of the Snake":0},{"Potion Belt":13,"Regal Pillow":6,"Lantern":24,"Happy Flower":7,"Enchiridion":13,"Oddly Smooth Stone":20,"Snake Skull":23,"Ginger":21,"Odd Mushroom":8,"MawBank":9,"Boot":15,"Cursed Key":19,"Akabeko":23,"Bronze Scales":5,"MealTicket":12,"Tiny Chest":14,"Fusion Hammer":11,"Toy Ornithopter":17,"Ring of the Snake":0},{"Potion Belt":58,"Regal Pillow":24,"Lantern":120,"Happy Flower":28,"Enchiridion":58,"Oddly Smooth Stone":100,"Snake Skull":115,"Ginger":106,"Odd Mushroom":31,"MawBank":37,"Boot":68,"Cursed Key":98,"Akabeko":115,"Bronze Scales":20,"MealTicket":52,"Tiny Chest":63,"Fusion Hammer":47,"Toy Ornithopter":79,"Ring of the Snake":0}],"Toy Ornithopter":30,"Ring of the Snake":[56]},"card_choices":[{"not_picked":["The Bomb","Magnetism"],"picked":"Apotheosis","floor":0.0},{"not_picked":["Tactician","Well Laid Plans"],"picked":"Dagger Spray","floor":1.0},{"not_picked":["Skewer","Prepared"],"picked":"Flying Knee","floor":2.0},{"not_picked":["Sucker Punch","Backflip"],"picked":"Cloak And Dagger","floor":3.0},{"not_picked":["Reflex","Dodge and Roll"],"picked":"Accuracy","floor":4.0},{"not_picked":["Grand Finale","Dagger Spray"],"picked":"Caltrops","floor":7.0},{"not_picked":["Heel Hook","Expertise"],"picked":"Prepared","floor":8.0},{"not_picked":["Poisoned Stab","Acrobatics"],"picked":"Finisher","floor":10.0},{"not_picked":["Acrobatics","Riddle With Holes"],"picked":"Burst","floor":12.0},{"not_picked":["Acrobatics","Quick Slash"],"picked":"PiercingWail","floor":13.0},{"not_picked":["Underhanded Strike","Flying Knee"],"picked":"Footwork","floor":14.0},{"not_picked":["Wraith Form v2","Unload"],"picked":"Corpse Explosion","floor":16.0},{"not_picked":["Flying Knee","All Out Attack"],"picked":"Well Laid Plans","floor":18.0},{"not_picked":["Slice","Sucker Punch","Masterful Stab"],"picked":"SKIP","floor":20.0},{"not_picked":["Concentrate","Poisoned Stab"],"picked":"Cloak And Dagger","floor":24.0},{"not_picked":["Distraction+1","Dodge and Roll"],"picked":"Backflip","floor":25.0},{"not_picked":["PiercingWail","Backstab"],"picked":"Deflect+1","floor":29.0},{"not_picked":["Skewer","Reflex"],"picked":"Deadly Poison+1","floor":30.0},{"not_picked":["Predator","Endless Agony"],"picked":"Burst","floor":31.0},{"not_picked":["Die Die Die","Night Terror"],"picked":"Storm of Steel","floor":33.0},{"not_picked":["Acrobatics+1","Prepared"],"picked":"Noxious Fumes+1","floor":35.0},{"not_picked":["Outmaneuver","Blade Dance"],"picked":"Dash+1","floor":37.0},{"not_picked":["Quick Slash","Cloak And Dagger"],"picked":"Backflip","floor":39.0},{"not_picked":["Flying Knee","Backflip"],"picked":"PiercingWail","floor":41.0},{"not_picked":["Underhanded Strike","Dagger Spray"],"picked":"Leg Sweep","floor":44.0},{"not_picked":["Bane","Heel Hook"],"picked":"Accuracy","floor":46.0},{"not_picked":["Heel Hook","Burst"],"picked":"Noxious Fumes","floor":47},{"not_picked":["Flying Knee","Concentrate","Bane"],"picked":"SKIP","floor":48}],"player_experience":430991,"relics_obtained":[{"floor":7.0,"key":"Bronze Scales"},{"floor":9.0,"key":"Regal Pillow"},{"floor":10.0,"key":"Happy Flower"},{"floor":12.0,"key":"Odd Mushroom"},{"floor":13.0,"key":"MawBank"},{"floor":21.0,"key":"Enchiridion"},{"floor":24.0,"key":"Tiny Chest"},{"floor":26.0,"key":"Boot"},{"floor":30.0,"key":"Toy Ornithopter"},{"floor":37.0,"key":"Ginger"},{"floor":41.0,"key":"Akabeko"},{"floor":43.0,"key":"Snake Skull"},{"floor":45.0,"key":"Lantern"}],"event_choices":[{"cards_removed":["Strike_G"],"damage_healed":0.0,"max_hp_gain":0.0,"max_hp_loss":0.0,"gold_gain":0.0,"event_name":"Golden Wing","player_choice":"Card Removal","floor":5.0,"gold_loss":0.0,"damage_taken":7.0},{"damage_healed":0.0,"max_hp_gain":0.0,"max_hp_loss":0.0,"gold_gain":30.0,"event_name":"Dead Adventurer","player_choice":"Searched \u00272\u0027 times","floor":10.0,"gold_loss":0.0,"damage_taken":0.0},{"damage_healed":0.0,"max_hp_gain":0.0,"max_hp_loss":0.0,"gold_gain":0.0,"event_name":"Mushrooms","player_choice":"Fought Mushrooms","floor":12.0,"gold_loss":0.0,"damage_taken":0.0},{"damage_healed":0.0,"max_hp_gain":0.0,"max_hp_loss":0.0,"gold_gain":0.0,"event_name":"The Mausoleum","player_choice":"Opened","floor":19.0,"gold_loss":0.0,"damage_taken":0.0,"relics_obtained":["MealTicket"],"cards_obtained":["Writhe"]},{"damage_healed":0.0,"max_hp_gain":0.0,"max_hp_loss":0.0,"gold_gain":0.0,"event_name":"Cursed Tome","player_choice":"Obtained Book","floor":21.0,"gold_loss":0.0,"damage_taken":16.0},{"damage_healed":0.0,"max_hp_gain":0.0,"max_hp_loss":0.0,"gold_gain":0.0,"event_name":"Addict","player_choice":"Obtained Relic","floor":22.0,"gold_loss":85.0,"damage_taken":0.0,"relics_obtained":["Potion Belt"]},{"damage_healed":0.0,"max_hp_gain":5.0,"max_hp_loss":0.0,"gold_gain":0.0,"event_name":"Forgotten Altar","player_choice":"Shed Blood","floor":27.0,"gold_loss":0.0,"damage_taken":18.0},{"damage_healed":0.0,"max_hp_gain":0.0,"max_hp_loss":0.0,"gold_gain":0.0,"event_name":"Mysterious Sphere","player_choice":"Fight","floor":37.0,"gold_loss":0.0,"damage_taken":0.0},{"cards_removed":["Writhe"],"damage_healed":0.0,"max_hp_gain":0.0,"max_hp_loss":0.0,"gold_gain":0.0,"event_name":"Wheel of Change","player_choice":"Card Removal","floor":38.0,"gold_loss":0.0,"damage_taken":0.0}],"is_beta":false,"boss_relics":[{"not_picked":["WristBlade","HoveringKite"],"picked":"Fusion Hammer"},{"not_picked":["Black Star","Velvet Choker"],"picked":"Cursed Key"}],"items_purged_floors":[36],"is_endless":false,"potions_floor_spawned":[2,4,7,10,14,20,25,29,30,31,37,44],"ascension_level":12}}