{"host":"87w2793jpavfbt1o","time":1607676623,"event":{"mods":["AchievementEnabler","Aspiration","BaseMod","Better Altar","Better Match","Better Note","Better Sensory Stone","Better Skull","Better Third Choice","Better Vampires","BetterRewards","Conspire","Displayed Cursed Tome","Downfall","Energized Spire","Filter the Spire","Halation","Highlight Path","Hubris","Infinite Spire","Marked Mod","Minty Spire (QoL Compilation)","Practice Mode","Prisma Mod","Relic Filter","Relic Sorter","Replay The Spire","SIMod","Shop Mod","StSLib","TestMod","??????REMEMod"],"gold_per_floor":[114,129,129,144,154,154,154],"floor_reached":6,"playtime":1018,"items_purged":[],"score":53,"play_id":"16a5e5d2-c1cd-45b0-9919-0233fbe0f890","local_time":"20201211005023","is_ascension_mode":true,"campfire_choices":[],"circlet_count":0,"master_deck":["Strike_P","Strike_P","Strike_P","Strike_P","Defend_P","Defend_P","Defend_P","Defend_P","Eruption","Vigilance","testmod-EnhanceArmerment","expansioncontent:QuickStudy","expansioncontent:QuickStudy","MarkedMod:FirstStrike","MarkedMod:FirstStrike","CutThroughFate","Swivel","Madness","ClearTheMind","Prostrate"],"relics":["PureWater","REME_ComplimentaryCards","testmod-TestBox","testmod-InfectionSource","halation:NonexistentMirror"],"acts_visited":["Exordium"],"potions_floor_usage":[5,5],"damage_taken":[{"damage":7,"enemies":"Jaw Worm","floor":1,"turns":3},{"damage":7,"enemies":"2 Louse","floor":2,"turns":2},{"damage":0,"enemies":"Small Slimes","floor":4,"turns":5},{"damage":0,"enemies":"Looter","floor":5,"turns":2},{"damage":46,"enemies":"3 Sentries","floor":6,"turns":6}],"seed_played":"6953228457245886727","potions_obtained":[{"floor":1,"key":"Strength Potion"},{"floor":4,"key":"BlessingOfTheForge"}],"is_trial":false,"path_per_floor":["M","M","?","M","M","E"],"character_chosen":"WATCHER","items_purchased":["halation:NonexistentMirror","expansioncontent:QuickStudy","MarkedMod:FirstStrike"],"campfire_rested":0,"item_purchase_floors":[0,0,0],"current_hp_per_floor":[43,36,36,44,44,0,0],"gold":154,"neow_bonus":"","is_daily":false,"chose_seed":false,"campfire_upgraded":0,"win_rate":0.0,"timestamp":1607676623,"path_taken":["M","M","?","M","M","E"],"items_purchased_type":["Relic","Card","Card"],"build_version":"2020-11-30","purchased_purges":0,"victory":false,"max_hp_per_floor":[72,72,72,72,72,72,72],"card_choices":[{"not_picked":["Protect","BowlingBash"],"picked":"CutThroughFate","floor":1},{"not_picked":["Adaptation","Conclude"],"picked":"Swivel","floor":2},{"not_picked":["Flash of Steel","Blind"],"picked":"Madness","floor":3},{"not_picked":["Replay:AllIn","DeceiveReality"],"picked":"ClearTheMind","floor":4},{"not_picked":["Protect","CrushJoints"],"picked":"Prostrate","floor":5}],"player_experience":609214,"relics_obtained":[],"event_choices":[{"damage_healed":0,"gold_gain":1,"player_choice":"1","damage_taken":0,"max_hp_gain":0,"max_hp_loss":0,"event_name":"betterStone:BetterStone","floor":3,"gold_loss":0}],"is_beta":false,"boss_relics":[],"items_purged_floors":[],"is_endless":false,"potions_floor_spawned":[1,4],"killed_by":"3 Sentries","ascension_level":8}}