{"host":"wnbfov91sqg45vrw","time":1607728736,"event":{"mods":["BaseMod","Downfall","GifTheSpireLib","Marisa????????","Minty Spire (QoL Compilation)","StSLib","The Jungle","The Necromancer","The Servant 0.9.4"],"gold_per_floor":[111,111,36,48,67,67,81,96,177,177,252,265,290,306,306,402,402,412,423,26,41,41,91,91,104,129,129,161,161,203,228,240,356,368,399,411,443,12,62,93,93,107,107,107,139,151,169,217,217,217,217,217,3,33,33],"floor_reached":56,"playtime":4297,"items_purged":["Pain","Strike_W","Strike_W","Strike_W"],"score":1299,"play_id":"8ff510a7-0d80-4c00-bcb4-ba81d77dca3f","local_time":"20201211171856","is_ascension_mode":false,"campfire_choices":[{"data":"Summon_Undead","floor":6,"key":"SMITH"},{"data":"Consume_Illness","floor":10,"key":"SMITH"},{"data":"Summon_Vampire_Lady","floor":15,"key":"SMITH"},{"floor":24,"key":"DIG"},{"floor":27,"key":"DIG"},{"floor":29,"key":"DIG"},{"floor":32,"key":"DIG"},{"floor":41,"key":"DIG"},{"floor":44,"key":"DIG"},{"floor":49,"key":"RECALL"},{"floor":52,"key":"DIG"}],"circlet_count":0,"master_deck":["Strike_W","Defend_W","Defend_W","Defend_W","Defend_W","Negative_Energy_Arrows","Bone_Wall","Summon_Undead+1","Consume_Illness+1","Necrotic_Claws","Corrupt","Negative_Energy_Sphere","Summon_Undead","Summon_Vampire_Lady+1","Summon_Undead_Army","Bone_Prison","Summon_Lich+1","Spectral_Walk+1","Negative_Energy_Burst","Grasp_Heart","Madness","Madness","Flesh_Made_Foul","Mayhem","Consume_Illness","Shade_Step+1","Summon_Undead_Army+1","Negative_Energy_Shield","Blood_Shield+1","Shade_Step","Siphon_Strength","Summon_Undead_Army"],"relics":["Vampire_Amulet","WarpedTongs","Sundial","CaptainsWheel","SlaversCollar","Shovel","Regal Pillow","Blood Vial","Question Card","Akabeko","MawBank","Kunai","The Courier","Runic Dome","Membership Card","Bronze Scales","Turnip","Calipers","Smiling Mask","Ancient Tea Set","Vajra","MealTicket","CatCart","InkBottle","Bottled Tornado","Anchor"],"acts_visited":["Exordium","Exordium","TheBeyond","TheEnding"],"potions_floor_usage":[12,13,16,21,25,28,39,46,50],"damage_taken":[{"damage":9,"enemies":"Jaw Worm","floor":1,"turns":3},{"damage":6,"enemies":"Cultist","floor":4,"turns":3},{"damage":0,"enemies":"Small Slimes","floor":5,"turns":3},{"damage":4,"enemies":"2 Fungi Beasts","floor":7,"turns":3},{"damage":11,"enemies":"Blue Slaver","floor":8,"turns":3},{"damage":2,"enemies":"Large Slime","floor":12,"turns":3},{"damage":0,"enemies":"Gremlin Nob","floor":13,"turns":3},{"damage":0,"enemies":"2 Fungi Beasts","floor":14,"turns":3},{"damage":47,"enemies":"Hexaghost","floor":16,"turns":6},{"damage":15,"enemies":"theJungle:GiantWrat","floor":18,"turns":5},{"damage":28,"enemies":"theJungle:MUSHROOMGANG","floor":19,"turns":4},{"damage":16,"enemies":"theJungle:Lyon","floor":21,"turns":4},{"damage":21,"enemies":"theJungle:JungleHuntersEncounter","floor":25,"turns":5},{"damage":0,"enemies":"theJungle:2_Phrogs","floor":28,"turns":7},{"damage":32,"enemies":"theJungle:Cassacara","floor":30,"turns":6},{"damage":28,"enemies":"theJungle:Snecko_Cultist_And_Trap","floor":31,"turns":4},{"damage":6,"enemies":"theJungle:QueenSpyder","floor":33,"turns":11},{"damage":12,"enemies":"3 Shapes","floor":35,"turns":2},{"damage":8,"enemies":"Orb Walker","floor":37,"turns":3},{"damage":32,"enemies":"2 Orb Walkers","floor":39,"turns":5},{"damage":6,"enemies":"Giant Head","floor":40,"turns":7},{"damage":10,"enemies":"4 Shapes","floor":42,"turns":4},{"damage":28,"enemies":"Reptomancer","floor":45,"turns":5},{"damage":9,"enemies":"Sphere and 2 Shapes","floor":46,"turns":4},{"damage":10,"enemies":"Spire Growth","floor":47,"turns":5},{"damage":3,"enemies":"Orin","floor":48,"turns":8},{"damage":34,"enemies":"Awakened One","floor":50,"turns":12},{"damage":49,"enemies":"Shield and Spear","floor":54,"turns":6},{"damage":130,"enemies":"The Heart","floor":55,"turns":11}],"seed_played":"3346303142915329856","potions_obtained":[{"floor":0,"key":"Swift Potion"},{"floor":0,"key":"Dexterity Potion"},{"floor":0,"key":"PowerPotion"},{"floor":8,"key":"PowerPotion"},{"floor":12,"key":"FairyPotion"},{"floor":16,"key":"SteroidPotion"},{"floor":21,"key":"EssenceOfSteel"},{"floor":25,"key":"SkillPotion"},{"floor":28,"key":"FairyPotion"},{"floor":30,"key":"FearPotion"},{"floor":35,"key":"Energy Potion"},{"floor":42,"key":"Dexterity Potion"},{"floor":47,"key":"SmokeBomb"},{"floor":48,"key":"Fruit Juice"}],"is_trial":false,"path_per_floor":["M","?","$","M","M","R","M","M","T","R","?","M","E","M","R","B",null,"M","M","$","M","?","?","R","M","T","R","E","R","E","M","R","B",null,"M","?","M","$","?","E","R","M","T","R","E","M","M","?","R","B",null,"R","$","E","B",null],"character_chosen":"NECROMANCER","items_purchased":["Shovel","Membership Card","Bronze Scales","Mayhem","Consume_Illness","Turnip","Bottled Tornado","Siphon_Strength","Summon_Undead_Army"],"campfire_rested":0,"item_purchase_floors":[20,38,38,38,38,38,53,53,53],"current_hp_per_floor":[68,68,68,67,71,71,71,62,62,62,51,51,56,60,60,30,75,75,59,59,54,54,44,44,36,36,36,66,66,68,61,61,73,75,67,58,60,60,37,56,56,62,62,62,54,65,74,75,75,80,80,80,80,58,42],"gold":33,"neow_bonus":"THREE_SMALL_POTIONS","is_daily":false,"chose_seed":false,"campfire_upgraded":3,"win_rate":0.0,"timestamp":1607728736,"path_taken":["M","?","$","M","M","R","?","M","T","R","?","M","E","M","R","BOSS","M","M","$","M","?","?","R","M","T","R","E","R","E","M","R","BOSS","M","?","M","$","?","E","R","M","T","R","E","M","M","?","R","BOSS","R","$","E","BOSS"],"items_purchased_type":["Relic","Relic","Relic","Card","Card","Relic","Relic","Card","Card"],"build_version":"2020-11-30","purchased_purges":4,"victory":true,"max_hp_per_floor":[75,75,75,75,75,75,75,75,75,75,75,75,75,75,75,75,75,75,75,75,75,75,75,75,75,75,75,75,75,75,75,75,75,75,75,75,75,75,75,75,75,75,75,75,75,75,75,75,75,80,80,80,80,80,80],"card_choices":[{"not_picked":["Bone_Bullets","Plague_Bolt"],"picked":"Summon_Undead","floor":1},{"not_picked":["Death_Knell","Bone_Shift"],"picked":"Consume_Illness","floor":4},{"not_picked":["Blood_Whip","Exploit"],"picked":"Necrotic_Claws","floor":5},{"not_picked":["Bone_Spikes","Death_Knell"],"picked":"Corrupt","floor":7},{"not_picked":["Negative_Energy_Javelin","Necromantic_Selection"],"picked":"Negative_Energy_Sphere","floor":8},{"not_picked":["Negative_Energy_Sphere","Siphon_Strength"],"picked":"Summon_Undead","floor":12},{"not_picked":["Corrupt","Scare"],"picked":"Summon_Vampire_Lady","floor":13},{"not_picked":["Life_Drain","Negative_Energy_Javelin","Acid_Javelin"],"picked":"SKIP","floor":14},{"not_picked":["Scare","Life_Drain","Bone_Shift"],"picked":"SKIP","floor":18},{"not_picked":["Exploit+1","Toxic_Smoke_Screen"],"picked":"Summon_Undead_Army","floor":19},{"not_picked":["Strike_from_Beyond","Grasp_Heart"],"picked":"Bone_Prison","floor":21},{"not_picked":["Negative_Energy_Javelin","Necrotic_Claws"],"picked":"Summon_Lich+1","floor":25},{"not_picked":["Spectral_Armor","Acid_Javelin","Negative_Energy_Shield+1"],"picked":"Spectral_Walk+1","floor":28},{"not_picked":["Violent_Necrosis","Bone_Bullets","Corrupt+1"],"picked":"Negative_Energy_Burst","floor":30},{"not_picked":["Plague_Bolt+1","Corrupt+1","Bone_Spikes","Blood_Curse+1"],"picked":"SKIP","floor":31},{"not_picked":["Detonate_Bones","Negative_Energy_Bomb","Cloudkill"],"picked":"Grasp_Heart","floor":33},{"not_picked":["Negative_Energy_Javelin","Bone_Shift+1","Bone_Bullets","Whirlwind_of_Bones"],"picked":"SKIP","floor":35},{"not_picked":["Acid_Javelin","Scare+1","Shackles_Of_Pain+1"],"picked":"Flesh_Made_Foul","floor":37},{"not_picked":["Whirlwind_of_Bones","Acid_Javelin+1","Shackles_Of_Pain"],"picked":"Shade_Step+1","floor":39},{"not_picked":["Bone_Spikes+1","Chill_Blood+1","Summon_Lich"],"picked":"Summon_Undead_Army+1","floor":40},{"not_picked":["Death_March_Dance+1","Blood_Is_Power","Bones_to_Steel"],"picked":"Negative_Energy_Shield","floor":42},{"not_picked":["Whirlwind_of_Bones","Blood_Is_Power","Thousand_Bone_Knives+1"],"picked":"Blood_Shield+1","floor":45},{"not_picked":["Blood_for_Blood","Strike_from_Beyond+1","Blood_Is_Power+1"],"picked":"Shade_Step","floor":46},{"not_picked":["Thousand_Bone_Knives+1","Negative_Energy_Javelin+1","Bone_Armor+1","Flesh_Made_Foul"],"picked":"SKIP","floor":47},{"not_picked":["Flesh_Made_Foul+1","Negative_Energy_Burst+1","Shade_Step+1","Bone_Spikes+1"],"picked":"SKIP","floor":54}],"player_experience":1728163,"relics_obtained":[{"floor":9,"key":"Sundial"},{"floor":13,"key":"CaptainsWheel"},{"floor":24,"key":"Regal Pillow"},{"floor":26,"key":"Blood Vial"},{"floor":27,"key":"Question Card"},{"floor":28,"key":"Akabeko"},{"floor":29,"key":"MawBank"},{"floor":30,"key":"Kunai"},{"floor":32,"key":"The Courier"},{"floor":39,"key":"Calipers"},{"floor":40,"key":"Smiling Mask"},{"floor":41,"key":"Ancient Tea Set"},{"floor":44,"key":"Vajra"},{"floor":45,"key":"MealTicket"},{"floor":48,"key":"CatCart"},{"floor":52,"key":"InkBottle"},{"floor":54,"key":"Anchor"}],"event_choices":[{"damage_healed":0,"gold_gain":0,"player_choice":"Rummage","damage_taken":0,"relics_obtained":["WarpedTongs"],"max_hp_gain":0,"max_hp_loss":0,"event_name":"Accursed Blacksmith","floor":2,"gold_loss":0,"cards_obtained":["Pain"]},{"damage_healed":0,"gold_gain":75,"player_choice":"Gather Gold","damage_taken":11,"max_hp_gain":0,"max_hp_loss":0,"event_name":"World of Goop","floor":11,"gold_loss":0},{"damage_healed":0,"gold_gain":0,"player_choice":"Embrace Madness","damage_taken":9,"max_hp_gain":0,"max_hp_loss":0,"event_name":"Winding Halls","floor":36,"gold_loss":0,"cards_obtained":["Madness","Madness"]},{"damage_healed":0,"gold_gain":0,"player_choice":"Fight","damage_taken":0,"max_hp_gain":0,"max_hp_loss":0,"event_name":"Mysterious Sphere","floor":39,"gold_loss":0},{"damage_healed":0,"gold_gain":0,"player_choice":"Fight","damage_taken":0,"max_hp_gain":0,"max_hp_loss":0,"event_name":"OrinTheCat","floor":48,"gold_loss":0}],"is_beta":false,"boss_relics":[{"not_picked":["Empty Cage","Tiny House"],"picked":"SlaversCollar"},{"not_picked":["Snecko Eye","Cursed Key"],"picked":"Runic Dome"}],"items_purged_floors":[3,20,38,53],"is_endless":false,"potions_floor_spawned":[7,8,12,16,21,25,28,30,35,42,47,48],"ascension_level":0}}