{"host":"wnbfov91sqg45vrw","time":1607670251,"event":{"mods":["BaseMod","Downfall","GifTheSpireLib","Marisa????????","Minty Spire (QoL Compilation)","StSLib","The Jungle","The Necromancer","The Servant 0.9.4"],"gold_per_floor":[119,130,80,45,45,71,71,2,2,12,12,12,12,12,12,114,114,131,131,149,161,178,178,189,189,189,189,268,280,293,310,310,310,310],"floor_reached":33,"playtime":1401,"items_purged":[],"score":272,"play_id":"6bec20a3-8c47-4952-bdb3-854f3bd80c30","local_time":"20201211010411","is_ascension_mode":false,"campfire_choices":[{"data":"SilverBlades","floor":7,"key":"SMITH"},{"data":"Ricochet","floor":15,"key":"SMITH"},{"data":"MurderousAura","floor":23,"key":"SMITH"},{"floor":25,"key":"REST"},{"data":"KidneyShot","floor":32,"key":"SMITH"}],"circlet_count":0,"master_deck":["Strike_S","Strike_S","Strike_S","Defend_S","Defend_S","Defend_S","Defend_S","KidneyShot+1","Exchange","Ricochet+1","FastForward","SilverBlades+1","RealityMarble","InstantArmor","Sabotage","MurderousAura+1","Advance+1","Slimebound:CheckThePlaybook","BottledTime+1","FanOfKnives+1","FlawlessForm","DualDimension","Sabotage"],"relics":["SplendidAttire","NeowsBlessing","Tiny Chest","Shuriken","Orichalcum","Letter Opener","Kunai","Anchor","Sundial","Blue Candle"],"acts_visited":["Exordium","TheCity"],"potions_floor_usage":[18,21,24,33],"damage_taken":[{"damage":0,"enemies":"Small Slimes","floor":1,"turns":1},{"damage":0,"enemies":"Cultist","floor":2,"turns":1},{"damage":0,"enemies":"3 Sentries","floor":6,"turns":1},{"damage":0,"enemies":"Jaw Worm","floor":10,"turns":3},{"damage":50,"enemies":"The Guardian","floor":16,"turns":17},{"damage":7,"enemies":"2 Thieves","floor":18,"turns":3},{"damage":19,"enemies":"3 Byrds","floor":20,"turns":4},{"damage":16,"enemies":"Snecko","floor":21,"turns":4},{"damage":0,"enemies":"3 Cultists","floor":22,"turns":3},{"damage":16,"enemies":"Snake Plant","floor":24,"turns":5},{"damage":0,"enemies":"Chosen and Byrds","floor":29,"turns":5},{"damage":0,"enemies":"Centurion and Healer","floor":30,"turns":4},{"damage":1,"enemies":"Shelled Parasite and Fungi","floor":31,"turns":4},{"damage":0,"enemies":"Champ","floor":33,"turns":2}],"seed_played":"-4339679577503222626","potions_obtained":[{"floor":2,"key":"ColorlessPotion"},{"floor":16,"key":"Regen Potion"},{"floor":18,"key":"sneckomod:MuddlingPotion"},{"floor":22,"key":"LiquidMemories"},{"floor":30,"key":"sneckomod:MuddlingPotion"}],"is_trial":false,"path_per_floor":["M","M","?","$","?","E","R","$","T","M","?","$","T","?","R","B",null,"M","?","M","M","M","R","M","R","T","?","T","M","M","M","R","B"],"character_chosen":"THE_SERVANT","items_purchased":["SilverBlades","InstantArmor"],"campfire_rested":1,"item_purchase_floors":[4,8],"current_hp_per_floor":[65,65,65,65,65,65,65,65,65,65,65,65,65,53,53,3,65,61,59,40,24,24,24,8,25,25,25,25,25,25,24,24,24,24],"gold":310,"neow_bonus":"THREE_ENEMY_KILL","is_daily":false,"chose_seed":false,"campfire_upgraded":4,"win_rate":0.0,"timestamp":1607670251,"path_taken":["M","M","?","$","?","E","R","$","T","?","?","?","?","?","R","BOSS","M","?","M","M","M","R","M","R","T","?","?","M","?","M","R","BOSS"],"items_purchased_type":["Card","Card"],"build_version":"2020-11-30","purchased_purges":0,"victory":false,"max_hp_per_floor":[65,65,65,65,65,65,65,65,65,65,65,65,65,65,65,65,65,65,59,59,59,59,59,59,59,59,59,59,59,59,59,59,59,59],"card_choices":[{"not_picked":["ShatteredReality","Starlight"],"picked":"Ricochet","floor":1},{"not_picked":["Snipe","Rewind"],"picked":"FastForward","floor":2},{"not_picked":["DualDimension","Alleviate"],"picked":"RealityMarble","floor":6},{"not_picked":["Rearm","ShatteredReality"],"picked":"Sabotage","floor":10},{"not_picked":["ForgedInTime","Sunlight"],"picked":"MurderousAura","floor":16},{"not_picked":["Unruled","Spin"],"picked":"Advance+1","floor":18},{"not_picked":["Starlight","DoubleEdge"],"picked":"BottledTime+1","floor":20},{"not_picked":["Rearm","Alleviate","Replace"],"picked":"SKIP","floor":21},{"not_picked":["DoubleEdge+1","Potential","Unruled"],"picked":"SKIP","floor":22},{"not_picked":["BottledTime","Reset"],"picked":"FanOfKnives+1","floor":24},{"not_picked":["Unruled","Rearm"],"picked":"FlawlessForm","floor":29},{"not_picked":["GearUp+1","Rearm+1"],"picked":"DualDimension","floor":30},{"not_picked":["Rearm","Moonlight"],"picked":"Sabotage","floor":31}],"player_experience":1720648,"relics_obtained":[{"floor":6,"key":"Shuriken"},{"floor":9,"key":"Orichalcum"},{"floor":13,"key":"Kunai"},{"floor":26,"key":"Sundial"},{"floor":28,"key":"Blue Candle"}],"event_choices":[{"cards_removed":["Strike_S"],"damage_healed":0,"gold_gain":0,"player_choice":"Card Removal","damage_taken":0,"max_hp_gain":0,"max_hp_loss":0,"event_name":"The Cleric","floor":3,"gold_loss":50},{"damage_healed":0,"gold_gain":0,"player_choice":"Gave Potion","damage_taken":0,"relics_obtained":["Tiny Chest"],"max_hp_gain":0,"max_hp_loss":0,"event_name":"WeMeetAgain","floor":5,"gold_loss":0},{"damage_healed":0,"gold_gain":0,"player_choice":"Box","damage_taken":0,"relics_obtained":["Letter Opener"],"max_hp_gain":0,"max_hp_loss":0,"event_name":"Big Fish","floor":11,"gold_loss":0,"cards_obtained":["Regret"]},{"damage_healed":0,"gold_gain":0,"player_choice":"Success","damage_taken":12,"relics_obtained":["Anchor"],"max_hp_gain":0,"max_hp_loss":0,"event_name":"Scrap Ooze","floor":14,"gold_loss":0},{"cards_removed":["Regret"],"damage_healed":0,"gold_gain":0,"player_choice":"Removed Curses","damage_taken":0,"max_hp_gain":0,"max_hp_loss":0,"event_name":"Fountain of Cleansing","floor":27,"gold_loss":0}],"is_beta":false,"boss_relics":[{"not_picked":["Busted Crown","SacredBark"],"picked":"SplendidAttire"}],"items_purged_floors":[],"is_endless":false,"potions_floor_spawned":[2,16,18,22,30],"killed_by":"Champ","ascension_level":0}}