{"host":"c6uvvgqwlxq4k23y","time":1607707026,"event":{"mods":["BaseMod","CapriCore","DeckTracker","Hermit","Minty Spire (QoL Compilation)","StSLib","SuperFastMode","The Dragon Tamer"],"gold_per_floor":[111,121,137,156,174,174,174,187,187,187,187,206,46,78,78,178,178,198,218,237,253,24,52,52,63,113,135,147,87,30,43,43,147,147,167,182,196,216,116,116,143,143,143,155,170,184,184,204,204,204],"floor_reached":51,"playtime":1500,"items_purged":["hermit:Strike_Hermit","hermit:Strike_Hermit"],"score":809,"play_id":"2b09e349-66af-469c-b616-01a46f965bb3","local_time":"20201212021706","is_ascension_mode":false,"campfire_choices":[{"data":"hermit:CursedWeapon","floor":6.0,"key":"SMITH"},{"floor":10.0,"key":"REST"},{"data":"hermit:CursedWeapon","floor":15.0,"key":"SMITH"},{"floor":24.0,"key":"REST"},{"data":"Bandage Up","floor":28.0,"key":"SMITH"},{"data":"hermit:WideOpen","floor":32.0,"key":"SMITH"},{"data":"hermit:Dive","floor":40.0,"key":"SMITH"},{"data":"Panacea","floor":42.0,"key":"SMITH"},{"floor":49.0,"key":"REST"}],"circlet_count":0,"master_deck":["hermit:Strike_Hermit","hermit:Strike_Hermit","hermit:Defend_Hermit","hermit:Defend_Hermit","hermit:Defend_Hermit","hermit:Defend_Hermit","hermit:Snapshot","hermit:Covet","hermit:CursedWeapon+1","hermit:TrackingShot","hermit:GoldenBullet","hermit:HighCaliber","hermit:CursedWeapon+1","hermit:FlashPowder","Bandage Up+1","hermit:Quickdraw","hermit:NoHoldsBarred+1","hermit:WideOpen+1","hermit:Deadeye","Panacea+1","hermit:SprayPray+1","hermit:Deadeye","hermit:Maintenance+1","hermit:Dive+1","hermit:Glare","hermit:Ricochet+1","hermit:Dive+1","hermit:GhostlyPresence","hermit:Ricochet","hermit:FlashPowder"],"relics":["hermit:Momento","Gremlin Horn","Potion Belt","White Beast Statue","hermit:BartenderGlass","HornCleat","MawBank","Mercury Hourglass","SacredBark","hermit:RedScarf","PreservedInsect"],"acts_visited":["Exordium","TheCity","TheBeyond"],"potions_floor_usage":[50,50,50,50,50,50,50,50],"damage_taken":[{"damage":10.0,"enemies":"Cultist","floor":1.0,"turns":4.0},{"damage":5.0,"enemies":"Jaw Worm","floor":2.0,"turns":4.0},{"damage":11.0,"enemies":"2 Louse","floor":3.0,"turns":3.0},{"damage":18.0,"enemies":"Exordium Thugs","floor":4.0,"turns":4.0},{"damage":7.0,"enemies":"Looter","floor":5.0,"turns":2.0},{"damage":10.0,"enemies":"2 Fungi Beasts","floor":8.0,"turns":3.0},{"damage":2.0,"enemies":"Large Slime","floor":12.0,"turns":3.0},{"damage":17.0,"enemies":"3 Sentries","floor":14.0,"turns":5.0},{"damage":23.0,"enemies":"Slime Boss","floor":16.0,"turns":9.0},{"damage":5.0,"enemies":"Chosen","floor":18.0,"turns":4.0},{"damage":9.0,"enemies":"3 Byrds","floor":19.0,"turns":4.0},{"damage":20.0,"enemies":"Shelled Parasite and Fungi","floor":20.0,"turns":4.0},{"damage":32.0,"enemies":"Snake Plant","floor":21.0,"turns":4.0},{"damage":4.0,"enemies":"Book of Stabbing","floor":23.0,"turns":2.0},{"damage":4.0,"enemies":"Cultist and Chosen","floor":25.0,"turns":3.0},{"damage":2.0,"enemies":"Snecko","floor":27.0,"turns":2.0},{"damage":1.0,"enemies":"Snake Plant","floor":31.0,"turns":3.0},{"damage":14.0,"enemies":"Collector","floor":33.0,"turns":6.0},{"damage":20.0,"enemies":"3 Shapes","floor":35.0,"turns":4.0},{"damage":9.0,"enemies":"Orb Walker","floor":36.0,"turns":4.0},{"damage":9.0,"enemies":"Spire Growth","floor":37.0,"turns":3.0},{"damage":13.0,"enemies":"Sphere and 2 Shapes","floor":38.0,"turns":3.0},{"damage":12.0,"enemies":"Giant Head","floor":41.0,"turns":5.0},{"damage":2.0,"enemies":"Jaw Worm Horde","floor":44.0,"turns":3.0},{"damage":4.0,"enemies":"4 Shapes","floor":45.0,"turns":3.0},{"damage":2.0,"enemies":"Sphere and 2 Shapes","floor":46.0,"turns":3.0},{"damage":8.0,"enemies":"Spire Growth","floor":48.0,"turns":3.0},{"damage":54,"enemies":"Donu and Deca","floor":50,"turns":8}],"seed_played":"3342143559506589000","potions_obtained":[{"floor":1.0,"key":"hermit:Tonic"},{"floor":2.0,"key":"FearPotion"},{"floor":8.0,"key":"BlessingOfTheForge"},{"floor":12.0,"key":"AttackPotion"},{"floor":16.0,"key":"DuplicationPotion"},{"floor":18.0,"key":"GamblersBrew"},{"floor":19.0,"key":"Fire Potion"},{"floor":20.0,"key":"SkillPotion"},{"floor":21.0,"key":"Explosive Potion"},{"floor":25.0,"key":"DistilledChaos"},{"floor":31.0,"key":"SpeedPotion"},{"floor":33.0,"key":"Block Potion"},{"floor":37.0,"key":"DuplicationPotion"}],"is_trial":false,"path_per_floor":["M","M","M","M","M","R","$","M","T","R","?","M","$","E","R","B",null,"M","M","M","M","$","E","R","M","T","M","R","$","?","M","R","B",null,"M","M","M","M","$","R","E","R","T","M","M","M","?","M","R","B",null],"character_chosen":"HERMIT","items_purchased":["hermit:FlashPowder","Bandage Up","hermit:Deadeye","Panacea","hermit:Deadeye"],"campfire_rested":3,"item_purchase_floors":[13,13,22,22,29],"current_hp_per_floor":[72,67,56,38,31,31,31,21,21,45,38,36,36,23,23,6,82,80,73,57,29,29,25,49,49,49,51,51,51,51,56,56,48,82,68,59,56,49,49,49,43,43,43,47,43,47,47,39,63,15],"gold":204,"neow_bonus":"TEN_PERCENT_HP_BONUS","is_daily":false,"chose_seed":false,"campfire_upgraded":6,"win_rate":0.0,"timestamp":1607707026,"path_taken":["M","M","M","?","M","R","$","M","T","R","?","M","$","E","R","BOSS","M","M","M","M","$","E","R","M","T","M","R","$","?","M","R","BOSS","M","M","M","M","$","R","E","R","T","M","M","M","?","M","R","BOSS"],"items_purchased_type":["Card","Card","Card","Card","Card"],"build_version":"2020-11-30","purchased_purges":2,"victory":true,"max_hp_per_floor":[82,82,82,82,82,82,82,82,82,82,82,82,82,82,82,82,82,82,82,82,82,82,82,82,82,82,82,82,82,82,82,82,82,82,82,82,82,82,82,82,82,82,82,82,82,82,82,82,82,82],"card_choices":[{"not_picked":["hermit:ItchyTrigger","hermit:NoHoldsBarred"],"picked":"hermit:CursedWeapon","floor":1.0},{"not_picked":["hermit:Snipe","hermit:Coalescence"],"picked":"hermit:TrackingShot","floor":2.0},{"not_picked":["hermit:Cheat","hermit:Quickdraw"],"picked":"hermit:GoldenBullet","floor":3.0},{"not_picked":["hermit:Misfire","hermit:BlackWind"],"picked":"hermit:HighCaliber","floor":4.0},{"not_picked":["hermit:Feint","hermit:BodyArmor","hermit:HoleUp"],"picked":"SKIP","floor":5.0},{"not_picked":["hermit:ItchyTrigger","hermit:Misfire","hermit:LoneWolf"],"picked":"SKIP","floor":8.0},{"not_picked":["hermit:Manifest","hermit:Snipe"],"picked":"hermit:CursedWeapon","floor":12.0},{"not_picked":["hermit:HeroicBravado","hermit:Ricochet"],"picked":"hermit:Quickdraw","floor":14.0},{"not_picked":["hermit:GoldenBullet","hermit:Brawl"],"picked":"hermit:NoHoldsBarred+1","floor":18.0},{"not_picked":["hermit:Misfire","hermit:Spite+1"],"picked":"hermit:WideOpen","floor":19.0},{"not_picked":["hermit:TakeCover","hermit:HoleUp","hermit:LowProfile"],"picked":"SKIP","floor":20.0},{"not_picked":["hermit:Shortfuse","hermit:WideOpen","hermit:Cheat"],"picked":"SKIP","floor":21.0},{"not_picked":["hermit:Desperado","hermit:Determination","hermit:Glare"],"picked":"SKIP","floor":23.0},{"not_picked":["hermit:Virtue","hermit:LowProfile","hermit:Roulette+1"],"picked":"SKIP","floor":25.0},{"not_picked":["hermit:Midnight","hermit:Grudge+1"],"picked":"hermit:SprayPray+1","floor":27.0},{"not_picked":["hermit:Horror","hermit:SprayPray"],"picked":"hermit:Maintenance+1","floor":31.0},{"not_picked":["hermit:LowProfile+1","hermit:WideOpen"],"picked":"hermit:Dive","floor":35.0},{"not_picked":["hermit:Desperado+1","hermit:Roulette","hermit:PistolWhip+1"],"picked":"SKIP","floor":36.0},{"not_picked":["hermit:Vantage","hermit:Desperado"],"picked":"hermit:Glare","floor":37.0},{"not_picked":["hermit:Brawl","hermit:Spite+1"],"picked":"hermit:Ricochet+1","floor":38.0},{"not_picked":["hermit:Roulette+1","hermit:Scavenge+1"],"picked":"hermit:Dive+1","floor":41.0},{"not_picked":["hermit:ItchyTrigger+1","hermit:CalledShot","hermit:SprayPray"],"picked":"SKIP","floor":44.0},{"not_picked":["hermit:Misfire","hermit:Roughhouse"],"picked":"hermit:GhostlyPresence","floor":45.0},{"not_picked":["hermit:Headshot","hermit:Midnight+1","hermit:LuckOfTheDraw"],"picked":"SKIP","floor":46.0},{"not_picked":["hermit:CalledShot+1","hermit:Vantage"],"picked":"hermit:FlashPowder","floor":48.0}],"player_experience":321123,"relics_obtained":[{"floor":9.0,"key":"Gremlin Horn"},{"floor":14.0,"key":"White Beast Statue"},{"floor":23.0,"key":"HornCleat"},{"floor":26.0,"key":"MawBank"},{"floor":41.0,"key":"hermit:RedScarf"},{"floor":43.0,"key":"PreservedInsect"}],"event_choices":[{"damage_healed":0.0,"max_hp_gain":0.0,"max_hp_loss":0.0,"gold_gain":0.0,"event_name":"Scrap Ooze","player_choice":"Success","floor":11.0,"gold_loss":0.0,"damage_taken":7.0,"relics_obtained":["Potion Belt"]},{"damage_healed":0.0,"max_hp_gain":0.0,"max_hp_loss":0.0,"gold_gain":0.0,"event_name":"WeMeetAgain","player_choice":"Paid Gold","floor":30.0,"gold_loss":57.0,"damage_taken":0.0,"relics_obtained":["Mercury Hourglass"]},{"damage_healed":0.0,"max_hp_gain":0.0,"max_hp_loss":0.0,"gold_gain":0.0,"event_name":"Match and Keep!","player_choice":"1 cards matched","floor":47.0,"gold_loss":0.0,"damage_taken":0.0,"cards_obtained":["hermit:Ricochet"]}],"is_beta":false,"boss_relics":[{"not_picked":["Busted Crown","Snecko Eye"],"picked":"hermit:BartenderGlass"},{"not_picked":["SlaversCollar","Tiny House"],"picked":"SacredBark"}],"items_purged_floors":[22,39],"is_endless":false,"potions_floor_spawned":[1,2,8,12,16,18,19,20,21,23,25,27,31,33,35,36,37,38,41,44,45,46,48],"ascension_level":0}}