{"host":"Ilker","time":1607718799,"event":{"mods":["BaseMod","Bestiary","Block Reminder","Colored Map","DeckTracker","Highlight Path","Minty Spire (QoL Compilation)","Quick Restart","Relic Sorter","Relic Stats"],"gold_per_floor":[115,129,55,66,83,83,112,112,112,131,149,166,193,206,206,206,206],"floor_reached":16,"playtime":800,"items_purged":[],"score":232,"play_id":"7599849d-2308-4aea-92f0-ced0660c912f","local_time":"20201211233319","is_ascension_mode":true,"campfire_choices":[{"floor":6.0,"key":"RECALL"},{"floor":8.0,"key":"REST"},{"floor":15,"key":"REST"}],"circlet_count":0,"master_deck":["AscendersBane","Strike_P","Strike_P","Strike_P","Strike_P","Defend_P","Defend_P","Defend_P","Defend_P","Eruption","Vigilance","BowlingBash","ThirdEye","WheelKick","FearNoEvil","Halt","ClearTheMind","Protect","FlurryOfBlows","FlurryOfBlows","FlyingSleeves"],"relics":["Fusion Hammer","Sundial","WingedGreaves","FossilizedHelix"],"acts_visited":["Exordium"],"potions_floor_usage":[14,16],"damage_taken":[{"damage":4.0,"enemies":"Cultist","floor":1.0,"turns":3.0},{"damage":0.0,"enemies":"Small Slimes","floor":2.0,"turns":2.0},{"damage":0.0,"enemies":"2 Louse","floor":4.0,"turns":2.0},{"damage":0.0,"enemies":"Exordium Wildlife","floor":5.0,"turns":2.0},{"damage":15.0,"enemies":"3 Sentries","floor":7.0,"turns":6.0},{"damage":1.0,"enemies":"Looter","floor":10.0,"turns":4.0},{"damage":7.0,"enemies":"Red Slaver","floor":11.0,"turns":2.0},{"damage":7.0,"enemies":"Exordium Wildlife","floor":12.0,"turns":4.0},{"damage":25,"enemies":"Gremlin Nob","floor":13,"turns":4},{"damage":0,"enemies":"Looter","floor":14,"turns":2},{"damage":43,"enemies":"Hexaghost","floor":16,"turns":9}],"seed_played":"-2260067659374088987","potions_obtained":[{"floor":1.0,"key":"StancePotion"},{"floor":5.0,"key":"SpeedPotion"},{"floor":10.0,"key":"SkillPotion"},{"floor":13,"key":"Strength Potion"}],"is_trial":false,"path_per_floor":["M","M","$","M","M","R","E","R","T","M","M","M","E","M","R","B"],"character_chosen":"WATCHER","items_purchased":["WheelKick"],"campfire_rested":2,"item_purchase_floors":[3],"current_hp_per_floor":[57,57,57,57,57,57,42,62,62,61,54,47,22,22,42,0,0],"gold":206,"neow_bonus":"BOSS_RELIC","is_daily":false,"chose_seed":false,"campfire_upgraded":0,"win_rate":0.0,"timestamp":1607718799,"path_taken":["M","M","$","M","M","R","E","R","T","M","M","M","E","M","R","BOSS"],"items_purchased_type":["Card"],"build_version":"2020-12-07","purchased_purges":0,"victory":false,"max_hp_per_floor":[68,68,68,68,68,68,68,68,68,68,68,68,68,68,68,68,68],"relic_stats":{"counters":[11,40],"Sundial":[2],"obtain_stats":[{"Sundial":7,"Fusion Hammer":0,"WingedGreaves":9,"PureWater":0,"FossilizedHelix":13},{"Sundial":5,"Fusion Hammer":0,"WingedGreaves":5,"PureWater":0,"FossilizedHelix":9},{"Sundial":15,"Fusion Hammer":0,"WingedGreaves":15,"PureWater":0,"FossilizedHelix":29}]},"card_choices":[{"not_picked":["Vengeance","EmptyBody"],"picked":"BowlingBash","floor":1.0},{"not_picked":["Consecrate","Prostrate"],"picked":"ThirdEye","floor":2.0},{"not_picked":["CarveReality","BowlingBash","Nirvana"],"picked":"SKIP","floor":4.0},{"not_picked":["Worship","Crescendo"],"picked":"FearNoEvil","floor":5.0},{"not_picked":["CutThroughFate","Evaluate"],"picked":"Halt","floor":7.0},{"not_picked":["Vengeance","Consecrate"],"picked":"ClearTheMind","floor":10.0},{"not_picked":["Vengeance","Fasting2"],"picked":"Protect","floor":11.0},{"not_picked":["Brilliance","InnerPeace"],"picked":"FlurryOfBlows","floor":12.0},{"not_picked":["SashWhip","WreathOfFlame"],"picked":"FlurryOfBlows","floor":13},{"not_picked":["BowlingBash","Sanctity"],"picked":"FlyingSleeves","floor":14}],"player_experience":1627085,"relics_obtained":[{"floor":7.0,"key":"Sundial"},{"floor":9.0,"key":"WingedGreaves"},{"floor":13,"key":"FossilizedHelix"}],"event_choices":[],"is_beta":true,"boss_relics":[],"items_purged_floors":[],"is_endless":false,"potions_floor_spawned":[1,5,10,13],"killed_by":"Hexaghost","ascension_level":20}}