{"host":"vgnj3owxn2tq7mop","time":1607712219,"event":{"mods":["Act Like it!","BaseMod","Colored Map","Downfall","Hallownest","Minty Spire (QoL Compilation)","StSLib","SuperFastMode","The Bug Knight","The Servant 0.9.4"],"gold_per_floor":[113,172,102,102,116,116,116,143,198,198,198,210,235,261,261,336,336,348,258,258,286,330,374,386,398,410,451,463,475,513,551,563,652,664,696,772,818,845,886,898,910,951,1014,1051,1098,363,394,429,429,505,579,579,579,57,86,86],"floor_reached":57,"playtime":3384,"items_purged":["Guardian:Gem_Fragmented","Guardian:Gem_Cyan"],"score":3714,"play_id":"bb3e35c2-5acd-405c-95fa-51227b561a0c","local_time":"20201212024339","daily_mods":["SealedDeck","Heirloom","Flight","DeadlyEvents","Elite Swarm","Night Terrors"],"is_ascension_mode":true,"campfire_choices":[{"data":"Guardian:PolyBeam","floor":6,"key":"SMITH"},{"data":"Guardian:Gem_Green","floor":7,"key":"PURGE"},{"data":"Flex","floor":10,"key":"PURGE"},{"data":"Guardian:BronzeArmor","floor":11,"key":"SMITH"},{"data":"Spot Weakness","floor":15,"key":"SMITH"},{"data":"Guardian:Clone","floor":24,"key":"SMITH"},{"data":"Guardian:ExploitGems","floor":25,"key":"SMITH"},{"data":"Guardian:CompilePackage","floor":28,"key":"SMITH"},{"data":"Pommel Strike","floor":29,"key":"PURGE"},{"data":"Flex","floor":32,"key":"PURGE"},{"floor":40,"key":"RECALL"},{"data":"Guardian:StasisEngine","floor":41,"key":"SMITH"},{"data":"Guardian:StasisEngine","floor":49,"key":"SMITH"},{"data":"Guardian:BronzeArmor+1","floor":53,"key":"PURGE"}],"circlet_count":0,"master_deck":["AscendersBane","Spot Weakness+1","Guardian:PolyBeam+1","Guardian:Clone+1","Guardian:Gem_Orange","Guardian:PrimingBeam+1","Guardian:ExploitGems+1","Guardian:StasisEngine","Guardian:StasisEngine+1","Guardian:CompilePackage+1","Guardian:StasisEngine+1","Body Slam+1","Demon Form"],"relics":["Black Blood","Peace Pipe","Mango","Singing Bowl","Smiling Mask","Black Star","Hallownest:StagBellStandRelic","HollowMod:QueensCombRelic","MawBank","Gremlin Horn","Gambling Chip","The Courier","Tiny Chest","Ice Cream","StrikeDummy","Molten Egg 2","Torii","Guardian:GemstoneGun","Lantern","Calipers","Girya","Eternal Feather","Bronze Scales","TungstenRod","Self Forming Clay","MealTicket","Oddly Smooth Stone","Ancient Tea Set","Centennial Puzzle","Unceasing Top","Whetstone","Lizard Tail","OrangePellets","Ornamental Fan","sneckomod:BlankCard","Incense Burner","Toy Ornithopter","Kunai","Pocketwatch","Anchor","Orrery","HollowMod:LifeEnderRelic","HornCleat","HollowMod:StagPassRelic"],"acts_visited":["Exordium","Hallownest:Greenpath","Hallownest:CityofTears","TheEnding"],"potions_floor_usage":[16,21],"damage_taken":[{"damage":0,"enemies":"Hallownest:monsterHuskWarrior","floor":1,"turns":3},{"damage":10,"enemies":"Hallownest:2_Baldur","floor":5,"turns":2},{"damage":17,"enemies":"Hallownest:eliteMossKnight","floor":8,"turns":3},{"damage":0,"enemies":"Hallownest:2_MossCreeps","floor":12,"turns":3},{"damage":8,"enemies":"Hallownest:eliteVengeflyKing","floor":13,"turns":4},{"damage":59,"enemies":"Hallownest:BossHornet","floor":16,"turns":5},{"damage":0,"enemies":"Hallownest:3_Youths","floor":18,"turns":4},{"damage":28,"enemies":"Hallownest:eliteSoulWarrior","floor":21,"turns":6},{"damage":6,"enemies":"Hallownest:Nosk","floor":22,"turns":5},{"damage":28,"enemies":"Hallownest:eliteWatcherKnight","floor":23,"turns":8},{"damage":0,"enemies":"Hallownest:Nosk","floor":27,"turns":4},{"damage":0,"enemies":"Hallownest:eliteWatcherKnight","floor":30,"turns":5},{"damage":0,"enemies":"Hallownest:Nosk","floor":31,"turns":1},{"damage":0,"enemies":"Hallownest:BossGrimm","floor":33,"turns":2},{"damage":0,"enemies":"Hallownest:Shield_Heavy","floor":35,"turns":2},{"damage":0,"enemies":"Hallownest:2_Primals","floor":36,"turns":1},{"damage":0,"enemies":"Hallownest:eliteCollector","floor":37,"turns":1},{"damage":0,"enemies":"Hallownest:3_Siblings","floor":38,"turns":1},{"damage":0,"enemies":"Hallownest:StalkingDevout","floor":39,"turns":1},{"damage":0,"enemies":"Hallownest:eliteCollector","floor":42,"turns":1},{"damage":0,"enemies":"Hallownest:eliteHiveKnight","floor":45,"turns":1},{"damage":0,"enemies":"Hallownest:StalkingDevout","floor":47,"turns":1},{"damage":0,"enemies":"Hallownest:eliteHiveKnight","floor":48,"turns":1},{"damage":0,"enemies":"Hallownest:BossGreyPrinceZote","floor":50,"turns":1},{"damage":0,"enemies":"Hallownest:Radiance","floor":51,"turns":1},{"damage":0,"enemies":"Shield and Spear","floor":55,"turns":1},{"damage":3,"enemies":"The Heart","floor":56,"turns":5}],"seed_played":"-241223507358488988","potions_obtained":[{"floor":8,"key":"FearPotion"},{"floor":16,"key":"Weak Potion"},{"floor":23,"key":"GamblersBrew"},{"floor":27,"key":"SpeedPotion"},{"floor":33,"key":"Strength Potion"}],"is_trial":true,"path_per_floor":["M","?","?","?","M","R","R","E","T","R","R","M","E","T","R","B",null,"M","?","?","E","E","E","R","R","T","E","R","R","E","E","R","B",null,"M","?","E","M","E","R","R","E","T","T","E","$","E","E","R","B","B",null,"R","$","E","B",null],"character_chosen":"IRONCLAD","items_purchased":["Lizard Tail","OrangePellets","Ornamental Fan","sneckomod:BlankCard","Anchor","Orrery","HollowMod:LifeEnderRelic"],"campfire_rested":0,"item_purchase_floors":[46,46,46,46,54,54,54],"current_hp_per_floor":[74,74,74,74,70,70,70,73,73,73,73,79,79,79,79,26,75,83,83,85,62,62,40,40,40,40,62,62,62,64,66,66,68,68,68,70,72,72,74,74,74,76,76,76,78,78,80,80,80,82,84,84,84,92,92,92],"gold":86,"neow_bonus":"","is_daily":false,"chose_seed":false,"campfire_upgraded":8,"win_rate":0.0,"timestamp":1607712219,"path_taken":["M","?","?","?","?","R","R","E","T","R","R","?","E","?","R","BOSS","M","?","?","?","?","E","R","R","T","E","R","R","E","E","R","BOSS","M","?","?","M","?","R","R","E","T","?","E","$","E","E","R","BOSS","BOSS","R","$","E","BOSS"],"items_purchased_type":["Relic","Relic","Relic","Relic","Relic","Relic","Relic"],"build_version":"2020-11-30","purchased_purges":2,"victory":true,"max_hp_per_floor":[75,75,75,75,75,75,75,89,89,89,89,89,91,91,91,91,91,93,93,95,62,62,62,62,62,62,62,62,62,64,66,66,68,68,68,70,72,72,74,74,74,76,76,76,78,78,80,80,80,82,84,84,84,92,92,92],"card_choices":[{"not_picked":["Twin Strike","Clash","Infernal Blade"],"picked":"SKIP","floor":1},{"not_picked":["Guardian:EvasiveProtocol","Feel No Pain","Guardian:Reroute"],"picked":"SKIP","floor":5},{"not_picked":["Guardian:EvasiveProtocol","Feel No Pain","Guardian:Reroute"],"picked":"SKIP","floor":5},{"not_picked":["Juggernaut","Guardian:GatlingBeam","Impervious"],"picked":"SKIP","floor":8},{"not_picked":["Guardian:RollAttack","Anger"],"picked":"Guardian:Gem_Yellow","floor":12},{"not_picked":["Offering","Brutality","Guardian:BaubleBeam"],"picked":"Singing Bowl","floor":13},{"not_picked":["Guardian:AncientConstruct","Bludgeon"],"picked":"Guardian:Gem_Orange","floor":16},{"not_picked":["Dark Embrace","Guardian:CrystalBeam","Perfected Strike"],"picked":"Singing Bowl","floor":18},{"not_picked":["Sword Boomerang","Guardian:PiercingHide","Evolve"],"picked":"Singing Bowl","floor":20},{"not_picked":["Dual Wield","Anger"],"picked":"Guardian:PrimingBeam","floor":20},{"not_picked":["Guardian:FierceBash","Guardian:CompilePackage"],"picked":"Guardian:ExploitGems","floor":21},{"not_picked":["Guardian:SphericShield","Exhume"],"picked":"Guardian:StasisEngine","floor":22},{"not_picked":["Guardian:BaubleBeam","Guardian:SphericShield"],"picked":"Guardian:StasisEngine","floor":23},{"not_picked":["Barricade","Guardian:GemFinder"],"picked":"Guardian:CompilePackage","floor":27},{"not_picked":["Guardian:CompilePackage","Guardian:ExploitGems","Juggernaut"],"picked":"Singing Bowl","floor":30},{"not_picked":["Guardian:ExploitGems","Guardian:WeakpointTargeting","Guardian:TimeSifter"],"picked":"Singing Bowl","floor":31},{"not_picked":["Guardian:CompilePackage","Guardian:ExploitGems","Bludgeon+1"],"picked":"Singing Bowl","floor":33},{"not_picked":["Shockwave","Heavy Blade+1"],"picked":"Guardian:Gem_Cyan","floor":35},{"not_picked":["Uppercut+1","Sever Soul+1","Guardian:WalkerClaw+1"],"picked":"Singing Bowl","floor":36},{"not_picked":["Guardian:HyperBeam_Guardian+1","Guardian:Gem_Synthetic","Feed+1"],"picked":"Singing Bowl","floor":37},{"not_picked":["Guardian:Gem_Purple","Thunderclap+1"],"picked":"Guardian:Gem_Fragmented","floor":38},{"not_picked":["Guardian:HyperBeam_Guardian+1","Guardian:StasisField","Feed+1"],"picked":"Singing Bowl","floor":39},{"not_picked":["Reaper+1","Bludgeon+1","Guardian:CompilePackage"],"picked":"Singing Bowl","floor":42},{"not_picked":["Guardian:GemFire+1","Guardian:TimeSifter","Berserk"],"picked":"Singing Bowl","floor":45},{"not_picked":["Guardian:GemFinder","Reaper+1","Guardian:GemFire+1"],"picked":"Singing Bowl","floor":47},{"not_picked":["Guardian:StasisStrike+1","Fiend Fire+1"],"picked":"Guardian:StasisEngine","floor":48},{"not_picked":["Double Tap","Corruption","Brutality"],"picked":"Singing Bowl","floor":50},{"not_picked":["Bludgeon+1","Guardian:GemFire+1","Brutality"],"picked":"Singing Bowl","floor":51},{"not_picked":["Guardian:TimeBomb","Guardian:FastForward"],"picked":"Body Slam+1","floor":54},{"not_picked":["Thunderclap+1","Battle Trance","Perfected Strike+1"],"picked":"Singing Bowl","floor":54},{"not_picked":["Disarm","Searing Blow+1","Whirlwind+1"],"picked":"Singing Bowl","floor":54},{"not_picked":["Armaments","Pommel Strike+1","Guardian:VentSteam"],"picked":"Singing Bowl","floor":54},{"not_picked":["Guardian:TemporalShield+1","Guardian:Recover","Guardian:Emergency+1"],"picked":"Singing Bowl","floor":54},{"not_picked":["Guardian:StasisField","Corruption"],"picked":"Demon Form","floor":55}],"player_experience":1148149,"relics_obtained":[{"floor":8,"key":"Mango"},{"floor":13,"key":"Singing Bowl"},{"floor":14,"key":"Smiling Mask"},{"floor":21,"key":"HollowMod:QueensCombRelic"},{"floor":21,"key":"MawBank"},{"floor":22,"key":"Gremlin Horn"},{"floor":22,"key":"Gambling Chip"},{"floor":23,"key":"The Courier"},{"floor":23,"key":"Tiny Chest"},{"floor":26,"key":"Ice Cream"},{"floor":27,"key":"StrikeDummy"},{"floor":27,"key":"Molten Egg 2"},{"floor":30,"key":"Torii"},{"floor":30,"key":"Guardian:GemstoneGun"},{"floor":31,"key":"Lantern"},{"floor":31,"key":"Calipers"},{"floor":36,"key":"Girya"},{"floor":37,"key":"Eternal Feather"},{"floor":37,"key":"Bronze Scales"},{"floor":39,"key":"TungstenRod"},{"floor":39,"key":"Self Forming Clay"},{"floor":42,"key":"MealTicket"},{"floor":42,"key":"Oddly Smooth Stone"},{"floor":43,"key":"Ancient Tea Set"},{"floor":44,"key":"Centennial Puzzle"},{"floor":45,"key":"Unceasing Top"},{"floor":45,"key":"Whetstone"},{"floor":47,"key":"Incense Burner"},{"floor":47,"key":"Toy Ornithopter"},{"floor":48,"key":"Kunai"},{"floor":48,"key":"Pocketwatch"},{"floor":55,"key":"HornCleat"},{"floor":55,"key":"HollowMod:StagPassRelic"}],"event_choices":[],"is_beta":false,"boss_relics":[{"not_picked":["Philosopher\u0027s Stone","SlaversCollar"],"picked":"Black Star"},{"not_picked":["Cursed Key","SacredBark"],"picked":"Black Blood"}],"items_purged_floors":[46,54],"is_endless":false,"potions_floor_spawned":[8,16,23,27,30,33,36,42,47,48,50],"ascension_level":20}}