{"host":"jksa5rawk3m4gilz","time":1607707528,"event":{"mods":["BaseMod","Colored Map","Highlight Path","Minty Spire (QoL Compilation)","Quick Restart"],"gold_per_floor":[111,130,130,141,151,151,151,164,191,218,70,98,98,282,282,282,282],"floor_reached":16,"playtime":474,"items_purged":[],"score":209,"play_id":"341029ca-78de-428c-960d-01f4b5eb533f","local_time":"20201211182528","is_ascension_mode":true,"campfire_choices":[{"data":"Eruption","floor":6,"key":"SMITH"},{"floor":15,"key":"REST"}],"circlet_count":0,"master_deck":["AscendersBane","Strike_P","Strike_P","Strike_P","Defend_P","Defend_P","Defend_P","Defend_P","Eruption+1","Vigilance","Crescendo","MasterReality","ClearTheMind","ReachHeaven","Wish","Doubt"],"relics":["PureWater","NeowsBlessing","Boot","Smiling Mask","Toolbox","CeramicFish","Golden Idol"],"acts_visited":["Exordium"],"potions_floor_usage":[8,16],"damage_taken":[{"damage":0,"enemies":"Small Slimes","floor":1,"turns":1},{"damage":0,"enemies":"Cultist","floor":2,"turns":1},{"damage":0,"enemies":"Jaw Worm","floor":4,"turns":2},{"damage":8,"enemies":"Blue Slaver","floor":5,"turns":4},{"damage":12,"enemies":"Exordium Thugs","floor":8,"turns":4},{"damage":18,"enemies":"Gremlin Nob","floor":10,"turns":3},{"damage":0,"enemies":"Lagavulin","floor":12,"turns":4},{"damage":34,"enemies":"The Guardian","floor":16,"turns":7}],"seed_played":"-5999912812258724919","potions_obtained":[{"floor":5,"key":"BlessingOfTheForge"},{"floor":12,"key":"SpeedPotion"}],"is_trial":false,"path_per_floor":["M","M","?","M","M","R","$","M","T","E","$","E","?","?","R","B"],"character_chosen":"WATCHER","items_purchased":["Toolbox"],"campfire_rested":1,"item_purchase_floors":[11],"current_hp_per_floor":[65,65,65,65,57,57,57,45,45,27,27,27,9,9,30,0,0],"gold":282,"neow_bonus":"THREE_ENEMY_KILL","is_daily":false,"chose_seed":false,"campfire_upgraded":1,"win_rate":0.0,"timestamp":1607707528,"path_taken":["M","M","?","M","?","R","$","M","T","E","$","E","?","?","R","BOSS"],"items_purchased_type":["Relic"],"build_version":"2020-11-30","purchased_purges":0,"victory":false,"max_hp_per_floor":[72,72,72,72,72,72,72,72,72,72,72,72,72,72,72,72,72],"card_choices":[{"not_picked":["Protect","Perseverance"],"picked":"Crescendo","floor":1},{"not_picked":["FlyingSleeves","Weave"],"picked":"MasterReality","floor":2},{"not_picked":["CarveReality","Pray","Halt"],"picked":"SKIP","floor":4},{"not_picked":["EmptyBody","FearNoEvil"],"picked":"ClearTheMind","floor":5},{"not_picked":["Prostrate","Consecrate"],"picked":"ReachHeaven","floor":8},{"not_picked":["FollowUp","Conclude"],"picked":"Wish","floor":10},{"not_picked":["SashWhip","SandsOfTime","Meditate"],"picked":"SKIP","floor":12}],"player_experience":2017408,"relics_obtained":[{"floor":9,"key":"Boot"},{"floor":10,"key":"Smiling Mask"},{"floor":12,"key":"CeramicFish"}],"event_choices":[{"cards_removed":["Strike_P"],"damage_healed":0,"gold_gain":0,"player_choice":"Card Removal","damage_taken":0,"max_hp_gain":0,"max_hp_loss":0,"event_name":"Wheel of Change","floor":3,"gold_loss":0},{"damage_healed":0,"gold_gain":0,"player_choice":"Take Damage","damage_taken":18,"relics_obtained":["Golden Idol"],"max_hp_gain":0,"max_hp_loss":0,"event_name":"Golden Idol","floor":13,"gold_loss":0},{"damage_healed":0,"gold_gain":175,"player_choice":"AGREE","damage_taken":0,"max_hp_gain":0,"max_hp_loss":0,"event_name":"Liars Game","floor":14,"gold_loss":0,"cards_obtained":["Doubt"]}],"is_beta":false,"boss_relics":[],"items_purged_floors":[],"is_endless":false,"potions_floor_spawned":[5,12],"killed_by":"The Guardian","ascension_level":11}}