{"host":"5s7sm4h73jkd9266","time":1607700243,"event":{"mods":["AchievementEnabler","Bartender","BaseMod","Better Match","Better Vampires","BetterRewards","Colored Map","Colored Powertips","Conspire","Downfall","Energized Spire","GifTheSpireLib","Hermit","Hubris","Magitek Elite","Marisa????????","Melee Mod","Minty Spire (QoL Compilation)","Potion Indicator Mod","Rare Cards Sparkle","Relic Stats","Replay The Spire","Robot Space Explorer","Shade Mod","Shop Mod","StSLib","Stuff the Spire","The Bladedancer","The Blue Laboratory","The Cursed","The Disciple","The Dragon Tamer","The Forsaken","The Necromancer","The Servant 0.9.4","The Wild Card","The Witch","Virulent Crown","everything is the same but u backflip on backflip","slay the spire mod where everything is the same but ironclad has a cowboy hat","vexMod"],"gold_per_floor":[110,125,125,125,125,160,91,111,111,111,160,187,187,213,213,228,228,304,304,316,316,334,351,5,5,5,37,37,37,49,49,66,81,81,81,81,81,81],"floor_reached":37,"playtime":2414,"items_purged":[],"score":519,"play_id":"900c89a2-e1ee-43b7-9aa2-9ed6944ed19b","local_time":"20201211102403","is_ascension_mode":true,"campfire_choices":[{"floor":13,"key":"REST"},{"floor":15,"key":"REST"},{"floor":17,"key":"REST"},{"floor":26,"key":"REST"},{"floor":29,"key":"REST"},{"data":"A Thousand Cuts","floor":31,"key":"SMITH"},{"floor":36,"key":"REST"}],"circlet_count":0,"master_deck":["AscendersBane","Strike_G","Strike_G","Strike_G","Strike_G","Strike_G","Defend_G","Defend_G","Defend_G+1","Defend_G","Defend_G","Survivor","Neutralize+1","Flying Knee","StuffTheSpire:Python","StuffTheSpire:CuriosityCurse","Quick Slash","Replay:SS_hec_4","Adrenaline","ReplayTheSpireMod:Speed Training","Malaise","Deadly Poison","A Thousand Cuts+1","hubris:SlightOfHand+1","StuffTheSpire:Python+1","Deadly Poison","expansioncontent:HyperBeam","Envenom","Dagger Throw","Cloak And Dagger"],"relics":["Ring of the Snake","Ring of Misfortune","Quantum Egg","Ancient Tea Set","Bag of Preparation","CaptainsWheel","Busted Crown","Blood Vial","VirulentCrownMod:VirulentCrown","Nloth\u0027s Gift","Thread and Needle","MealTicket"],"acts_visited":["Exordium","TheCity"],"potions_floor_usage":[12,20,22,30],"damage_taken":[{"damage":4.0,"enemies":"Jaw Worm","floor":1.0,"turns":4.0},{"damage":4.0,"enemies":"Small Slimes","floor":2.0,"turns":4.0},{"damage":32.0,"enemies":"Gremlin Nob","floor":6.0,"turns":7.0},{"damage":0,"enemies":"Cultist","floor":8,"turns":3},{"damage":7,"enemies":"Replay:BlueRogue","floor":12,"turns":7},{"damage":6,"enemies":"3 Sentries","floor":14,"turns":5},{"damage":0,"enemies":"Blue Slaver","floor":16,"turns":3},{"damage":20,"enemies":"Fading Forest","floor":18,"turns":11},{"damage":14,"enemies":"Shell Parasite","floor":20,"turns":6},{"damage":4,"enemies":"3 Byrds","floor":22,"turns":7},{"damage":12,"enemies":"Snecko","floor":23,"turns":5},{"damage":23,"enemies":"Slavers","floor":27,"turns":5},{"damage":0,"enemies":"Shelled Parasite and Fungi","floor":30,"turns":5},{"damage":0,"enemies":"Snake Plant","floor":32,"turns":5},{"damage":0,"enemies":"3 Cultists","floor":33,"turns":5},{"damage":80,"enemies":"Collector","floor":37,"turns":8}],"seed_played":"1842122043393750135","potions_obtained":[{"floor":2.0,"key":"blueLaboratory:BubblePotion"},{"floor":8,"key":"Flashbang"},{"floor":18,"key":"SkillPotion"},{"floor":20,"key":"Weak Potion"},{"floor":27,"key":"EssenceOfSteel"}],"is_trial":false,"path_per_floor":["M","M","?","?","?","E","$","M","PTL","PTL","T","E","R","E","R","M","R","B",null,"M","?","M","M","$","?","R","E","T","R","M","R","M","M","R_BF","PTL","R","B"],"character_chosen":"THE_SILENT","items_purchased":["Replay:SS_hec_4","VirulentCrownMod:VirulentCrown","expansioncontent:HyperBeam"],"campfire_rested":6,"item_purchase_floors":[7,24,24],"current_hp_per_floor":[61,57,43,43,43,11,11,11,11,11,11,4,25,19,40,40,61,41,64,50,50,48,38,38,38,59,38,38,59,61,61,63,65,65,65,72,0,0],"gold":81,"neow_bonus":"TEN_PERCENT_HP_BONUS","is_daily":false,"chose_seed":false,"campfire_upgraded":1,"win_rate":0.0,"timestamp":1607700243,"path_taken":["M","M","?","?","?","E","$","M","PTL","PTL","T","E","R","E","R","M","R","BOSS","M","?","M","M","$","?","R","E","T","R","?","R","M","M","R_BF","PTL","R","BOSS"],"items_purchased_type":["Card","Relic","Card"],"build_version":"2020-11-30","purchased_purges":0,"victory":false,"max_hp_per_floor":[72,72,72,72,72,72,72,72,72,72,72,72,72,72,72,72,72,72,72,72,72,72,72,72,72,72,72,72,72,72,72,72,72,72,72,72,72,72],"relic_stats":{"Blood Vial":12,"Busted Crown":14,"counters":[19,114],"MealTicket":0,"Bag of Preparation":[22],"Nloth\u0027s Gift":1,"obtain_stats":[{"Basket Of Snakes":2,"Quantum Egg":5,"Thread and Needle":27,"Bag of Preparation":12,"MawBank":6,"Ancient Tea Set":11,"VirulentCrownMod:VirulentCrown":24,"Blood Vial":21,"CaptainsWheel":14,"Busted Crown":19,"Ring of Misfortune":4,"MealTicket":28,"Nloth\u0027s Gift":25,"Ring of the Snake":0},{"Basket Of Snakes":1,"Quantum Egg":5,"Thread and Needle":15,"Bag of Preparation":8,"MawBank":6,"Ancient Tea Set":7,"VirulentCrownMod:VirulentCrown":14,"Blood Vial":12,"CaptainsWheel":9,"Busted Crown":11,"Ring of Misfortune":5,"MealTicket":15,"Nloth\u0027s Gift":14,"Ring of the Snake":0},{"Basket Of Snakes":5,"Quantum Egg":34,"Thread and Needle":92,"Bag of Preparation":51,"MawBank":41,"Ancient Tea Set":44,"VirulentCrownMod:VirulentCrown":87,"Blood Vial":76,"CaptainsWheel":56,"Busted Crown":70,"Ring of Misfortune":34,"MealTicket":92,"Nloth\u0027s Gift":87,"Ring of the Snake":0}],"Ring of the Snake":[37]},"card_choices":[{"not_picked":["PiercingWail","Blade Dance"],"picked":"Flying Knee","floor":1.0},{"not_picked":["hubris:Counter","Backflip"],"picked":"StuffTheSpire:Python","floor":2.0},{"not_picked":["conspire:PoisonWeapons","ReplayTheSpireMod:The Works"],"picked":"Quick Slash","floor":6.0},{"not_picked":["Bane","hubris:SlightOfHand"],"picked":"Adrenaline","floor":8},{"not_picked":["Backflip","Blade Dance"],"picked":"ReplayTheSpireMod:Speed Training","floor":12},{"not_picked":["Dagger Spray","StuffTheSpire:ClusterCrunch"],"picked":"Malaise","floor":14},{"not_picked":["Outmaneuver","Heel Hook"],"picked":"Deadly Poison","floor":16},{"not_picked":["Adrenaline","Tools of the Trade"],"picked":"A Thousand Cuts","floor":18},{"not_picked":[],"picked":"hubris:SlightOfHand+1","floor":20},{"not_picked":[],"picked":"StuffTheSpire:Python+1","floor":22},{"not_picked":[],"picked":"Deadly Poison","floor":23},{"not_picked":[],"picked":"Envenom","floor":27},{"not_picked":[],"picked":"Dagger Throw","floor":30},{"not_picked":["ReplayTheSpireMod:Shiv Toss+1"],"picked":"SKIP","floor":32},{"not_picked":[],"picked":"Cloak And Dagger","floor":33}],"player_experience":5284688,"relics_obtained":[{"floor":4.0,"key":"Ring of Misfortune"},{"floor":6.0,"key":"MawBank"},{"floor":11,"key":"Ancient Tea Set"},{"floor":12,"key":"Bag of Preparation"},{"floor":14,"key":"CaptainsWheel"},{"floor":27,"key":"Thread and Needle"},{"floor":28,"key":"MealTicket"}],"event_choices":[{"damage_healed":0.0,"max_hp_gain":0.0,"max_hp_loss":0.0,"gold_gain":0.0,"event_name":"Shining Light","player_choice":"Entered Light","floor":3.0,"gold_loss":0.0,"damage_taken":14.0,"cards_upgraded":["Neutralize","Defend_G"]},{"damage_healed":0,"gold_gain":0,"player_choice":"Traded Relic","damage_taken":0,"relics_obtained":["Nloth\u0027s Gift"],"max_hp_gain":0,"max_hp_loss":0,"event_name":"N\u0027loth","floor":25,"relics_lost":["MawBank"],"gold_loss":0}],"is_beta":false,"boss_relics":[{"not_picked":["energizedSpire:NeverEndingSparkler","Silver_Glasses"],"picked":"Busted Crown"}],"items_purged_floors":[],"is_endless":false,"potions_floor_spawned":[2,8,18,20,27],"killed_by":"Collector","ascension_level":14}}