{"host":"59ckh7bj2z84pzgo","time":1607656916,"event":{"mods":["BaseMod","Better Vampires","Marked Mod","Minty Spire (QoL Compilation)","Replay The Spire","Spicy Shops","StSLib","TestMod","¡¾ÒÅÎï¿¨ÅÆ¡¿REMEMod"],"gold_per_floor":[118,136,152,152,165,165,165,165],"floor_reached":7,"playtime":458,"items_purged":[],"score":86,"play_id":"09e2e7b6-647e-4d2d-9d1e-3deaedc468c7","local_time":"20201211112156","is_ascension_mode":true,"campfire_choices":[{"floor":6,"key":"REST"}],"circlet_count":0,"master_deck":["AscendersBane","Strike_R+1","Strike_R","Strike_R","Strike_R","Strike_R","Defend_R","Defend_R+1","Defend_R","Defend_R","Bash","testmod-ComboMaster","Carnage","Flame Barrier","Shockwave"],"relics":["Burning Blood","REME_ComplimentaryCards","testmod-TestBox","testmod-PortableAltar","Simple Rune"],"acts_visited":["Exordium"],"potions_floor_usage":[5,7],"damage_taken":[{"damage":28,"enemies":"Cultist","floor":1,"turns":5},{"damage":18,"enemies":"Small Slimes","floor":2,"turns":4},{"damage":10,"enemies":"Jaw Worm","floor":3,"turns":3},{"damage":28,"enemies":"Exordium Thugs","floor":5,"turns":7},{"damage":2,"enemies":"3 Sentries","floor":7,"turns":2}],"seed_played":"-6821945386943653554","potions_obtained":[{"floor":1,"key":"Dexterity Potion"},{"floor":3,"key":"Adrenaline Potion"}],"is_trial":false,"path_per_floor":["M","M","M","?","M","R","E"],"character_chosen":"IRONCLAD","items_purchased":[],"campfire_rested":1,"item_purchase_floors":[],"current_hp_per_floor":[53,41,37,37,15,37,35,35],"gold":165,"neow_bonus":"TEN_PERCENT_HP_BONUS","is_daily":false,"chose_seed":false,"campfire_upgraded":0,"win_rate":0.0,"timestamp":1607656916,"path_taken":["M","?","M","?","M","R","E"],"items_purchased_type":[],"build_version":"2020-11-30","purchased_purges":0,"victory":false,"max_hp_per_floor":[81,80,79,78,77,76,75,75],"card_choices":[{"not_picked":["Flex","REME_Scribble"],"picked":"Carnage","floor":1},{"not_picked":["Twin Strike","Clash"],"picked":"Dark Embrace","floor":2},{"not_picked":["Sword Boomerang","Ghostly Armor"],"picked":"Flame Barrier","floor":3},{"not_picked":["Iron Wave","ReplayTheSpireMod:Muscle Training"],"picked":"Shockwave","floor":5}],"player_experience":115390,"relics_obtained":[],"event_choices":[{"cards_removed":["Dark Embrace"],"damage_healed":0,"gold_gain":0,"player_choice":"Gave Card","damage_taken":0,"relics_obtained":["Simple Rune"],"max_hp_gain":0,"max_hp_loss":0,"event_name":"WeMeetAgain","floor":4,"gold_loss":0}],"is_beta":false,"boss_relics":[],"items_purged_floors":[],"is_endless":false,"potions_floor_spawned":[1,3],"killed_by":"3 Sentries","ascension_level":20}}