{"host":"ueef25wtkg2eer3h","time":1607675546,"event":{"mods":["AchievementEnabler","BaseMod","Colored Map","Colored Powertips","DeckTracker","Displayed Cursed Tome","Googly Eyes","Highlight Path","Minty Spire (QoL Compilation)","Slay the Relics Exporter","StSLib"],"gold_per_floor":[113,129,149,167,181,215,215,62,143,143,133,133,160,184,184,283,283,299,299,311,329,131,163,177,177,224,262,285,319,328,328,328],"floor_reached":31,"playtime":1955,"items_purged":["Strike_B"],"score":470,"play_id":"3d61eb6a-9315-4d98-a4d8-b57793503d0e","local_time":"20201211093226","is_ascension_mode":true,"campfire_choices":[{"floor":7,"key":"REST"},{"floor":10,"key":"REST"},{"data":"Chill","floor":12,"key":"SMITH"},{"floor":15,"key":"REST"},{"floor":25,"key":"REST"}],"circlet_count":0,"master_deck":["Strike_B","Strike_B","Strike_B","Defend_B","Defend_B","Defend_B","Defend_B","Zap","Dualcast","Decay","Creative AI","Glacier","Capacitor","Barrage","Chill+1","Cold Snap","Glacier","Ball Lightning","Thunder Strike","Chaos","Static Discharge","Streamline","Barrage","Blizzard","Gash","Rainbow","Rebound+1","Shame","Glacier+1","Biased Cognition","Turbo","Dramatic Entrance","Amplify","Go for the Eyes+1","Gash+1","Buffer"],"relics":["Cracked Core","Orichalcum","Orrery","Sundial","Pocketwatch","Odd Mushroom","Velvet Choker","Centennial Puzzle","Symbiotic Virus","Ancient Tea Set","CeramicFish","Vajra"],"acts_visited":["Exordium","TheCity"],"potions_floor_usage":[6,14,29,29],"damage_taken":[{"damage":8,"enemies":"Cultist","floor":1,"turns":4},{"damage":0,"enemies":"2 Louse","floor":2,"turns":1},{"damage":7,"enemies":"Jaw Worm","floor":3,"turns":7},{"damage":12,"enemies":"Looter","floor":4,"turns":3},{"damage":10,"enemies":"Red Slaver","floor":5,"turns":4},{"damage":23,"enemies":"3 Sentries","floor":6,"turns":6},{"damage":8,"enemies":"Exordium Thugs","floor":11,"turns":5},{"damage":29,"enemies":"Gremlin Nob","floor":13,"turns":5},{"damage":6,"enemies":"The Mushroom Lair","floor":14,"turns":3},{"damage":30,"enemies":"Hexaghost","floor":16,"turns":12},{"damage":11,"enemies":"Chosen","floor":18,"turns":4},{"damage":6,"enemies":"Shell Parasite","floor":20,"turns":5},{"damage":10,"enemies":"Sentry and Sphere","floor":21,"turns":5},{"damage":20,"enemies":"Gremlin Leader","floor":23,"turns":7},{"damage":8,"enemies":"Snecko","floor":24,"turns":5},{"damage":20,"enemies":"Book of Stabbing","floor":27,"turns":8},{"damage":0,"enemies":"Shelled Parasite and Fungi","floor":28,"turns":6},{"damage":19,"enemies":"Slavers","floor":29,"turns":5},{"damage":10,"enemies":"3 Cultists","floor":31,"turns":3}],"seed_played":"-8784185722430567010","potions_obtained":[{"floor":3,"key":"FairyPotion"},{"floor":5,"key":"Explosive Potion"},{"floor":13,"key":"Fire Potion"},{"floor":16,"key":"SpeedPotion"},{"floor":18,"key":"DuplicationPotion"},{"floor":20,"key":"Weak Potion"}],"is_trial":false,"path_per_floor":["M","M","M","M","M","E","R","$","T","R","M","R","E","?","R","B",null,"M","?","M","M","$","E","M","R","T","E","M","E","?","M"],"character_chosen":"DEFECT","items_purchased":["Orrery","Turbo","Dramatic Entrance"],"campfire_rested":4,"item_purchase_floors":[8,22,22],"current_hp_per_floor":[60,60,53,41,31,8,30,30,30,52,44,44,15,9,31,1,57,46,46,40,30,30,10,2,24,24,4,4,8,8,0,0],"gold":328,"neow_bonus":"THREE_RARE_CARDS","is_daily":false,"chose_seed":false,"campfire_upgraded":1,"win_rate":0.0,"timestamp":1607675546,"path_taken":["M","M","M","M","?","E","R","$","T","R","M","R","E","?","R","BOSS","M","?","M","M","$","E","M","R","T","E","M","E","?","?"],"items_purchased_type":["Relic","Card","Card"],"build_version":"2020-11-30","purchased_purges":1,"victory":false,"max_hp_per_floor":[75,75,75,75,75,75,75,75,75,75,75,75,75,75,75,75,75,75,75,75,75,75,75,75,75,75,75,75,75,75,75,75],"card_choices":[{"not_picked":["Fission","Reboot"],"picked":"Creative AI","floor":0},{"not_picked":["Beam Cell","Stack"],"picked":"Glacier","floor":1},{"not_picked":["Steam","Redo"],"picked":"Capacitor","floor":2},{"not_picked":["Gash","Defragment"],"picked":"Barrage","floor":3},{"not_picked":["Tempest","Gash"],"picked":"Chill","floor":4},{"not_picked":["FTL","Tempest"],"picked":"Cold Snap","floor":5},{"not_picked":["Hologram","Go for the Eyes"],"picked":"Glacier","floor":6},{"not_picked":["FTL","Stack"],"picked":"Ball Lightning","floor":8},{"not_picked":["Fission","Stack"],"picked":"Thunder Strike","floor":8},{"not_picked":["Conserve Battery","Gash"],"picked":"Chaos","floor":8},{"not_picked":["Consume","Chill"],"picked":"Static Discharge","floor":8},{"not_picked":["Cold Snap","Beam Cell"],"picked":"Streamline","floor":8},{"not_picked":["Streamline","Compile Driver"],"picked":"Barrage","floor":11},{"not_picked":["Genetic Algorithm","Go for the Eyes"],"picked":"Blizzard","floor":13},{"not_picked":["Compile Driver","Creative AI"],"picked":"Gash","floor":14},{"not_picked":["All For One","Fission"],"picked":"Rainbow","floor":16},{"not_picked":["Beam Cell","Streamline"],"picked":"Rebound+1","floor":18},{"not_picked":["Conserve Battery","Coolheaded"],"picked":"Glacier+1","floor":20},{"not_picked":["Go for the Eyes+1","Stack"],"picked":"Biased Cognition","floor":21},{"not_picked":["Doom and Gloom","Barrage","Redo"],"picked":"SKIP","floor":23},{"not_picked":["Rebound","FTL","Hologram"],"picked":"SKIP","floor":24},{"not_picked":["Hologram","BootSequence"],"picked":"Amplify","floor":27},{"not_picked":["Beam Cell","Compile Driver"],"picked":"Go for the Eyes+1","floor":28},{"not_picked":["Turbo","Hologram"],"picked":"Gash+1","floor":29}],"player_experience":237142,"relics_obtained":[{"floor":6,"key":"Orichalcum"},{"floor":9,"key":"Sundial"},{"floor":13,"key":"Pocketwatch"},{"floor":14,"key":"Odd Mushroom"},{"floor":23,"key":"Symbiotic Virus"},{"floor":26,"key":"Ancient Tea Set"},{"floor":27,"key":"CeramicFish"},{"floor":29,"key":"Vajra"}],"event_choices":[{"damage_healed":0,"gold_gain":0,"player_choice":"Fought Mushrooms","damage_taken":0,"max_hp_gain":0,"max_hp_loss":0,"event_name":"Mushrooms","floor":14,"gold_loss":0},{"damage_healed":0,"gold_gain":0,"player_choice":"Stole Relic","damage_taken":0,"relics_obtained":["Centennial Puzzle"],"max_hp_gain":0,"max_hp_loss":0,"event_name":"Addict","floor":19,"gold_loss":0,"cards_obtained":["Shame"]},{"damage_healed":0,"gold_gain":0,"player_choice":"1 cards matched","damage_taken":0,"max_hp_gain":0,"max_hp_loss":0,"event_name":"Match and Keep!","floor":30,"gold_loss":0,"cards_obtained":["Buffer"]}],"is_beta":false,"boss_relics":[{"not_picked":["Tiny House","Runic Dome"],"picked":"Velvet Choker"}],"items_purged_floors":[22],"is_endless":false,"potions_floor_spawned":[3,5,13,16,18,20,28],"killed_by":"3 Cultists","ascension_level":9}}