{"host":"q5ov95m673vfqvx7","time":1607703932,"event":{"mods":["AchievementEnabler","Act Like it!","Ascension Reborn","Aspiration","BaseMod","Better Sensory Stone","Better Third Choice","BetterRewards","Challenge The Spire","Colored Map","Colored Powertips","Custom Start","DeckTracker","Dio Mod","Displayed Cursed Tome","Downfall","EXCEPTION","Elementarium","Friendly Minions","Gensokyo","Halation","Hubris","Infinite Spire","Koishi","Luminous","Marisa????????","Menagerie","Minty Spire (QoL Compilation)","Quick Restart","Railgun Mod","Rare Cards Sparkle","Reimu??????","Remilia??????","Replay The Spire","Reworked Bosses","Shop Mod","Spicy Shops","StSLib","SuperFastMode","The IronCluck","The Senshi","The Servant 0.9.4","Waifu the Spire","Wandering Minibosses","Yohane!","egg","everything is the same but u backflip on backflip","slay the spire mod where everything is the same but ironclad has a cowboy hat","vexMod","???mod?????"],"gold_per_floor":[99,129,129,129,140,154,228,228,228,256,272,285,304,316,334,334,334],"floor_reached":16,"playtime":719,"items_purged":[],"score":114,"play_id":"48997802-68ee-42d4-8578-868ed5e58820","local_time":"20201211112532","is_ascension_mode":false,"campfire_choices":[{"data":"FlawlessForm","floor":1,"key":"SMITH"},{"floor":9,"key":"REST"}],"circlet_count":0,"master_deck":["Strike_S","Strike_S","Strike_S","Strike_S","Defend_S","Defend_S","Defend_S","Defend_S","KidneyShot","Exchange+1","FlawlessForm+1","Ricochet","MoonPhase","ReplayTheSpireMod:Restless Dread","Gensokyo:ImpossibleRequest","ReplayTheSpireMod:Chaos Vortex","BottledTime","Solidify","Unruled","MoonPhase","Unruled","Spin"],"relics":["Uniform","halation:PrussianBluePaint","infinitespire:ShieldingShard","Pet Ghost"],"acts_visited":["Gensokyo:Gensokyo"],"potions_floor_usage":[16,16,16],"damage_taken":[{"damage":34,"enemies":"Gensokyo:Cirno","floor":2,"turns":8},{"damage":4,"enemies":"Gensokyo:2_Kodama","floor":5,"turns":5},{"damage":2,"enemies":"Gensokyo:Gryphon","floor":6,"turns":5},{"damage":19,"enemies":"Gensokyo:Aya","floor":10,"turns":10},{"damage":0,"enemies":"Gensokyo:3_Fairies","floor":11,"turns":4},{"damage":1,"enemies":"Gensokyo:Gryphon_and_Rabbit","floor":12,"turns":7},{"damage":0,"enemies":"Gensokyo:3_Kodama","floor":13,"turns":5},{"damage":0,"enemies":"Gensokyo:5_Fairies","floor":14,"turns":4},{"damage":1,"enemies":"Gensokyo:Gryphon_and_Rabbit","floor":15,"turns":3},{"damage":24,"enemies":"downfall:CharBossIronclad","floor":16,"turns":9}],"seed_played":"5974833762021917937","potions_obtained":[{"floor":5,"key":"MagicPotion:ReiMu"},{"floor":6,"key":"Swift Potion"},{"floor":11,"key":"Energy Potion"},{"floor":13,"key":"AttackPotion"},{"floor":15,"key":"Strength Potion"}],"is_trial":false,"path_per_floor":["R","E","?","?","M","M","T","?","R","E","M","M","M","M","M","B"],"character_chosen":"THE_SERVANT","items_purchased":[],"campfire_rested":1,"item_purchase_floors":[],"current_hp_per_floor":[65,31,31,31,27,25,25,25,44,25,25,24,24,24,23,0,0],"gold":334,"neow_bonus":"ONE_RANDOM_RARE_CARD","is_daily":false,"chose_seed":false,"campfire_upgraded":1,"win_rate":0.0,"timestamp":1607703932,"path_taken":["R","E","?","?","M","M","T","?","R","E","M","?","M","?","M","BOSS"],"items_purchased_type":[],"build_version":"2020-11-30","purchased_purges":0,"victory":false,"max_hp_per_floor":[65,65,65,65,65,65,65,65,65,65,65,65,65,65,65,65,65],"card_choices":[{"not_picked":["SilverMatrix","Solidify"],"picked":"Ricochet","floor":2},{"not_picked":["Revamp","ShiftingGears"],"picked":"MoonPhase","floor":5},{"not_picked":["Starlight","Snipe","BottledTime"],"picked":"SKIP","floor":6},{"not_picked":["infinitespire:Fortify","ReplayTheSpireMod:Echoes of Time"],"picked":"ReplayTheSpireMod:Chaos Vortex","floor":8},{"not_picked":["Reset","Revamp"],"picked":"BottledTime","floor":10},{"not_picked":["Ricochet","DancingSilver"],"picked":"Solidify","floor":11},{"not_picked":["Rewind","Rearm"],"picked":"Unruled","floor":12},{"not_picked":["Revamp","Desolation"],"picked":"MoonPhase","floor":13},{"not_picked":["Moondial","RealityMarble"],"picked":"Unruled","floor":14},{"not_picked":["Reset","Desolation"],"picked":"Spin","floor":15}],"player_experience":137246,"relics_obtained":[{"floor":2,"key":"halation:PrussianBluePaint"},{"floor":7,"key":"infinitespire:ShieldingShard"},{"floor":10,"key":"Pet Ghost"}],"event_choices":[],"is_beta":false,"boss_relics":[],"items_purged_floors":[],"is_endless":false,"potions_floor_spawned":[5,6,11,13,15],"killed_by":"downfall:CharBossIronclad","ascension_level":0}}