{"host":"Mythic","time":1607669138,"event":{"mods":["BaseMod","Minty Spire (QoL Compilation)","Relic Stats","StSLib"],"gold_per_floor":[117,129,129,54,54,88,88,113,113,129,144,144,155,170,170,266,266,281,295,295,330,347,347,382,382,460,460,460,475,494,72,72,175,175,195,195,495,515,532,557,571,571,571],"floor_reached":42,"playtime":1140,"items_purged":["Strike_R"],"score":485,"play_id":"4fac3809-5218-4558-beed-de5d1a615b6a","local_time":"20201211014538","is_ascension_mode":false,"campfire_choices":[{"data":"Bash","floor":7,"key":"SMITH"},{"data":"Burning Pact","floor":12,"key":"SMITH"},{"data":"Carnage","floor":15,"key":"SMITH"},{"floor":23,"key":"REST"},{"floor":25,"key":"REST"},{"data":"Offering","floor":32,"key":"SMITH"}],"circlet_count":0,"master_deck":["Strike_R","Defend_R","Defend_R","Defend_R","Bash+1","Bludgeon+1","Offering+1","Battle Trance+1","Carnage+1","Inflame","Dual Wield","Burning Pact+1","Shrug It Off","Double Tap","Headbutt","Clothesline","Ghostly Armor","Blood for Blood","Offering+1","Demon Form","Shrug It Off+1"],"relics":["Astrolabe","Vajra","CaptainsWheel","Potion Belt","Pantograph","Philosopher\u0027s Stone","Red Mask","Omamori","Mummified Hand","MutagenicStrength","Bronze Scales","Self Forming Clay","Sozu","Bag of Preparation"],"acts_visited":["Exordium","TheCity","TheBeyond"],"potions_floor_usage":[18,18,40,40,42],"damage_taken":[{"damage":0,"enemies":"Jaw Worm","floor":1,"turns":1},{"damage":0,"enemies":"2 Louse","floor":2,"turns":2},{"damage":15,"enemies":"3 Sentries","floor":6,"turns":4},{"damage":6,"enemies":"Lagavulin","floor":8,"turns":2},{"damage":0,"enemies":"Cultist","floor":10,"turns":2},{"damage":6,"enemies":"2 Fungi Beasts","floor":11,"turns":2},{"damage":6,"enemies":"Looter","floor":13,"turns":2},{"damage":11,"enemies":"Large Slime","floor":14,"turns":2},{"damage":44,"enemies":"Hexaghost","floor":16,"turns":8},{"damage":34,"enemies":"3 Byrds","floor":18,"turns":5},{"damage":7,"enemies":"Chosen","floor":19,"turns":3},{"damage":13,"enemies":"Masked Bandits","floor":21,"turns":2},{"damage":0,"enemies":"Snake Plant","floor":22,"turns":2},{"damage":22,"enemies":"Slavers","floor":24,"turns":5},{"damage":0,"enemies":"Centurion and Healer","floor":29,"turns":3},{"damage":0,"enemies":"Cultist and Chosen","floor":30,"turns":3},{"damage":70,"enemies":"Automaton","floor":33,"turns":9},{"damage":14,"enemies":"Orb Walker","floor":35,"turns":3},{"damage":15,"enemies":"3 Darklings","floor":38,"turns":3},{"damage":23,"enemies":"Spire Growth","floor":39,"turns":3},{"damage":29,"enemies":"Nemesis","floor":40,"turns":3},{"damage":0,"enemies":"Sphere and 2 Shapes","floor":41,"turns":5},{"damage":7,"enemies":"3 Darklings","floor":42,"turns":2}],"seed_played":"6962255159169243326","potions_obtained":[{"floor":2,"key":"BloodPotion"},{"floor":10,"key":"LiquidMemories"},{"floor":11,"key":"SpeedPotion"},{"floor":14,"key":"Explosive Potion"},{"floor":19,"key":"SteroidPotion"},{"floor":24,"key":"Energy Potion"},{"floor":30,"key":"GamblersBrew"}],"is_trial":false,"path_per_floor":["M","M","?","$","?","E","R","E","T","M","M","R","M","M","R","B",null,"M","M","?","?","M","R","E","R","T","?","?","M","M","$","R","B",null,"M","?","?","M","M","E","M","M"],"character_chosen":"IRONCLAD","items_purchased":["Offering","Self Forming Clay"],"campfire_rested":2,"item_purchase_floors":[31,31],"current_hp_per_floor":[80,80,68,68,68,53,53,47,47,47,41,41,35,24,24,5,80,62,55,40,27,27,52,30,55,55,55,55,55,55,55,55,10,85,71,71,71,56,33,4,4,0,0],"gold":571,"neow_bonus":"BOSS_RELIC","is_daily":false,"chose_seed":false,"campfire_upgraded":4,"win_rate":0.0,"timestamp":1607669138,"path_taken":["M","M","?","$","?","E","R","E","T","M","?","R","M","M","R","BOSS","M","M","?","?","M","R","E","R","T","?","?","M","M","$","R","BOSS","M","?","?","M","M","E","M","M"],"items_purchased_type":["Card","Relic"],"build_version":"2020-12-07","purchased_purges":1,"victory":false,"max_hp_per_floor":[80,80,80,80,80,80,80,80,80,80,80,80,80,80,80,80,80,80,80,85,85,85,85,85,85,85,85,85,85,85,85,85,85,85,85,85,85,85,85,85,85,85,85],"relic_stats":{"Sozu":1,"counters":[23,76],"Mummified Hand":[14],"Self Forming Clay":[48],"Astrolabe":["Bludgeon","Offering","Battle Trance"],"Pantograph":50,"Bronze Scales":[52],"Bag of Preparation":[4],"obtain_stats":[{"Potion Belt":8,"Self Forming Clay":31,"Astrolabe":0,"Vajra":3,"Omamori":24,"Bag of Preparation":40,"Burning Blood":0,"Sozu":34,"CaptainsWheel":6,"Mummified Hand":26,"Pantograph":9,"MutagenicStrength":27,"Bronze Scales":28,"Philosopher\u0027s Stone":17,"Red Mask":21},{"Potion Belt":4,"Self Forming Clay":16,"Astrolabe":0,"Vajra":2,"Omamori":14,"Bag of Preparation":21,"Burning Blood":0,"Sozu":17,"CaptainsWheel":3,"Mummified Hand":14,"Pantograph":4,"MutagenicStrength":14,"Bronze Scales":14,"Philosopher\u0027s Stone":9,"Red Mask":12},{"Potion Belt":9,"Self Forming Clay":48,"Astrolabe":0,"Vajra":3,"Omamori":42,"Bag of Preparation":69,"Burning Blood":0,"Sozu":57,"CaptainsWheel":7,"Mummified Hand":42,"Pantograph":9,"MutagenicStrength":42,"Bronze Scales":42,"Philosopher\u0027s Stone":25,"Red Mask":35}]},"card_choices":[{"not_picked":["Warcry","Body Slam"],"picked":"Carnage","floor":1},{"not_picked":["Flex","Whirlwind"],"picked":"Inflame","floor":2},{"not_picked":["Sentinel","Heavy Blade"],"picked":"Dual Wield","floor":6},{"not_picked":["Uppercut","Wild Strike"],"picked":"Burning Pact","floor":8},{"not_picked":["Heavy Blade","Pummel","Wild Strike"],"picked":"SKIP","floor":10},{"not_picked":["Armaments","Shrug It Off","Clothesline"],"picked":"SKIP","floor":11},{"not_picked":["Armaments","Clothesline"],"picked":"Shrug It Off","floor":11},{"not_picked":["Bloodletting","Clash","Anger"],"picked":"SKIP","floor":13},{"not_picked":["Armaments","Clash","Seeing Red"],"picked":"SKIP","floor":14},{"not_picked":["Barricade","Bludgeon"],"picked":"Double Tap","floor":16},{"not_picked":["Perfected Strike","Fire Breathing"],"picked":"Headbutt","floor":18},{"not_picked":["Clash","Body Slam+1"],"picked":"Headbutt+1","floor":19},{"not_picked":["Sword Boomerang","Shrug It Off"],"picked":"Clothesline","floor":21},{"not_picked":["Sword Boomerang","Sentinel+1","Reckless Charge"],"picked":"SKIP","floor":22},{"not_picked":["Wild Strike","Dark Embrace","Brutality"],"picked":"SKIP","floor":24},{"not_picked":["Thunderclap+1","Wild Strike+1"],"picked":"Ghostly Armor","floor":29},{"not_picked":["Heavy Blade","Thunderclap"],"picked":"Blood for Blood","floor":30},{"not_picked":["Limit Break","Impervious"],"picked":"Demon Form","floor":33},{"not_picked":["Havoc+1","Clothesline","Iron Wave+1"],"picked":"SKIP","floor":35},{"not_picked":["Seeing Red+1","Shockwave+1"],"picked":"Shrug It Off+1","floor":38},{"not_picked":["Dropkick","Shrug It Off+1","Blood for Blood+1"],"picked":"SKIP","floor":39},{"not_picked":["True Grit","Carnage+1","Warcry"],"picked":"SKIP","floor":40},{"not_picked":["Intimidate+1","Iron Wave+1","Clash+1"],"picked":"SKIP","floor":41}],"player_experience":813304,"relics_obtained":[{"floor":6,"key":"CaptainsWheel"},{"floor":8,"key":"Potion Belt"},{"floor":9,"key":"Pantograph"},{"floor":21,"key":"Red Mask"},{"floor":24,"key":"Omamori"},{"floor":26,"key":"Mummified Hand"},{"floor":40,"key":"Bag of Preparation"}],"event_choices":[{"damage_healed":0,"gold_gain":0,"player_choice":"Success","damage_taken":12,"relics_obtained":["Vajra"],"max_hp_gain":0,"max_hp_loss":0,"event_name":"Scrap Ooze","floor":3,"gold_loss":0},{"cards_removed":["Strike_R"],"damage_healed":0,"gold_gain":0,"player_choice":"Card Removal","damage_taken":0,"max_hp_gain":0,"max_hp_loss":0,"event_name":"Wheel of Change","floor":5,"gold_loss":0},{"damage_healed":0,"gold_gain":0,"player_choice":"Shed Blood","damage_taken":20,"max_hp_gain":5,"max_hp_loss":0,"event_name":"Forgotten Altar","floor":20,"gold_loss":0},{"damage_healed":0,"gold_gain":0,"player_choice":"Fought Bandits","damage_taken":0,"max_hp_gain":0,"max_hp_loss":0,"event_name":"Masked Bandits","floor":21,"gold_loss":0},{"damage_healed":0,"gold_gain":0,"player_choice":"Inject Mutagens","damage_taken":0,"relics_obtained":["MutagenicStrength"],"max_hp_gain":0,"max_hp_loss":0,"event_name":"Drug Dealer","floor":27,"gold_loss":0},{"damage_healed":0,"gold_gain":0,"player_choice":"Opened","damage_taken":0,"relics_obtained":["Bronze Scales"],"max_hp_gain":0,"max_hp_loss":0,"event_name":"The Mausoleum","floor":28,"gold_loss":0,"cards_obtained":["Writhe"]},{"cards_removed":["Headbutt"],"damage_healed":0,"gold_gain":0,"player_choice":"Removed Attack","damage_taken":0,"max_hp_gain":0,"max_hp_loss":0,"event_name":"Falling","floor":36,"gold_loss":0},{"damage_healed":0,"gold_gain":300,"player_choice":"Gold","damage_taken":0,"max_hp_gain":0,"max_hp_loss":0,"event_name":"Wheel of Change","floor":37,"gold_loss":0}],"is_beta":true,"boss_relics":[{"not_picked":["Calling Bell","Snecko Eye"],"picked":"Philosopher\u0027s Stone"},{"not_picked":["SlaversCollar","Coffee Dripper"],"picked":"Sozu"}],"items_purged_floors":[4],"is_endless":false,"potions_floor_spawned":[2,10,11,14,19,24,30,41],"killed_by":"3 Darklings","ascension_level":0}}