{"host":"kos1s9q8ffr8fqos","time":1607657948,"event":{"mods":["2.2 Compatiblity","AchievementEnabler","AlwaysNeverKeys","Astrologer","BaseMod","Bestiary","Better Altar","Better Match","Better Note","Better Sensory Stone","Better Skull","Better Third Choice","Better Vampires","Colored Map","Colored Powertips","Curses Come First","Hermit","Infinite Spire","Jorbs\u0027s Wanderer Trilogy","Minty Spire (QoL Compilation)","Quick Restart","Random Character Button","Relic Stats","Shop Mod","StSLib","The Blue Laboratory","The Construct","The Disciple","The Hierophant"],"gold_per_floor":[119,119,119,119,154,154,209,209],"floor_reached":7,"playtime":343,"items_purged":[],"score":51,"play_id":"f9497642-b1e8-459b-81aa-193050fe18b9","local_time":"20201210213908","is_ascension_mode":true,"campfire_choices":[{"data":"Mayhem","floor":6,"key":"SMITH"}],"circlet_count":0,"master_deck":["astrologer:Strike","astrologer:Strike","astrologer:Strike","astrologer:Strike","astrologer:Defend","astrologer:Defend","astrologer:Defend","astrologer:Defend","astrologer:NorthStar","astrologer:TheFool","Mayhem+1","astrologer:CometStrike+1","Rip and Tear","HandOfGreed","astrologer:Premeditation"],"relics":["astrologer:SkyMirror","Pen Nib","Gremlin Horn"],"acts_visited":["Exordium"],"potions_floor_usage":[],"damage_taken":[{"damage":0,"enemies":"Small Slimes","floor":1,"turns":4},{"damage":0,"enemies":"Jaw Worm","floor":5,"turns":3},{"damage":9,"enemies":"Lagavulin","floor":7,"turns":5}],"seed_played":"1898826914458146644","potions_obtained":[{"floor":7,"key":"blueLaboratory:Moonshine"}],"is_trial":false,"path_per_floor":["M","?","?","?","M","R","E"],"character_chosen":"ASTROLOGER","items_purchased":[],"campfire_rested":0,"item_purchase_floors":[],"current_hp_per_floor":[63,47,47,47,47,47,38,38],"gold":209,"neow_bonus":"RANDOM_COLORLESS_2","is_daily":false,"chose_seed":false,"campfire_upgraded":1,"win_rate":0.0,"timestamp":1607657948,"path_taken":["M","?","?","?","M","R","E"],"items_purchased_type":[],"build_version":"2020-11-30","purchased_purges":0,"victory":false,"max_hp_per_floor":[63,63,63,63,63,63,63,63],"relic_stats":{"Gremlin Horn":[0,0],"counters":[3,12],"Pen Nib":[1],"obtain_stats":[{"Gremlin Horn":7,"astrologer:SkyMirror":0,"Pen Nib":2},{"Gremlin Horn":3,"astrologer:SkyMirror":0,"Pen Nib":1},{"Gremlin Horn":12,"astrologer:SkyMirror":0,"Pen Nib":4}]},"card_choices":[{"not_picked":["Sadistic Nature","Chrysalis"],"picked":"Mayhem","floor":0},{"not_picked":["astrologer:Opposition","astrologer:TheDevil"],"picked":"astrologer:CometStrike","floor":1},{"not_picked":["Good Instincts","Madness"],"picked":"HandOfGreed","floor":4},{"not_picked":["astrologer:CometStrike","astrologer:MeteorShower"],"picked":"astrologer:Premeditation","floor":5}],"player_experience":1233781,"relics_obtained":[{"floor":7,"key":"Gremlin Horn"}],"event_choices":[{"damage_healed":0,"gold_gain":0,"player_choice":"Grow","damage_taken":0,"max_hp_gain":0,"max_hp_loss":0,"event_name":"Living Wall","floor":3,"gold_loss":0,"cards_upgraded":["astrologer:CometStrike"]},{"damage_healed":0,"gold_gain":1,"player_choice":"1","damage_taken":0,"max_hp_gain":0,"max_hp_loss":0,"event_name":"betterStone:BetterStone","floor":4,"gold_loss":0}],"is_beta":false,"boss_relics":[],"items_purged_floors":[],"is_endless":false,"potions_floor_spawned":[7],"killed_by":"Lagavulin","ascension_level":1}}