{"host":"dz1qwalix8eproj8","time":1607656596,"event":{"mods":["AchievementEnabler","BaseMod","Block Reminder","Minty Spire (QoL Compilation)","Relic Stats","StSLib","SuperFastMode"],"gold_per_floor":[112,112,126,145,99,128,128,128,151,165,193,268,299,318,318,415,465,476,486,18,30,30,30,60,60,60,94,110,110,128,159,159,264,564,582,596,428,443,456,490,490,490,516,547,567,567,581,30,30,30],"floor_reached":51,"playtime":4686,"items_purged":["Strike_G","Defend_G"],"score":1033,"play_id":"60f7cbf7-fbf9-4d24-9d91-44469033afc0","local_time":"20201211041636","is_ascension_mode":true,"campfire_choices":[{"data":"Dash","floor":7,"key":"SMITH"},{"floor":15,"key":"REST"},{"data":"Sucker Punch","floor":23,"key":"SMITH"},{"data":"Noxious Fumes","floor":25,"key":"SMITH"},{"floor":32,"key":"REST"},{"floor":42,"key":"REST"},{"floor":49,"key":"REST"}],"circlet_count":0,"master_deck":["Defend_G","Defend_G","Defend_G","Survivor","Neutralize+1","Cloak And Dagger","Dagger Spray","Dagger Spray","Flying Knee","Dash+1","Noxious Fumes+1","Cloak And Dagger+1","Adrenaline+1","Sucker Punch+1","After Image","Deadly Poison+1","Outmaneuver+1","Venomology+1","Heel Hook","Blade Dance+1","Prepared+1","Bite","Bite","Bite","Bite","Bite","Infinite Blades","Bane","Malaise+1","Blade Dance+1","Leg Sweep+1","Terror+1","Backflip+1","Crippling Poison+1","Catalyst+1","Night Terror+1"],"relics":["Ring of the Snake","Omamori","Ancient Tea Set","Toxic Egg 2","Matryoshka","Tiny House","Happy Flower","HandDrill","Singing Bowl","Mummified Hand","Pear","Anchor","Tough Bandages","Calling Bell","Old Coin","Snake Skull","Blue Candle","HornCleat","Strawberry","PreservedInsect","Bottled Tornado","TwistedFunnel","Ornamental Fan","Bronze Scales"],"acts_visited":["Exordium","TheCity","TheBeyond"],"potions_floor_usage":[13,21,24,24,27,27,28,31,31,33,33,35,35,35,39,40,40,40,40,44,50,50,50],"damage_taken":[{"damage":2,"enemies":"Small Slimes","floor":1,"turns":4},{"damage":1,"enemies":"Cultist","floor":3,"turns":4},{"damage":4,"enemies":"Jaw Worm","floor":4,"turns":5},{"damage":21,"enemies":"3 Sentries","floor":6,"turns":6},{"damage":0,"enemies":"2 Fungi Beasts","floor":10,"turns":3},{"damage":18,"enemies":"Lagavulin","floor":11,"turns":6},{"damage":4,"enemies":"3 Sentries","floor":13,"turns":6},{"damage":0,"enemies":"3 Louse","floor":14,"turns":2},{"damage":16,"enemies":"Hexaghost","floor":16,"turns":10},{"damage":7,"enemies":"Chosen","floor":18,"turns":6},{"damage":12,"enemies":"Spheric Guardian","floor":19,"turns":6},{"damage":13,"enemies":"Snake Plant","floor":21,"turns":4},{"damage":14,"enemies":"Slavers","floor":24,"turns":5},{"damage":15,"enemies":"Gremlin Leader","floor":27,"turns":7},{"damage":2,"enemies":"Cultist and Chosen","floor":28,"turns":4},{"damage":15,"enemies":"Chosen and Byrds","floor":30,"turns":5},{"damage":23,"enemies":"Book of Stabbing","floor":31,"turns":5},{"damage":33,"enemies":"Automaton","floor":33,"turns":11},{"damage":17,"enemies":"3 Darklings","floor":35,"turns":4},{"damage":8,"enemies":"3 Shapes","floor":36,"turns":6},{"damage":22,"enemies":"Writhing Mass","floor":38,"turns":7},{"damage":2,"enemies":"4 Shapes","floor":39,"turns":5},{"damage":34,"enemies":"Giant Head","floor":40,"turns":9},{"damage":34,"enemies":"Reptomancer","floor":44,"turns":5},{"damage":0,"enemies":"Sphere and 2 Shapes","floor":45,"turns":4},{"damage":0,"enemies":"Jaw Worm Horde","floor":47,"turns":4},{"damage":40,"enemies":"Donu and Deca","floor":50,"turns":10}],"seed_played":"-5235919387549630663","potions_obtained":[{"floor":4,"key":"SneckoOil"},{"floor":10,"key":"Ancient Potion"},{"floor":13,"key":"Swift Potion"},{"floor":14,"key":"Weak Potion"},{"floor":16,"key":"Strength Potion"},{"floor":21,"key":"Dexterity Potion"},{"floor":27,"key":"PowerPotion"},{"floor":31,"key":"Weak Potion"},{"floor":36,"key":"CunningPotion"},{"floor":44,"key":"Explosive Potion"},{"floor":45,"key":"Energy Potion"},{"floor":47,"key":"LiquidMemories"}],"is_trial":false,"path_per_floor":["M","?","M","M","$","E","R","?","T","M","E","?","E","M","R","B",null,"M","M","$","M","?","R","E","R","T","E","M","?","M","E","R","B",null,"M","M","$","M","M","E","?","R","T","E","M","?","M","$","R","B",null],"character_chosen":"THE_SILENT","items_purchased":["Flying Knee","Happy Flower","HandDrill","Heel Hook","Blade Dance+1","Terror+1","TwistedFunnel","Ornamental Fan","Bronze Scales"],"campfire_rested":4,"item_purchase_floors":[5,20,20,20,20,37,48,48,48],"current_hp_per_floor":[68,68,67,63,63,42,42,42,42,42,24,13,9,9,32,16,67,60,48,48,35,35,35,33,33,43,46,54,54,49,34,55,40,65,56,52,52,40,46,28,28,51,58,32,34,34,38,38,63,33],"gold":30,"neow_bonus":"TEN_PERCENT_HP_BONUS","is_daily":false,"chose_seed":false,"campfire_upgraded":3,"win_rate":0.0,"timestamp":1607656596,"path_taken":["M","?","M","?","$","E","R","?","T","M","E","?","E","M","R","BOSS","M","M","$","M","?","R","E","R","T","E","M","?","M","E","R","BOSS","M","M","$","?","M","E","?","R","T","E","?","?","M","$","R","BOSS"],"items_purchased_type":["Card","Relic","Relic","Card","Undefined","Undefined","Relic","Relic","Relic"],"build_version":"2020-11-30","purchased_purges":2,"victory":true,"max_hp_per_floor":[77,77,77,77,77,77,77,77,77,77,77,77,77,77,77,77,82,82,82,82,82,57,57,59,59,69,69,71,71,73,73,73,73,73,73,73,73,75,75,77,77,77,84,84,84,84,84,84,84,84],"relic_stats":{"Happy Flower":[31],"Singing Bowl":10,"counters":[27,153],"Blue Candle":[0],"Snake Skull":[69],"PreservedInsect":56,"Tough Bandages":[99],"Mummified Hand":[43],"Ornamental Fan":[36],"Bronze Scales":[30],"HandDrill":[68],"obtain_stats":[{"TwistedFunnel":48,"Tiny House":17,"Pear":26,"Happy Flower":20,"Singing Bowl":24,"Blue Candle":34,"Snake Skull":34,"PreservedInsect":43,"Omamori":6,"Bottled Tornado":44,"Ancient Tea Set":9,"Old Coin":34,"Calling Bell":34,"Anchor":27,"Tough Bandages":31,"Matryoshka":13,"HornCleat":40,"Mummified Hand":26,"Ornamental Fan":48,"Strawberry":43,"Bronze Scales":48,"HandDrill":20,"Toxic Egg 2":11,"Ring of the Snake":0},{"TwistedFunnel":26,"Tiny House":9,"Pear":13,"Happy Flower":11,"Singing Bowl":13,"Blue Candle":18,"Snake Skull":18,"PreservedInsect":23,"Omamori":4,"Bottled Tornado":24,"Ancient Tea Set":4,"Old Coin":18,"Calling Bell":18,"Anchor":14,"Tough Bandages":17,"Matryoshka":7,"HornCleat":23,"Mummified Hand":13,"Ornamental Fan":26,"Strawberry":23,"Bronze Scales":26,"HandDrill":11,"Toxic Egg 2":6,"Ring of the Snake":0},{"TwistedFunnel":143,"Tiny House":46,"Pear":67,"Happy Flower":58,"Singing Bowl":67,"Blue Candle":99,"Snake Skull":99,"PreservedInsect":130,"Omamori":19,"Bottled Tornado":135,"Ancient Tea Set":19,"Old Coin":99,"Calling Bell":99,"Anchor":74,"Tough Bandages":88,"Matryoshka":34,"HornCleat":130,"Mummified Hand":67,"Ornamental Fan":143,"Strawberry":130,"Bronze Scales":143,"HandDrill":58,"Toxic Egg 2":28,"Ring of the Snake":0}],"Ring of the Snake":[54]},"card_choices":[{"not_picked":["Well Laid Plans","Footwork"],"picked":"Cloak And Dagger","floor":1},{"not_picked":["Prepared","PiercingWail"],"picked":"Dagger Spray","floor":3},{"not_picked":["Caltrops","Flechettes"],"picked":"Dagger Spray","floor":4},{"not_picked":["Escape Plan","Caltrops"],"picked":"Dash","floor":6},{"not_picked":["Dagger Throw","Tactician"],"picked":"Noxious Fumes","floor":10},{"not_picked":["Catalyst+1","Acrobatics+1"],"picked":"Cloak And Dagger+1","floor":11},{"not_picked":["Dagger Throw","Die Die Die"],"picked":"Adrenaline+1","floor":13},{"not_picked":["Acrobatics+1","Endless Agony"],"picked":"Sucker Punch","floor":14},{"not_picked":["Grand Finale","Die Die Die"],"picked":"After Image","floor":16},{"not_picked":["Acrobatics+1","Flying Knee"],"picked":"Deadly Poison+1","floor":17},{"not_picked":["Sucker Punch","Deadly Poison+1"],"picked":"Outmaneuver+1","floor":18},{"not_picked":["Deflect+1","Poisoned Stab"],"picked":"Venomology+1","floor":19},{"not_picked":["Flying Knee","Deadly Poison+1"],"picked":"Prepared+1","floor":21},{"not_picked":["Blade Dance+1","Acrobatics+1","Cloak And Dagger+1"],"picked":"Singing Bowl","floor":24},{"not_picked":["Bouncing Flask+1","Catalyst+1"],"picked":"Infinite Blades","floor":27},{"not_picked":["Outmaneuver+1","Venomology+1","Distraction+1"],"picked":"Singing Bowl","floor":28},{"not_picked":["Underhanded Strike","Deflect+1","Sucker Punch"],"picked":"Singing Bowl","floor":30},{"not_picked":["Concentrate+1","Night Terror+1"],"picked":"Bane","floor":31},{"not_picked":["Wraith Form v2","Die Die Die"],"picked":"Malaise+1","floor":33},{"not_picked":["Flying Knee+1","Setup+1"],"picked":"Blade Dance+1","floor":35},{"not_picked":["Quick Slash+1","Dash+1"],"picked":"Leg Sweep+1","floor":36},{"not_picked":["Sucker Punch+1","Deflect+1","PiercingWail+1"],"picked":"Singing Bowl","floor":38},{"not_picked":["Well Laid Plans","Crippling Poison+1"],"picked":"Backflip+1","floor":39},{"not_picked":["Backflip+1","Infinite Blades","Dagger Throw+1"],"picked":"Singing Bowl","floor":40},{"not_picked":["Dash+1","PiercingWail+1"],"picked":"Crippling Poison+1","floor":44},{"not_picked":["Outmaneuver+1","Deflect+1"],"picked":"Catalyst+1","floor":45},{"not_picked":["Outmaneuver+1","Eviscerate"],"picked":"Night Terror+1","floor":47}],"player_experience":559133,"relics_obtained":[{"floor":6,"key":"Omamori"},{"floor":9,"key":"Ancient Tea Set"},{"floor":11,"key":"Toxic Egg 2"},{"floor":13,"key":"Matryoshka"},{"floor":24,"key":"Singing Bowl"},{"floor":26,"key":"Mummified Hand"},{"floor":26,"key":"Pear"},{"floor":27,"key":"Anchor"},{"floor":31,"key":"Tough Bandages"},{"floor":34,"key":"Old Coin"},{"floor":34,"key":"Snake Skull"},{"floor":34,"key":"Blue Candle"},{"floor":40,"key":"HornCleat"},{"floor":43,"key":"Strawberry"},{"floor":43,"key":"PreservedInsect"},{"floor":44,"key":"Bottled Tornado"}],"event_choices":[{"damage_healed":0,"gold_gain":0,"player_choice":"Upgraded","damage_taken":0,"max_hp_gain":0,"max_hp_loss":0,"event_name":"Upgrade Shrine","floor":2,"gold_loss":0,"cards_upgraded":["Neutralize"]},{"damage_healed":0,"gold_gain":0,"player_choice":"Ignored","damage_taken":0,"max_hp_gain":0,"max_hp_loss":0,"event_name":"Liars Game","floor":8,"gold_loss":0},{"damage_healed":0,"gold_gain":75,"player_choice":"Gather Gold","damage_taken":11,"max_hp_gain":0,"max_hp_loss":0,"event_name":"World of Goop","floor":12,"gold_loss":0},{"damage_healed":0,"gold_gain":0,"player_choice":"Became a vampire","damage_taken":0,"max_hp_gain":0,"max_hp_loss":25,"event_name":"Vampires","floor":22,"gold_loss":0,"cards_obtained":["Bite","Bite","Bite","Bite","Bite"]},{"cards_removed":["Defend_G"],"damage_healed":0,"gold_gain":0,"player_choice":"Purged","damage_taken":0,"max_hp_gain":0,"max_hp_loss":0,"event_name":"Purifier","floor":29,"gold_loss":0},{"damage_healed":0,"gold_gain":0,"player_choice":"0 cards matched","damage_taken":0,"max_hp_gain":0,"max_hp_loss":0,"event_name":"Match and Keep!","floor":41,"gold_loss":0,"cards_obtained":[]},{"damage_healed":0,"gold_gain":0,"player_choice":"Ignored","damage_taken":0,"max_hp_gain":0,"max_hp_loss":0,"event_name":"Tomb of Lord Red Mask","floor":46,"gold_loss":0}],"is_beta":false,"boss_relics":[{"not_picked":["Snecko Eye","SacredBark"],"picked":"Tiny House"},{"not_picked":["Cursed Key","SlaversCollar"],"picked":"Calling Bell"}],"items_purged_floors":[20,37],"is_endless":false,"potions_floor_spawned":[4,10,13,14,16,19,21,27,31,36,44,45,47],"ascension_level":6}}