{"host":"og6lam4kt3nibbw0","time":1607711426,"event":{"mods":["AchievementEnabler","BaseMod","Colored Map","DeckTracker","Highlight Path","Keyboard Shortcuts","Minty Spire (QoL Compilation)","Permanent Neow","Quick Restart","StSLib","SuperFastMode"],"gold_per_floor":[110,121,132,132,57,69,86,105,183,183,195,195,212,229,229,304,304,321,333,333,333,367,367,292,292,292,318,218,238,238,252,252,252,252],"floor_reached":33,"playtime":1629,"items_purged":["Strike_G","Skewer"],"score":522,"play_id":"18354295-643a-4abf-9510-bb55b370ecb5","local_time":"20201212033026","is_ascension_mode":true,"campfire_choices":[{"data":"Adrenaline","floor":10.0,"key":"SMITH"},{"data":"After Image","floor":12.0,"key":"SMITH"},{"floor":15.0,"key":"REST"},{"data":"Neutralize","floor":23.0,"key":"SMITH"},{"floor":25.0,"key":"REST"},{"floor":32.0,"key":"REST"}],"circlet_count":0,"master_deck":["AscendersBane","Survivor","Neutralize+1","After Image+1","Dagger Throw","Noxious Fumes","Well Laid Plans","Poisoned Stab","Adrenaline+1","Acrobatics+1","Noxious Fumes","Malaise+1","Acrobatics+1","Quick Slash","Night Terror+1","Malaise+1","Caltrops","Terror+1","Corpse Explosion+1","Blur+1","Prepared+1","Bouncing Flask+1","Outmaneuver+1"],"relics":["Ring of the Snake","FaceOfCleric","Toxic Egg 2","Pandora\u0027s Box","Red Mask","InkBottle","Du-Vu Doll"],"acts_visited":["Exordium","TheCity"],"potions_floor_usage":[],"damage_taken":[{"damage":1.0,"enemies":"2 Louse","floor":1.0,"turns":5.0},{"damage":0.0,"enemies":"Cultist","floor":2.0,"turns":4.0},{"damage":0.0,"enemies":"Small Slimes","floor":3.0,"turns":6.0},{"damage":8.0,"enemies":"Blue Slaver","floor":6.0,"turns":6.0},{"damage":8.0,"enemies":"Looter","floor":7.0,"turns":4.0},{"damage":1.0,"enemies":"Large Slime","floor":8.0,"turns":6.0},{"damage":23.0,"enemies":"Exordium Thugs","floor":11.0,"turns":6.0},{"damage":0.0,"enemies":"Looter","floor":13.0,"turns":3.0},{"damage":13.0,"enemies":"Lots of Slimes","floor":14.0,"turns":4.0},{"damage":24.0,"enemies":"Hexaghost","floor":16.0,"turns":10.0},{"damage":4.0,"enemies":"Chosen","floor":18.0,"turns":4.0},{"damage":13.0,"enemies":"2 Thieves","floor":19.0,"turns":2.0},{"damage":16.0,"enemies":"Masked Bandits","floor":22.0,"turns":3.0},{"damage":3.0,"enemies":"Book of Stabbing","floor":27.0,"turns":7.0},{"damage":7.0,"enemies":"Snake Plant","floor":29.0,"turns":6.0},{"damage":8.0,"enemies":"Colosseum Slavers","floor":30.0,"turns":3.0},{"damage":15.0,"enemies":"Cultist and Chosen","floor":31.0,"turns":5.0},{"damage":26,"enemies":"Collector","floor":33,"turns":3}],"seed_played":"5602872904014608022","potions_obtained":[{"floor":2.0,"key":"DuplicationPotion"},{"floor":7.0,"key":"LiquidBronze"},{"floor":11.0,"key":"Block Potion"},{"floor":13.0,"key":"Swift Potion"},{"floor":18.0,"key":"LiquidMemories"},{"floor":27.0,"key":"Fire Potion"},{"floor":29.0,"key":"Poison Potion"}],"is_trial":false,"path_per_floor":["M","M","M","?","$","M","M","M","T","R","M","R","M","M","R","B",null,"M","M","?","?","?","R","?","R","T","E","$","M","?","M","R","B"],"character_chosen":"THE_SILENT","items_purchased":[],"campfire_rested":3,"item_purchase_floors":[],"current_hp_per_floor":[58,58,58,58,58,51,44,44,44,44,22,22,23,11,30,7,52,49,37,37,37,22,22,22,43,43,41,41,35,28,14,36,10,10],"gold":252,"neow_bonus":"THREE_RARE_CARDS","is_daily":false,"chose_seed":false,"campfire_upgraded":3,"win_rate":0.0,"timestamp":1607711426,"path_taken":["M","M","M","?","$","M","M","M","T","R","?","R","M","M","R","BOSS","M","M","?","?","?","R","?","R","T","E","$","?","?","M","R","BOSS"],"items_purchased_type":[],"build_version":"2020-11-30","purchased_purges":2,"victory":false,"max_hp_per_floor":[60,60,60,60,60,61,62,63,63,63,64,64,65,66,66,67,67,68,69,69,69,70,70,70,70,70,71,71,72,73,74,74,74,74],"card_choices":[{"not_picked":["Die Die Die","Doppelganger"],"picked":"After Image","floor":0.0},{"not_picked":["Sucker Punch","Deflect"],"picked":"Dagger Throw","floor":1.0},{"not_picked":["Blade Dance","Deadly Poison"],"picked":"Noxious Fumes","floor":2.0},{"not_picked":["Underhanded Strike","Dagger Throw","Blade Dance"],"picked":"SKIP","floor":3.0},{"not_picked":["Backflip","Blade Dance"],"picked":"Well Laid Plans","floor":6.0},{"not_picked":["Cloak And Dagger","Predator"],"picked":"Poisoned Stab","floor":7.0},{"not_picked":["Poisoned Stab","Flying Knee"],"picked":"Adrenaline","floor":8.0},{"not_picked":["Dagger Spray","Blade Dance+1"],"picked":"Acrobatics+1","floor":11.0},{"not_picked":["Blade Dance+1","Flying Knee","Dagger Throw"],"picked":"SKIP","floor":13.0},{"not_picked":["Flechettes","Dagger Spray"],"picked":"Noxious Fumes","floor":14.0},{"not_picked":["Tools of the Trade","Glass Knife"],"picked":"Malaise+1","floor":16.0},{"not_picked":["Dagger Throw","Eviscerate","Deflect+1"],"picked":"SKIP","floor":18.0},{"not_picked":["Deflect+1","Quick Slash"],"picked":"Blur+1","floor":19.0},{"not_picked":["Dodge and Roll+1","Backstab"],"picked":"Prepared+1","floor":22.0},{"not_picked":["Poisoned Stab","Sucker Punch"],"picked":"Bouncing Flask+1","floor":27.0},{"not_picked":["Deflect+1","Dodge and Roll+1","Distraction+1"],"picked":"SKIP","floor":29.0},{"not_picked":["Backflip+1","Night Terror+1"],"picked":"Outmaneuver+1","floor":31.0}],"player_experience":545690,"relics_obtained":[{"floor":9.0,"key":"Toxic Egg 2"},{"floor":22.0,"key":"Red Mask"},{"floor":26.0,"key":"InkBottle"},{"floor":27.0,"key":"Du-Vu Doll"}],"event_choices":[{"damage_healed":0.0,"max_hp_gain":0.0,"max_hp_loss":0.0,"gold_gain":0.0,"event_name":"FaceTrader","player_choice":"Trade","floor":4.0,"gold_loss":0.0,"damage_taken":0.0,"relics_obtained":["FaceOfCleric"]},{"damage_healed":0.0,"max_hp_gain":0.0,"max_hp_loss":0.0,"gold_gain":0.0,"event_name":"Ghosts","player_choice":"Ignored","floor":20.0,"gold_loss":0.0,"damage_taken":0.0},{"damage_healed":0.0,"max_hp_gain":0.0,"max_hp_loss":0.0,"gold_gain":0.0,"event_name":"The Mausoleum","player_choice":"Ignored","floor":21.0,"gold_loss":0.0,"damage_taken":0.0},{"damage_healed":0.0,"max_hp_gain":0.0,"max_hp_loss":0.0,"gold_gain":0.0,"event_name":"Masked Bandits","player_choice":"Fought Bandits","floor":22.0,"gold_loss":0.0,"damage_taken":0.0},{"cards_removed":["Infinite Blades"],"damage_healed":0.0,"max_hp_gain":0.0,"max_hp_loss":0.0,"gold_gain":0.0,"event_name":"Beggar","player_choice":"Gave Gold","floor":24.0,"gold_loss":75.0,"damage_taken":0.0},{"damage_healed":0.0,"max_hp_gain":0.0,"max_hp_loss":0.0,"gold_gain":0.0,"event_name":"Colosseum","player_choice":"Fight","floor":30.0,"gold_loss":0.0,"damage_taken":0.0},{"damage_healed":0.0,"max_hp_gain":0.0,"max_hp_loss":0.0,"gold_gain":0.0,"event_name":"Colosseum","player_choice":"Fled From Nobs","floor":30.0,"gold_loss":0.0,"damage_taken":0.0}],"is_beta":false,"boss_relics":[{"not_picked":["Philosopher\u0027s Stone","Fusion Hammer"],"picked":"Pandora\u0027s Box"}],"items_purged_floors":[5,28],"is_endless":false,"potions_floor_spawned":[2,7,11,13,18,27,29],"killed_by":"Collector","ascension_level":20}}