{"host":"j0a1jfichhxu8b8p","time":1607693896,"event":{"mods":["BaseMod","Colored Map","DeckTracker","Keyboard Shortcuts","Minty Spire (QoL Compilation)","Permanent Neow","everything is the same but u backflip on backflip"],"gold_per_floor":[116,116,129,189,239,239,267,283,283,333,47,47,97,108,108,181,181,199,280,330,343,393,443,509,519,519,530,530,547,547,565,565,565,565],"floor_reached":33,"playtime":1081,"items_purged":[],"score":448,"play_id":"85dcfdca-2f14-49dc-9923-e7c52618438c","local_time":"20201211223816","is_ascension_mode":true,"campfire_choices":[{"data":"Searing Blow","floor":6.0,"key":"SMITH"},{"data":"Searing Blow+2","floor":12.0,"key":"SMITH"},{"data":"Searing Blow+3","floor":15.0,"key":"SMITH"},{"data":"Searing Blow+4","floor":28.0,"key":"SMITH"},{"data":"Searing Blow+5","floor":30.0,"key":"SMITH"},{"data":"Searing Blow+6","floor":32.0,"key":"SMITH"}],"circlet_count":0,"master_deck":["AscendersBane","Strike_R","Strike_R","Strike_R","Defend_R","Defend_R","Defend_R","Defend_R","Bash","Searing Blow+7","Armaments","Dual Wield","Pommel Strike","Shrug It Off","Thunderclap","Offering","Shrug It Off+1","Evolve"],"relics":["Burning Blood","Peace Pipe","SsserpentHead","Akabeko","Singing Bowl","TungstenRod","Girya","Sozu","Red Mask","Darkstone Periapt"],"acts_visited":["Exordium","TheCity"],"potions_floor_usage":[],"damage_taken":[{"damage":9.0,"enemies":"2 Louse","floor":1.0,"turns":4.0},{"damage":11.0,"enemies":"Cultist","floor":3.0,"turns":4.0},{"damage":7.0,"enemies":"Jaw Worm","floor":4.0,"turns":4.0},{"damage":40.0,"enemies":"Lagavulin","floor":7.0,"turns":6.0},{"damage":7.0,"enemies":"Looter","floor":8.0,"turns":3.0},{"damage":7.0,"enemies":"Exordium Wildlife","floor":14.0,"turns":4.0},{"damage":30.0,"enemies":"The Guardian","floor":16.0,"turns":10.0},{"damage":12.0,"enemies":"Chosen","floor":18.0,"turns":4.0},{"damage":9.0,"enemies":"Masked Bandits","floor":19.0,"turns":3.0},{"damage":10.0,"enemies":"Spheric Guardian","floor":21.0,"turns":3.0},{"damage":28.0,"enemies":"Shelled Parasite and Fungi","floor":24.0,"turns":6.0},{"damage":5.0,"enemies":"Centurion and Healer","floor":25.0,"turns":4.0},{"damage":4.0,"enemies":"Snecko","floor":27.0,"turns":4.0},{"damage":0.0,"enemies":"Snake Plant","floor":29.0,"turns":2.0},{"damage":11.0,"enemies":"Centurion and Healer","floor":31.0,"turns":4.0},{"damage":39,"enemies":"Champ","floor":33,"turns":5}],"seed_played":"4264718194298873726","potions_obtained":[{"floor":1.0,"key":"FearPotion"},{"floor":4.0,"key":"SteroidPotion"},{"floor":14.0,"key":"Regen Potion"}],"is_trial":false,"path_per_floor":["M","?","M","M","?","R","E","M","T","?","$","R","T","M","R","B",null,"M","?","?","M","?","?","M","M","T","M","R","M","R","M","R","B"],"character_chosen":"IRONCLAD","items_purchased":["TungstenRod"],"campfire_rested":0,"item_purchase_floors":[11],"current_hp_per_floor":[65,65,60,59,52,52,18,17,17,17,17,17,17,16,16,7,53,49,48,48,46,26,42,22,25,25,27,27,35,35,30,30,0,0],"gold":565,"neow_bonus":"ONE_RARE_RELIC","is_daily":false,"chose_seed":false,"campfire_upgraded":6,"win_rate":0.0,"timestamp":1607693896,"path_taken":["M","?","M","?","?","R","E","M","T","?","?","R","?","M","R","BOSS","M","?","?","M","?","?","?","M","T","M","R","M","R","M","R","BOSS"],"items_purchased_type":["Relic"],"build_version":"2020-11-30","purchased_purges":0,"victory":false,"max_hp_per_floor":[68,68,68,68,68,68,68,68,68,68,68,68,68,68,68,68,68,70,72,72,74,79,79,81,83,83,83,83,85,85,85,85,85,85],"card_choices":[{"not_picked":["Burning Pact","Power Through"],"picked":"Searing Blow","floor":1.0},{"not_picked":["Iron Wave","Perfected Strike"],"picked":"Armaments","floor":3.0},{"not_picked":["Cleave","Clothesline"],"picked":"Dual Wield","floor":4.0},{"not_picked":["Sword Boomerang","Havoc"],"picked":"Pommel Strike","floor":7.0},{"not_picked":["Wild Strike","Anger"],"picked":"Shrug It Off","floor":8.0},{"not_picked":["Sword Boomerang","Combust"],"picked":"Thunderclap","floor":14.0},{"not_picked":["Demon Form","Fiend Fire"],"picked":"Offering","floor":16.0},{"not_picked":["Twin Strike","Thunderclap","Clash"],"picked":"Singing Bowl","floor":18.0},{"not_picked":["Sword Boomerang","Sentinel","Perfected Strike"],"picked":"Singing Bowl","floor":19.0},{"not_picked":["Hemokinesis","Seeing Red","Iron Wave"],"picked":"Singing Bowl","floor":21.0},{"not_picked":["Entrench","True Grit","Sword Boomerang"],"picked":"Singing Bowl","floor":24.0},{"not_picked":["Wild Strike","Flame Barrier","Burning Pact"],"picked":"Singing Bowl","floor":25.0},{"not_picked":["Carnage","Clash"],"picked":"Shrug It Off+1","floor":27.0},{"not_picked":["Dual Wield","Twin Strike+1","Anger+1"],"picked":"Singing Bowl","floor":29.0},{"not_picked":["Flex","Entrench"],"picked":"Evolve","floor":31.0}],"player_experience":280413,"relics_obtained":[{"floor":7.0,"key":"Akabeko"},{"floor":9.0,"key":"Singing Bowl"},{"floor":13.0,"key":"Girya"},{"floor":19.0,"key":"Red Mask"},{"floor":26.0,"key":"Darkstone Periapt"}],"event_choices":[{"damage_healed":0.0,"max_hp_gain":0.0,"max_hp_loss":0.0,"gold_gain":0.0,"event_name":"FaceTrader","player_choice":"Trade","floor":2.0,"gold_loss":0.0,"damage_taken":0.0,"relics_obtained":["SsserpentHead"]},{"cards_removed":["Strike_R"],"damage_healed":0.0,"max_hp_gain":0.0,"max_hp_loss":0.0,"gold_gain":0.0,"event_name":"Golden Wing","player_choice":"Card Removal","floor":5.0,"gold_loss":0.0,"damage_taken":7.0},{"damage_healed":0.0,"max_hp_gain":0.0,"max_hp_loss":0.0,"gold_gain":0.0,"event_name":"Living Wall","player_choice":"Grow","floor":10.0,"gold_loss":0.0,"damage_taken":0.0,"cards_upgraded":["Searing Blow"]},{"damage_healed":0.0,"max_hp_gain":0.0,"max_hp_loss":0.0,"gold_gain":0.0,"event_name":"Masked Bandits","player_choice":"Fought Bandits","floor":19.0,"gold_loss":0.0,"damage_taken":0.0},{"cards_removed":["Strike_R"],"damage_healed":0.0,"max_hp_gain":0.0,"max_hp_loss":0.0,"gold_gain":0.0,"event_name":"Back to Basics","player_choice":"Elegance","floor":20.0,"gold_loss":0.0,"damage_taken":0.0},{"damage_healed":0.0,"max_hp_gain":5.0,"max_hp_loss":0.0,"gold_gain":0.0,"event_name":"Forgotten Altar","player_choice":"Shed Blood","floor":22.0,"gold_loss":0.0,"damage_taken":26.0},{"damage_healed":16.0,"max_hp_gain":0.0,"max_hp_loss":0.0,"gold_gain":0.0,"event_name":"The Library","player_choice":"Heal","floor":23.0,"gold_loss":0.0,"damage_taken":0.0}],"is_beta":false,"boss_relics":[{"not_picked":["Tiny House","SlaversCollar"],"picked":"Sozu"}],"items_purged_floors":[],"is_endless":false,"potions_floor_spawned":[1,4,14,18,19,24],"killed_by":"Champ","ascension_level":16}}