{"host":"d8hh7rr4yzitjeuj","time":1607705863,"event":{"mods":["2.2 Compatiblity","AchievementEnabler","BaseMod","CapriCore","Colored Map","Colored Powertips","Highlight Path","Keyboard Shortcuts","Minty Spire (QoL Compilation)","Permanent Neow","Quick Restart","StSLib","SuperFastMode"],"gold_per_floor":[111,111,125,140,156,156,181,242,292,292,307,307,337,360,372,458,470,440,452,41,51,51,51,51],"floor_reached":23,"playtime":760,"items_purged":["Pain"],"score":402,"play_id":"2dfe5002-1ce9-4a01-a849-014658a7ff64","local_time":"20201212015743","is_ascension_mode":true,"campfire_choices":[{"floor":6.0,"key":"REST"},{"data":"Sunder","floor":10.0,"key":"SMITH"},{"floor":12.0,"key":"REST"},{"data":"Defragment","floor":15.0,"key":"SMITH"}],"circlet_count":0,"master_deck":["AscendersBane","Strike_B","Strike_B","Strike_B+1","Strike_B","Defend_B","Defend_B+1","Defend_B","Defend_B","Zap","Dualcast","CurseOfTheBell","Streamline","Sunder+1","Go for the Eyes","Genetic Algorithm","Coolheaded","Defragment+1","Double Energy","Glacier","All For One","Rebound","Rip and Tear","Coolheaded","Magnetism","Stack"],"relics":["Calling Bell","PreservedInsect","Letter Opener","Gambling Chip","Darkstone Periapt","Ancient Tea Set","MawBank","Inserter","WarpedTongs"],"acts_visited":["Exordium","TheCity"],"potions_floor_usage":[],"damage_taken":[{"damage":11.0,"enemies":"Small Slimes","floor":1.0,"turns":4.0},{"damage":3.0,"enemies":"2 Louse","floor":3.0,"turns":3.0},{"damage":2.0,"enemies":"Jaw Worm","floor":4.0,"turns":4.0},{"damage":23.0,"enemies":"Exordium Thugs","floor":5.0,"turns":4.0},{"damage":5.0,"enemies":"3 Sentries","floor":7.0,"turns":4.0},{"damage":1.0,"enemies":"3 Louse","floor":11.0,"turns":5.0},{"damage":8.0,"enemies":"Lagavulin","floor":13.0,"turns":5.0},{"damage":8.0,"enemies":"Blue Slaver","floor":14.0,"turns":2.0},{"damage":15.0,"enemies":"The Guardian","floor":16.0,"turns":14.0},{"damage":20,"enemies":"2 Thieves","floor":18,"turns":5},{"damage":36,"enemies":"Spheric Guardian","floor":21,"turns":6},{"damage":6,"enemies":"Snecko","floor":23,"turns":2}],"seed_played":"2060025817318392729","potions_obtained":[{"floor":3.0,"key":"Explosive Potion"},{"floor":4.0,"key":"LiquidMemories"},{"floor":21,"key":"BlessingOfTheForge"}],"is_trial":false,"path_per_floor":["M","?","M","M","M","R","E","?","T","R","M","R","E","M","R","B",null,"M","?","$","M","$","M"],"character_chosen":"DEFECT","items_purchased":["Rip and Tear","Coolheaded","Magnetism"],"campfire_rested":2,"item_purchase_floors":[20,20,20],"current_hp_per_floor":[53,32,29,27,4,25,20,20,20,20,19,40,32,24,24,9,56,36,42,42,6,6,0,0],"gold":51,"neow_bonus":"BOSS_RELIC","is_daily":false,"chose_seed":false,"campfire_upgraded":2,"win_rate":0.0,"timestamp":1607705863,"path_taken":["M","?","M","M","M","R","E","?","T","R","M","R","E","M","R","BOSS","M","?","$","M","?","M"],"items_purchased_type":["Card","Card","Card"],"build_version":"2020-11-30","purchased_purges":1,"victory":false,"max_hp_per_floor":[71,71,71,71,71,71,71,71,71,71,71,71,71,71,71,71,71,71,77,77,77,77,77,77],"card_choices":[{"not_picked":["Double Energy","Sweeping Beam"],"picked":"Streamline","floor":1.0},{"not_picked":["Self Repair","FTL"],"picked":"Sunder","floor":3.0},{"not_picked":["Blizzard","FTL"],"picked":"Go for the Eyes","floor":4.0},{"not_picked":["Streamline","Go for the Eyes"],"picked":"Genetic Algorithm","floor":5.0},{"not_picked":["Tempest","Compile Driver"],"picked":"Coolheaded","floor":7.0},{"not_picked":["Amplify","Redo"],"picked":"Defragment","floor":11.0},{"not_picked":["Streamline","BootSequence"],"picked":"Double Energy","floor":13.0},{"not_picked":["Sweeping Beam","Leap"],"picked":"Glacier","floor":14.0},{"not_picked":["Buffer","Fission"],"picked":"All For One","floor":16.0},{"not_picked":["Doom and Gloom","Hologram"],"picked":"Rebound","floor":18},{"not_picked":["Barrage","Genetic Algorithm"],"picked":"Stack","floor":21}],"player_experience":1320792,"relics_obtained":[{"floor":0.0,"key":"PreservedInsect"},{"floor":0.0,"key":"Letter Opener"},{"floor":0.0,"key":"Gambling Chip"},{"floor":7.0,"key":"Darkstone Periapt"},{"floor":9.0,"key":"Ancient Tea Set"},{"floor":13.0,"key":"MawBank"}],"event_choices":[{"damage_healed":0.0,"max_hp_gain":0.0,"max_hp_loss":0.0,"gold_gain":0.0,"event_name":"Shining Light","player_choice":"Entered Light","floor":2.0,"gold_loss":0.0,"damage_taken":21.0,"cards_upgraded":["Strike_B","Defend_B"]},{"damage_healed":0.0,"max_hp_gain":0.0,"max_hp_loss":0.0,"gold_gain":61.0,"event_name":"Golden Wing","player_choice":"Gained Gold","floor":8.0,"gold_loss":0.0,"damage_taken":0.0},{"damage_healed":0,"gold_gain":0,"player_choice":"Rummage","damage_taken":0,"relics_obtained":["WarpedTongs"],"max_hp_gain":0,"max_hp_loss":0,"event_name":"Accursed Blacksmith","floor":19,"gold_loss":0,"cards_obtained":["Pain"]}],"is_beta":false,"boss_relics":[{"not_picked":["Busted Crown","SlaversCollar"],"picked":"Inserter"}],"items_purged_floors":[20],"is_endless":false,"potions_floor_spawned":[3,4,5,21],"killed_by":"Snecko","ascension_level":20}}