{"host":"foq4mrde4mssg7vt","time":1607711787,"event":{"mods":["AchievementEnabler","BaseMod","Colored Map","Colored Powertips","Highlight Path","Minty Spire (QoL Compilation)","Relic Stats","everything is the same but u backflip on backflip"],"gold_per_floor":[109,123,123,123,142,142,186,210,233,7,7,32,32,57,57,187,187,205,10,23,23,41,41,76,175,175,175,199,199,217,240,240,370,370,393,414,324,344,31,67,81,81,81,106,106,106],"floor_reached":45,"playtime":2202,"items_purged":["Strike_G","Strike_G"],"score":643,"play_id":"7b27e54f-a91b-4ceb-9420-3890ba1fe9ed","local_time":"20201212023627","is_ascension_mode":true,"campfire_choices":[{"data":"Neutralize","floor":6.0,"key":"SMITH"},{"floor":11.0,"key":"REST"},{"data":"Noxious Fumes","floor":13.0,"key":"SMITH"},{"data":"Footwork","floor":15.0,"key":"SMITH"},{"data":"Well Laid Plans","floor":23.0,"key":"SMITH"},{"floor":27.0,"key":"REST"},{"floor":29.0,"key":"REST"},{"data":"Catalyst","floor":32,"key":"SMITH"}],"circlet_count":0,"master_deck":["Defend_G","Defend_G","Defend_G","Defend_G","Defend_G+1","Survivor+1","Neutralize+1","A Thousand Cuts","Blade Dance","Flying Knee","Backstab","Dodge and Roll","Footwork+1","Noxious Fumes+1","Glass Knife","Well Laid Plans+1","Envenom","Dagger Spray+1","Riddle With Holes","Deflect","Dodge and Roll+1","Backflip+1","Backflip+1","Catalyst+1","PiercingWail","Footwork+1","Wraith Form v2","PiercingWail","Cloak And Dagger","Acrobatics+1","Dash","Blur+1","Deadly Poison+1","Shame","Acrobatics+1"],"relics":["Ring of the Snake","Golden Idol","Boot","War Paint","Cursed Key","Strawberry","Lantern","Empty Cage","OrangePellets","Torii"],"acts_visited":["Exordium","TheCity","TheBeyond"],"potions_floor_usage":[40,44],"damage_taken":[{"damage":1.0,"enemies":"Jaw Worm","floor":1.0,"turns":6.0},{"damage":0.0,"enemies":"2 Louse","floor":2.0,"turns":2.0},{"damage":12.0,"enemies":"Small Slimes","floor":5.0,"turns":3.0},{"damage":30.0,"enemies":"3 Sentries","floor":7.0,"turns":7.0},{"damage":2.0,"enemies":"Exordium Thugs","floor":8.0,"turns":5.0},{"damage":4.0,"enemies":"Red Slaver","floor":12.0,"turns":5.0},{"damage":8.0,"enemies":"Lots of Slimes","floor":14.0,"turns":3.0},{"damage":7.0,"enemies":"The Guardian","floor":16.0,"turns":10.0},{"damage":5.0,"enemies":"Spheric Guardian","floor":18.0,"turns":5.0},{"damage":1.0,"enemies":"Chosen","floor":20.0,"turns":4.0},{"damage":14.0,"enemies":"Snake Plant","floor":22.0,"turns":4.0},{"damage":18.0,"enemies":"Slavers","floor":24.0,"turns":5.0},{"damage":28.0,"enemies":"Centurion and Healer","floor":28.0,"turns":4.0},{"damage":2.0,"enemies":"Shelled Parasite and Fungi","floor":30.0,"turns":5.0},{"damage":8.0,"enemies":"Sentry and Sphere","floor":31.0,"turns":6.0},{"damage":17,"enemies":"Automaton","floor":33,"turns":10},{"damage":12,"enemies":"3 Darklings","floor":35,"turns":7},{"damage":14,"enemies":"3 Shapes","floor":36,"turns":5},{"damage":11,"enemies":"Sphere and 2 Shapes","floor":38,"turns":7},{"damage":0,"enemies":"Nemesis","floor":40,"turns":9},{"damage":0,"enemies":"Maw","floor":41,"turns":8},{"damage":26,"enemies":"Transient","floor":44,"turns":5},{"damage":9,"enemies":"Reptomancer","floor":45,"turns":1}],"seed_played":"8185755939534711341","potions_obtained":[{"floor":1.0,"key":"Strength Potion"},{"floor":5.0,"key":"LiquidBronze"},{"floor":12.0,"key":"SkillPotion"},{"floor":36,"key":"DistilledChaos"},{"floor":38,"key":"Regen Potion"},{"floor":40,"key":"Ancient Potion"}],"is_trial":false,"path_per_floor":["M","M","?","?","M","R","E","M","T","$","R","M","R","M","R","B",null,"M","$","M","?","M","R","E","?","T","R","M","R","M","M","R","B",null,"M","M","?","M","$","E","M","$","T","M","E"],"character_chosen":"THE_SILENT","items_purchased":["Noxious Fumes","Glass Knife","Riddle With Holes","Deflect","Dash","OrangePellets"],"campfire_rested":3,"item_purchase_floors":[10,10,19,19,39,39],"current_hp_per_floor":[62,62,67,63,51,51,21,19,19,19,37,33,33,25,25,18,52,47,47,46,53,39,39,21,21,21,42,14,35,33,25,25,8,55,43,29,29,18,18,33,33,33,33,7,0,0],"gold":106,"neow_bonus":"THREE_RARE_CARDS","is_daily":false,"chose_seed":false,"campfire_upgraded":5,"win_rate":0.0,"timestamp":1607711787,"path_taken":["M","M","?","?","M","R","E","M","T","$","R","M","R","M","R","BOSS","M","$","M","?","M","R","E","?","T","R","M","R","M","M","R","BOSS","M","M","?","M","$","E","M","?","T","?","E"],"items_purchased_type":["Card","Card","Card","Card","Card","Relic"],"build_version":"2020-11-30","purchased_purges":2,"victory":false,"max_hp_per_floor":[63,63,68,63,63,63,63,63,63,63,63,63,63,63,63,63,63,63,63,63,70,70,70,70,70,70,70,70,70,70,70,70,70,70,70,70,70,70,70,70,70,70,70,70,70,70],"relic_stats":{"OrangePellets":[4],"Torii":2,"counters":[23,126],"Golden Idol":140,"War Paint":["Defend_G","Survivor"],"Boot":[237],"Cursed Key":1,"obtain_stats":[{"OrangePellets":39,"Lantern":24,"Torii":40,"Golden Idol":4,"Strawberry":21,"War Paint":9,"Boot":7,"Cursed Key":17,"Empty Cage":34,"Ring of the Snake":0},{"OrangePellets":19,"Lantern":12,"Torii":20,"Golden Idol":2,"Strawberry":10,"War Paint":5,"Boot":4,"Cursed Key":8,"Empty Cage":16,"Ring of the Snake":0},{"OrangePellets":103,"Lantern":59,"Torii":112,"Golden Idol":8,"Strawberry":50,"War Paint":23,"Boot":18,"Cursed Key":41,"Empty Cage":84,"Ring of the Snake":0}],"Ring of the Snake":[46]},"card_choices":[{"not_picked":["Doppelganger","After Image"],"picked":"A Thousand Cuts","floor":0.0},{"not_picked":["Expertise","Flying Knee"],"picked":"Blade Dance","floor":1.0},{"not_picked":["Flechettes","Blade Dance"],"picked":"Flying Knee","floor":2.0},{"not_picked":["Infinite Blades","PiercingWail"],"picked":"Backstab","floor":5.0},{"not_picked":["Sucker Punch","Acrobatics"],"picked":"Dodge and Roll","floor":7.0},{"not_picked":["Deadly Poison","Blade Dance"],"picked":"Footwork","floor":8.0},{"not_picked":["Blade Dance","Skewer","Underhanded Strike"],"picked":"SKIP","floor":12.0},{"not_picked":["Calculated Gamble","Bane"],"picked":"Well Laid Plans","floor":14.0},{"not_picked":["Bullet Time","Night Terror"],"picked":"Envenom","floor":16.0},{"not_picked":["Flying Knee","Bane"],"picked":"Dagger Spray+1","floor":18.0},{"not_picked":["Bane","Slice"],"picked":"Dodge and Roll+1","floor":20.0},{"not_picked":["Flying Knee","Blade Dance"],"picked":"Backflip","floor":22.0},{"not_picked":["All Out Attack","Tactician+1"],"picked":"Backflip+1","floor":24.0},{"not_picked":["Terror","Dodge and Roll"],"picked":"Catalyst","floor":28.0},{"not_picked":["Endless Agony","PiercingWail","Underhanded Strike"],"picked":"SKIP","floor":30.0},{"not_picked":["Endless Agony","Underhanded Strike"],"picked":"PiercingWail","floor":30.0},{"not_picked":["Calculated Gamble","Blade Dance+1"],"picked":"Footwork+1","floor":31.0},{"not_picked":["After Image","Burst"],"picked":"Wraith Form v2","floor":33},{"not_picked":["Riddle With Holes","Bane+1"],"picked":"PiercingWail","floor":35},{"not_picked":["Backflip+1","Prepared"],"picked":"Cloak And Dagger","floor":36},{"not_picked":["Dagger Spray","Prepared+1"],"picked":"Acrobatics+1","floor":38},{"not_picked":["Expertise","Well Laid Plans+1"],"picked":"Blur+1","floor":40},{"not_picked":["Underhanded Strike+1","Acrobatics"],"picked":"Deadly Poison+1","floor":41},{"not_picked":["Prepared","Cloak And Dagger+1"],"picked":"Acrobatics+1","floor":44}],"player_experience":146732,"relics_obtained":[{"floor":7.0,"key":"Boot"},{"floor":9.0,"key":"War Paint"},{"floor":24.0,"key":"Lantern"},{"floor":40,"key":"Torii"}],"event_choices":[{"damage_healed":0.0,"max_hp_gain":5.0,"max_hp_loss":0.0,"gold_gain":0.0,"event_name":"Big Fish","player_choice":"Donut","floor":3.0,"gold_loss":0.0,"damage_taken":0.0},{"damage_healed":0.0,"max_hp_gain":0.0,"max_hp_loss":5.0,"gold_gain":0.0,"event_name":"Golden Idol","player_choice":"Lose Max HP","floor":4.0,"gold_loss":0.0,"damage_taken":0.0,"relics_obtained":["Golden Idol"]},{"damage_healed":0.0,"max_hp_gain":0.0,"max_hp_loss":0.0,"gold_gain":0.0,"event_name":"The Mausoleum","player_choice":"Opened","floor":21.0,"gold_loss":0.0,"damage_taken":0.0,"relics_obtained":["Strawberry"]},{"damage_healed":0.0,"max_hp_gain":0.0,"max_hp_loss":0.0,"gold_gain":99.0,"event_name":"Nest","player_choice":"Stole From Cult","floor":25.0,"gold_loss":0.0,"damage_taken":0.0},{"cards_removed":["Strike_G"],"damage_healed":0,"gold_gain":0,"player_choice":"Upgrade and Remove","damage_taken":0,"max_hp_gain":0,"max_hp_loss":0,"event_name":"Designer","floor":37,"gold_loss":90,"cards_upgraded":["Backflip"]}],"is_beta":false,"boss_relics":[{"not_picked":["Runic Pyramid","Ectoplasm"],"picked":"Cursed Key"},{"not_picked":["WristBlade","Busted Crown"],"picked":"Empty Cage"}],"items_purged_floors":[19,39],"is_endless":false,"potions_floor_spawned":[1,5,12,18,20,22,36,38,40],"killed_by":"Reptomancer","ascension_level":5}}