{"host":"1tl36azeqm6yhdgj","time":1607728469,"event":{"mods":["AchievementEnabler","BaseMod","Minty Spire (QoL Compilation)","StSLib","The IronCluck","everything is the same but u backflip on backflip"],"gold_per_floor":[119,132,132,148,164,191,191,224,251,251,251],"floor_reached":10,"playtime":391,"items_purged":[],"score":121,"play_id":"9b8a488c-bf09-498a-bac1-64c68545455d","local_time":"20201211181429","is_ascension_mode":true,"campfire_choices":[{"data":"Shrug It Off","floor":7,"key":"SMITH"}],"circlet_count":0,"master_deck":["AscendersBane","Strike_R","Strike_R","Strike_R","Strike_R","Strike_R","Defend_R","Defend_R","Defend_R","Defend_R","Bash","Inflame","Shrug It Off+1","Metallicize","Flex"],"relics":["Burning Blood","Omamori","Anchor","Blood Vial","Bag of Marbles"],"acts_visited":["Exordium"],"potions_floor_usage":[5,5,6,8],"damage_taken":[{"damage":6.0,"enemies":"Jaw Worm","floor":1.0,"turns":5.0},{"damage":6.0,"enemies":"Cultist","floor":2.0,"turns":3.0},{"damage":0.0,"enemies":"2 Louse","floor":4.0,"turns":1.0},{"damage":18,"enemies":"Lots of Slimes","floor":5,"turns":5},{"damage":54,"enemies":"3 Sentries","floor":6,"turns":15},{"damage":36,"enemies":"Gremlin Nob","floor":8,"turns":5},{"damage":32,"enemies":"Lagavulin","floor":10,"turns":7}],"seed_played":"2589990340899012381","potions_obtained":[{"floor":3.0,"key":"Fruit Juice"},{"floor":3.0,"key":"Explosive Potion"},{"floor":3.0,"key":"DuplicationPotion"},{"floor":4.0,"key":"Block Potion"},{"floor":5,"key":"BloodPotion"},{"floor":8,"key":"Fruit Juice"}],"is_trial":false,"path_per_floor":["M","M","?","M","M","E","R","E","T","E"],"character_chosen":"IRONCLAD","items_purchased":[],"campfire_rested":0,"item_purchase_floors":[],"current_hp_per_floor":[72,72,77,83,71,40,40,15,15,0,0],"gold":251,"neow_bonus":"RANDOM_COMMON_RELIC","is_daily":false,"chose_seed":false,"campfire_upgraded":1,"win_rate":0.0,"timestamp":1607728469,"path_taken":["M","M","?","?","M","E","R","E","T","E"],"items_purchased_type":[],"build_version":"2020-11-30","purchased_purges":0,"victory":false,"max_hp_per_floor":[80,80,85,85,85,85,85,90,90,90,90],"card_choices":[{"not_picked":["Wild Strike","Shrug It Off"],"picked":"Inflame","floor":1.0},{"not_picked":["Headbutt","Combust"],"picked":"Shrug It Off","floor":2.0},{"not_picked":["Headbutt","True Grit","Shrug It Off"],"picked":"SKIP","floor":4.0},{"not_picked":["Combust","Searing Blow","Feel No Pain"],"picked":"SKIP","floor":5},{"not_picked":["Shrug It Off","Clash"],"picked":"Metallicize","floor":6},{"not_picked":["Searing Blow","Twin Strike"],"picked":"Flex","floor":8}],"player_experience":1910916,"relics_obtained":[{"floor":6,"key":"Anchor"},{"floor":8,"key":"Blood Vial"},{"floor":9,"key":"Bag of Marbles"}],"event_choices":[{"damage_healed":0.0,"max_hp_gain":0.0,"max_hp_loss":0.0,"gold_gain":0.0,"event_name":"Lab","player_choice":"Got Potions","floor":3.0,"gold_loss":0.0,"damage_taken":0.0}],"is_beta":false,"boss_relics":[],"items_purged_floors":[],"is_endless":false,"potions_floor_spawned":[4,5,8],"killed_by":"Lagavulin","ascension_level":11}}