{"host":"vkn5295jy2rrqx8j","time":1607647732,"event":{"mods":["BaseMod","Colored Map","GifTheSpireLib","Hermit","Minty Spire (QoL Compilation)","StSLib","The Cursed"],"gold_per_floor":[113,124,138,156,156,190,190,34,83,83,95,111,125,157,157,235,235,251,251,5,25,37,37,66,66,146,171,171,191,191,209,209,284,284,304,317,56,106,118,118,118],"floor_reached":40,"playtime":1725,"items_purged":["Strike_G"],"score":890,"play_id":"8ae5ee85-9ee0-4c83-bff5-1bbb6344031a","local_time":"20201211094852","is_ascension_mode":true,"campfire_choices":[{"floor":7.0,"key":"REST"},{"data":"Malaise","floor":10.0,"key":"SMITH"},{"data":"Sucker Punch","floor":15.0,"key":"SMITH"},{"data":"Burst","floor":23.0,"key":"SMITH"},{"floor":25.0,"key":"REST"},{"floor":28.0,"key":"REST"},{"data":"Neutralize","floor":30.0,"key":"SMITH"},{"data":"Crippling Poison","floor":32.0,"key":"SMITH"}],"circlet_count":0,"master_deck":["AscendersBane","Strike_G","Strike_G","Strike_G","Defend_G","Defend_G","Defend_G","Defend_G","Defend_G","Survivor","Neutralize+1","Predator","Poisoned Stab","Sucker Punch+1","Deadly Poison","Malaise+1","Caltrops+1","Dagger Throw","PiercingWail","Crippling Poison+1","Burst+1","Noxious Fumes+1","Apotheosis+1","Dodge and Roll+1","Distraction+1","Catalyst+1","Escape Plan+1","Catalyst+1","PiercingWail+1","Phantasmal Killer+1","Well Laid Plans+1","Corpse Explosion+1","Impatience+1"],"relics":["Ring of the Snake","Frozen Egg 2","Art of War","Akabeko","Sozu","Toxic Egg 2","Red Mask","Bottled Flame","White Beast Statue","Busted Crown"],"acts_visited":["Exordium","TheCity","TheBeyond"],"potions_floor_usage":[],"damage_taken":[{"damage":4.0,"enemies":"Small Slimes","floor":1.0,"turns":3.0},{"damage":6.0,"enemies":"Cultist","floor":2.0,"turns":4.0},{"damage":1.0,"enemies":"Jaw Worm","floor":3.0,"turns":4.0},{"damage":5.0,"enemies":"Gremlin Gang","floor":4.0,"turns":5.0},{"damage":20.0,"enemies":"Gremlin Nob","floor":6.0,"turns":4.0},{"damage":0.0,"enemies":"2 Fungi Beasts","floor":11.0,"turns":4.0},{"damage":0.0,"enemies":"Blue Slaver","floor":12.0,"turns":4.0},{"damage":4.0,"enemies":"Gremlin Gang","floor":13.0,"turns":5.0},{"damage":19.0,"enemies":"3 Sentries","floor":14.0,"turns":7.0},{"damage":11.0,"enemies":"Hexaghost","floor":16.0,"turns":9.0},{"damage":7.0,"enemies":"Chosen","floor":18.0,"turns":7.0},{"damage":0.0,"enemies":"Shell Parasite","floor":21.0,"turns":5.0},{"damage":0.0,"enemies":"Snake Plant","floor":22.0,"turns":4.0},{"damage":18.0,"enemies":"Masked Bandits","floor":24.0,"turns":5.0},{"damage":18.0,"enemies":"Book of Stabbing","floor":27.0,"turns":4.0},{"damage":0.0,"enemies":"Snecko","floor":29.0,"turns":1.0},{"damage":11.0,"enemies":"3 Cultists","floor":31.0,"turns":4.0},{"damage":2.0,"enemies":"Champ","floor":33.0,"turns":9.0},{"damage":0.0,"enemies":"3 Shapes","floor":35.0,"turns":7.0},{"damage":3.0,"enemies":"Orb Walker","floor":36.0,"turns":3.0},{"damage":12.0,"enemies":"4 Shapes","floor":39.0,"turns":4.0},{"damage":17,"enemies":"Reptomancer","floor":40,"turns":3}],"seed_played":"-5629541256970758517","potions_obtained":[{"floor":3.0,"key":"LiquidMemories"},{"floor":4.0,"key":"DuplicationPotion"},{"floor":12.0,"key":"BlessingOfTheForge"},{"floor":13.0,"key":"SpeedPotion"},{"floor":14.0,"key":"Explosive Potion"},{"floor":16.0,"key":"Dexterity Potion"}],"is_trial":false,"path_per_floor":["M","M","M","M","?","E","R","$","T","R","M","M","M","E","R","B",null,"M","?","$","M","M","R","?","R","T","E","R","M","R","M","R","B",null,"M","M","$","?","M","E"],"character_chosen":"THE_SILENT","items_purchased":["Caltrops+1","Apotheosis+1","Dodge and Roll+1","Corpse Explosion+1","Impatience+1"],"campfire_rested":3,"item_purchase_floors":[8,20,20,37,37],"current_hp_per_floor":[55,49,48,43,43,23,42,42,42,42,42,42,38,19,19,8,52,45,45,45,45,45,45,27,46,46,28,47,47,47,36,36,34,58,58,55,55,55,43,26,26],"gold":118,"neow_bonus":"TRANSFORM_CARD","is_daily":false,"chose_seed":false,"campfire_upgraded":5,"win_rate":0.0,"timestamp":1607647732,"path_taken":["M","M","M","M","?","E","R","$","T","R","M","M","M","E","R","BOSS","M","?","$","M","?","R","?","R","T","E","R","M","R","M","R","BOSS","M","M","$","?","?","E"],"items_purchased_type":["Undefined","Undefined","Undefined","Undefined","Undefined"],"build_version":"2020-11-30","purchased_purges":1,"victory":false,"max_hp_per_floor":[66,66,66,66,66,66,66,66,66,66,66,66,66,66,66,66,66,66,66,66,66,66,66,66,66,66,66,66,66,66,66,66,66,66,66,66,66,66,66,66,66],"card_choices":[{"not_picked":["Eviscerate","Tactician"],"picked":"Poisoned Stab","floor":1.0},{"not_picked":["Infinite Blades","Finisher"],"picked":"Sucker Punch","floor":2.0},{"not_picked":["Flying Knee","Blur"],"picked":"Deadly Poison","floor":3.0},{"not_picked":["Expertise","Flechettes","Sucker Punch"],"picked":"SKIP","floor":4.0},{"not_picked":["Distraction","Blur"],"picked":"PiercingWail","floor":6.0},{"not_picked":["Bane","Heel Hook"],"picked":"Dagger Throw","floor":11.0},{"not_picked":["Prepared","Slice"],"picked":"PiercingWail","floor":12.0},{"not_picked":["Infinite Blades+1","Slice"],"picked":"Crippling Poison","floor":13.0},{"not_picked":["Deadly Poison","Underhanded Strike","Calculated Gamble"],"picked":"SKIP","floor":14.0},{"not_picked":["Malaise","Storm of Steel"],"picked":"Burst","floor":16.0},{"not_picked":["Dagger Spray","Well Laid Plans+1"],"picked":"Noxious Fumes+1","floor":18.0},{"not_picked":["Finisher+1","Accuracy+1"],"picked":"Distraction+1","floor":21.0},{"not_picked":["Caltrops+1","PiercingWail+1"],"picked":"Catalyst+1","floor":22.0},{"not_picked":["Riddle With Holes","Blade Dance+1"],"picked":"Escape Plan+1","floor":24.0},{"not_picked":["Deflect+1","Masterful Stab"],"picked":"Catalyst+1","floor":27.0},{"not_picked":["Heel Hook","Flechettes+1"],"picked":"PiercingWail+1","floor":29.0},{"not_picked":["Catalyst+1","Predator","Slice"],"picked":"SKIP","floor":31.0},{"not_picked":["Storm of Steel+1","Unload"],"picked":"Phantasmal Killer+1","floor":33.0},{"not_picked":[],"picked":"Well Laid Plans+1","floor":35.0},{"not_picked":["Blade Dance+1"],"picked":"SKIP","floor":36.0},{"not_picked":["Slice"],"picked":"SKIP","floor":39.0}],"player_experience":786851,"relics_obtained":[{"floor":6.0,"key":"Frozen Egg 2"},{"floor":9.0,"key":"Art of War"},{"floor":14.0,"key":"Akabeko"},{"floor":24.0,"key":"Red Mask"},{"floor":26.0,"key":"Bottled Flame"},{"floor":27.0,"key":"White Beast Statue"}],"event_choices":[{"damage_healed":0.0,"max_hp_gain":0.0,"max_hp_loss":0.0,"gold_gain":0.0,"event_name":"Match and Keep!","player_choice":"1 cards matched","floor":5.0,"gold_loss":0.0,"damage_taken":0.0,"cards_obtained":["Malaise"]},{"cards_removed":["PiercingWail"],"damage_healed":0.0,"max_hp_gain":0.0,"max_hp_loss":0.0,"gold_gain":0.0,"event_name":"WeMeetAgain","player_choice":"Gave Card","floor":19.0,"gold_loss":0.0,"damage_taken":0.0,"relics_obtained":["Toxic Egg 2"]},{"damage_healed":0.0,"max_hp_gain":0.0,"max_hp_loss":0.0,"gold_gain":0.0,"event_name":"Masked Bandits","player_choice":"Fought Bandits","floor":24.0,"gold_loss":0.0,"damage_taken":0.0},{"damage_healed":0.0,"max_hp_gain":0.0,"max_hp_loss":0.0,"gold_gain":50.0,"event_name":"Golden Shrine","player_choice":"Pray","floor":38.0,"gold_loss":0.0,"damage_taken":0.0}],"is_beta":false,"boss_relics":[{"not_picked":["Ring of the Serpent","Fusion Hammer"],"picked":"Sozu"},{"not_picked":["Tiny House","Pandora\u0027s Box"],"picked":"Busted Crown"}],"items_purged_floors":[8],"is_endless":false,"potions_floor_spawned":[3,4,12,13,14,16,21,24,27,29,31,33,35,36,39],"killed_by":"Reptomancer","ascension_level":20}}