{"host":"c5ukdwo3xwa4ucd0","time":1607716170,"event":{"mods":["AchievementEnabler","BaseMod","Colored Powertips","Minty Spire (QoL Compilation)","Quick Restart"],"gold_per_floor":[109,109,109,125,138,138,173,173,200,155,175,195,195,208,208,311,311,328,328,348,348,203,203,218,218,218,237,237,237,250,264,264,368,368,387,387,398,445,464,475,475,475],"floor_reached":41,"playtime":2415,"items_purged":[],"score":397,"play_id":"26f703d7-546e-4473-8891-44c9bed3b67f","local_time":"20201211204930","is_ascension_mode":false,"campfire_choices":[{"data":"Cloak And Dagger","floor":6.0,"key":"SMITH"},{"floor":13.0,"key":"REST"},{"floor":15.0,"key":"REST"},{"floor":23.0,"key":"REST"},{"data":"Cloak And Dagger","floor":25.0,"key":"SMITH"},{"data":"Envenom","floor":28.0,"key":"SMITH"},{"floor":32,"key":"REST"}],"circlet_count":0,"master_deck":["Strike_G","Strike_G","Strike_G","Strike_G","Strike_G","Defend_G","Defend_G","Defend_G","Defend_G","Defend_G","Survivor+1","Neutralize","Outmaneuver","Cloak And Dagger+1","Poisoned Stab","After Image","Cloak And Dagger+1","Escape Plan","Infinite Blades","Envenom+1","Dagger Spray+1","Poisoned Stab","Accuracy","Deflect","Dagger Spray","Well Laid Plans+1","Prepared+1","Pain","Cloak And Dagger","Dagger Spray+1","Tools of the Trade","Deflect","Acrobatics+1","Blade Dance"],"relics":["Ring of the Serpent","NeowsBlessing","Tiny Chest","Eternal Feather","Bag of Preparation","SlaversCollar","Blood Vial","Anchor","WarpedTongs","Oddly Smooth Stone"],"acts_visited":["TheCity","TheBeyond"],"potions_floor_usage":[40,41],"damage_taken":[{"damage":0.0,"enemies":"Jaw Worm","floor":1.0,"turns":1.0},{"damage":0.0,"enemies":"Small Slimes","floor":4.0,"turns":1.0},{"damage":0.0,"enemies":"Cultist","floor":5.0,"turns":1.0},{"damage":63.0,"enemies":"Lagavulin","floor":7.0,"turns":12.0},{"damage":2.0,"enemies":"Looter","floor":10.0,"turns":5.0},{"damage":0.0,"enemies":"Exordium Wildlife","floor":11.0,"turns":4.0},{"damage":0.0,"enemies":"2 Fungi Beasts","floor":12.0,"turns":4.0},{"damage":6.0,"enemies":"Gremlin Gang","floor":14.0,"turns":6.0},{"damage":27.0,"enemies":"Hexaghost","floor":16.0,"turns":16.0},{"damage":9.0,"enemies":"Shell Parasite","floor":18.0,"turns":8.0},{"damage":16.0,"enemies":"Chosen","floor":20.0,"turns":5.0},{"damage":25.0,"enemies":"Centurion and Healer","floor":24.0,"turns":7.0},{"damage":12.0,"enemies":"Shelled Parasite and Fungi","floor":27.0,"turns":8.0},{"damage":22.0,"enemies":"Snake Plant","floor":30.0,"turns":5.0},{"damage":7,"enemies":"Centurion and Healer","floor":31,"turns":6},{"damage":52,"enemies":"Collector","floor":33,"turns":11},{"damage":0,"enemies":"3 Shapes","floor":35,"turns":3},{"damage":27,"enemies":"Orb Walker","floor":37,"turns":4},{"damage":34,"enemies":"Spire Growth","floor":39,"turns":7},{"damage":6,"enemies":"Jaw Worm Horde","floor":40,"turns":6},{"damage":9,"enemies":"4 Shapes","floor":41,"turns":11}],"seed_played":"6229318027427254477","potions_obtained":[{"floor":7.0,"key":"FearPotion"},{"floor":14.0,"key":"LiquidBronze"},{"floor":16.0,"key":"LiquidMemories"},{"floor":30.0,"key":"LiquidMemories"},{"floor":33,"key":"Weak Potion"},{"floor":39,"key":"Dexterity Potion"},{"floor":40,"key":"Block Potion"}],"is_trial":false,"path_per_floor":["M","?","?","M","M","R","E","?","T","M","M","M","R","M","R","B",null,"M","?","M","T","$","R","M","R","T","M","R","?","M","M","R","B",null,"M","?","M","T","M","M","M"],"character_chosen":"THE_SILENT","items_purchased":["Accuracy","Deflect","Dagger Spray"],"campfire_rested":4,"item_purchase_floors":[22,22,22],"current_hp_per_floor":[70,70,70,70,70,70,7,7,7,5,5,5,35,29,59,32,70,61,61,45,45,45,70,45,60,60,50,65,65,45,40,70,18,70,70,70,43,43,11,7,0,0],"gold":475,"neow_bonus":"THREE_ENEMY_KILL","is_daily":false,"chose_seed":false,"campfire_upgraded":3,"win_rate":0.0,"timestamp":1607716170,"path_taken":["M","?","?","M","M","R","E","?","T","M","M","M","R","?","R","BOSS","M","?","M","?","$","R","M","R","T","M","R","?","?","M","R","BOSS","M","?","M","?","M","M","M"],"items_purchased_type":["Card","Card","Card"],"build_version":"2020-11-30","purchased_purges":0,"victory":false,"max_hp_per_floor":[70,70,70,70,70,70,70,70,70,70,70,70,70,70,70,70,70,70,70,70,70,70,70,70,70,70,70,70,70,70,70,70,70,70,70,70,70,70,70,70,70,70],"card_choices":[{"not_picked":["Dagger Throw","Sucker Punch","Skewer"],"picked":"SKIP","floor":1.0},{"not_picked":["Bane","Sucker Punch"],"picked":"Outmaneuver","floor":4.0},{"not_picked":["Sucker Punch","Outmaneuver"],"picked":"Cloak And Dagger","floor":5.0},{"not_picked":["Bouncing Flask","Flechettes"],"picked":"Poisoned Stab","floor":7.0},{"not_picked":["Backflip","Sucker Punch"],"picked":"After Image","floor":10.0},{"not_picked":["Terror","Poisoned Stab"],"picked":"Cloak And Dagger","floor":11.0},{"not_picked":["All Out Attack","Masterful Stab"],"picked":"Escape Plan","floor":12.0},{"not_picked":["Leg Sweep","Outmaneuver"],"picked":"Infinite Blades","floor":14.0},{"not_picked":["Glass Knife","Bullet Time"],"picked":"Envenom","floor":16.0},{"not_picked":["Deadly Poison","Bouncing Flask"],"picked":"Dagger Spray+1","floor":18.0},{"not_picked":["Predator+1","Acrobatics"],"picked":"Poisoned Stab","floor":20.0},{"not_picked":["Flying Knee","Backstab"],"picked":"Well Laid Plans+1","floor":24.0},{"not_picked":["Deadly Poison","Dagger Throw"],"picked":"Prepared+1","floor":27.0},{"not_picked":["Dodge and Roll","Flying Knee"],"picked":"Cloak And Dagger","floor":30.0},{"not_picked":["Slice","Deflect"],"picked":"Dagger Spray+1","floor":31},{"not_picked":["Wraith Form v2","Venomology"],"picked":"Tools of the Trade","floor":33},{"not_picked":["Masterful Stab","Flying Knee+1"],"picked":"Deflect","floor":35},{"not_picked":["Leg Sweep","Quick Slash"],"picked":"Acrobatics+1","floor":37},{"not_picked":["Terror","Doppelganger","Underhanded Strike+1"],"picked":"SKIP","floor":39},{"not_picked":["Bouncing Flask","Flying Knee+1"],"picked":"Blade Dance","floor":40}],"player_experience":296316,"relics_obtained":[{"floor":7.0,"key":"Tiny Chest"},{"floor":9.0,"key":"Bag of Preparation"},{"floor":21.0,"key":"Blood Vial"},{"floor":26.0,"key":"Anchor"},{"floor":38,"key":"Oddly Smooth Stone"}],"event_choices":[{"damage_healed":0.0,"max_hp_gain":0.0,"max_hp_loss":0.0,"gold_gain":0.0,"event_name":"Shining Light","player_choice":"Ignored","floor":2.0,"gold_loss":0.0,"damage_taken":0.0},{"damage_healed":0.0,"max_hp_gain":0.0,"max_hp_loss":0.0,"gold_gain":0.0,"event_name":"Living Wall","player_choice":"Grow","floor":3.0,"gold_loss":0.0,"damage_taken":0.0,"cards_upgraded":["Survivor"]},{"damage_healed":0.0,"max_hp_gain":0.0,"max_hp_loss":0.0,"gold_gain":0.0,"event_name":"WeMeetAgain","player_choice":"Gave Potion","floor":8.0,"gold_loss":0.0,"damage_taken":0.0,"relics_obtained":["Eternal Feather"]},{"damage_healed":0.0,"max_hp_gain":0.0,"max_hp_loss":0.0,"gold_gain":0.0,"event_name":"Beggar","player_choice":"Ignored","floor":19.0,"gold_loss":0.0,"damage_taken":0.0},{"damage_healed":0.0,"max_hp_gain":0.0,"max_hp_loss":0.0,"gold_gain":0.0,"event_name":"Accursed Blacksmith","player_choice":"Rummage","floor":29.0,"gold_loss":0.0,"damage_taken":0.0,"relics_obtained":["WarpedTongs"],"cards_obtained":["Pain"]},{"damage_healed":0,"gold_gain":0,"player_choice":"Bought 0 Potions","damage_taken":0,"max_hp_gain":0,"max_hp_loss":0,"event_name":"The Woman in Blue","floor":36,"gold_loss":0}],"is_beta":false,"boss_relics":[{"not_picked":["Philosopher\u0027s Stone","Sozu"],"picked":"SlaversCollar"},{"not_picked":["Cursed Key","Tiny House"],"picked":"Ring of the Serpent"}],"items_purged_floors":[],"is_endless":false,"potions_floor_spawned":[7,14,16,30,33,39,40],"killed_by":"4 Shapes","ascension_level":0}}