{"host":"zi8o4akxlgxypwgb","time":1607708188,"event":{"mods":["BaseMod","Minty Spire (QoL Compilation)","Replay The Spire","StSLib","SuperFastMode"],"gold_per_floor":[112,122,122,200,218,243,261,261,310,342,364,364,89,101,101,101,101],"floor_reached":16,"playtime":638,"items_purged":["Defend_G"],"score":132,"play_id":"97b093d0-0e97-4a7b-bcab-b78c2c6c5d86","local_time":"20201212013628","is_ascension_mode":true,"campfire_choices":[{"data":"Acrobatics","floor":8.0,"key":"SMITH"},{"data":"Calculated Gamble","floor":15,"key":"SMITH"}],"circlet_count":0,"master_deck":["Strike_G","Strike_G","Strike_G","Strike_G","Strike_G","Defend_G","Defend_G","Defend_G","Survivor","Neutralize","Backflip","Acrobatics+1","Backflip","Dagger Throw","Prepared","Bullet Time","Slice","Underhanded Strike","Calculated Gamble+1","Chrysalis","Madness","Trip","Choke"],"relics":["Painkiller Herb","Bottled Flame","Replay:Mystery Machine","Replay:Rubber Ducky","Odd Mushroom","ReplayTheSpireMod:ShopPack"],"acts_visited":["Exordium"],"potions_floor_usage":[10,11,11,11],"damage_taken":[{"damage":1.0,"enemies":"2 Louse","floor":1.0,"turns":2.0},{"damage":2.0,"enemies":"Jaw Worm","floor":2.0,"turns":4.0},{"damage":1.0,"enemies":"Small Slimes","floor":5.0,"turns":4.0},{"damage":6.0,"enemies":"Lagavulin","floor":6.0,"turns":9.0},{"damage":12.0,"enemies":"Exordium Thugs","floor":7.0,"turns":5.0},{"damage":5,"enemies":"3 Sentries","floor":10,"turns":7},{"damage":0,"enemies":"The Mushroom Lair","floor":11,"turns":3},{"damage":0,"enemies":"Large Slime","floor":14,"turns":3},{"damage":17,"enemies":"Fading Forest","floor":16,"turns":3}],"seed_played":"3772423237003714287","potions_obtained":[{"floor":2.0,"key":"PowerPotion"},{"floor":4.0,"key":"SneckoOil"},{"floor":4.0,"key":"Block Potion"},{"floor":4.0,"key":"EntropicBrew"},{"floor":6.0,"key":"Poison Potion"},{"floor":10,"key":"Milkshake"}],"is_trial":false,"path_per_floor":["?","?","?","?","?","E","?","T","T","E","?","?","T","?","T","B"],"character_chosen":"THE_SILENT","items_purchased":["ReplayTheSpireMod:ShopPack","Calculated Gamble"],"campfire_rested":0,"item_purchase_floors":[13,13],"current_hp_per_floor":[69,67,60,32,31,25,13,13,13,8,8,8,8,8,8,0,0],"gold":101,"neow_bonus":"BOSS_RELIC","is_daily":false,"chose_seed":false,"campfire_upgraded":2,"win_rate":0.0,"timestamp":1607708188,"path_taken":["?","?","?","?","?","E","?","T","T","E","?","?","?","?","T","BOSS"],"items_purchased_type":["Relic","Card"],"build_version":"2020-11-30","purchased_purges":1,"victory":false,"max_hp_per_floor":[70,70,70,70,70,70,70,70,70,70,70,70,70,70,70,70,70],"card_choices":[{"not_picked":["Deadly Poison","Caltrops"],"picked":"Backflip","floor":1.0},{"not_picked":["Cloak And Dagger","Quick Slash"],"picked":"Acrobatics","floor":2.0},{"not_picked":["ReplayTheSpireMod:Exploit Weakness","ReplayTheSpireMod:Tripwire"],"picked":"Backflip","floor":4.0},{"not_picked":["Slice","Backflip"],"picked":"Dagger Throw","floor":5.0},{"not_picked":["Backflip","Underhanded Strike"],"picked":"Prepared","floor":6.0},{"not_picked":["Cloak And Dagger","Flying Knee"],"picked":"Bullet Time","floor":7.0},{"not_picked":["Tactician","PiercingWail"],"picked":"Slice","floor":10},{"not_picked":["Dagger Throw","Prepared"],"picked":"Underhanded Strike","floor":11},{"not_picked":["ReplayTheSpireMod:Necrogeddon","Violence"],"picked":"Chrysalis","floor":13},{"not_picked":["Enlightenment","Impatience"],"picked":"Madness","floor":13},{"not_picked":["Poisoned Strike","Enlightenment"],"picked":"Trip","floor":13},{"not_picked":["Draining Mist","Slice"],"picked":"Choke","floor":14}],"player_experience":282595,"relics_obtained":[{"floor":6.0,"key":"Bottled Flame"},{"floor":9.0,"key":"Replay:Mystery Machine"},{"floor":10,"key":"Replay:Rubber Ducky"},{"floor":11,"key":"Odd Mushroom"}],"event_choices":[{"cards_removed":["Defend_G"],"damage_healed":0.0,"max_hp_gain":0.0,"max_hp_loss":0.0,"gold_gain":0.0,"event_name":"Golden Wing","player_choice":"Card Removal","floor":3.0,"gold_loss":0.0,"damage_taken":7.0},{"damage_healed":0,"gold_gain":0,"player_choice":"Fought Mushrooms","damage_taken":0,"max_hp_gain":0,"max_hp_loss":0,"event_name":"Mushrooms","floor":11,"gold_loss":0},{"damage_healed":0,"gold_gain":0,"player_choice":"Ignored","damage_taken":0,"max_hp_gain":0,"max_hp_loss":0,"event_name":"Shining Light","floor":12,"gold_loss":0}],"is_beta":false,"boss_relics":[],"items_purged_floors":[13],"is_endless":false,"potions_floor_spawned":[2,6,10],"killed_by":"Fading Forest","ascension_level":4}}