{"host":"gkm149kh1ihaqy0o","time":1607712906,"event":{"mods":["AchievementEnabler","BaseMod","Colored Powertips","Googly Eyes","Key Reminder","Minty Spire (QoL Compilation)","Permanent Neow","Quick Restart","Random Character Button","Rare Cards Sparkle","Relic Sorter","Relic Stats","SuperFastMode","Unceasing Turn Reminder","everything is the same but u backflip on backflip"],"gold_per_floor":[116,116,133,144,161,216,228,228,228,239,239,46,46,72,72,177,177,188,201,6,21,31,61,61,95,95,123,33,33,33,33,33,137,137,147,57,57,107,67,67,0,0,23,23,56,6,20,20,20,20,20,20,20,53,53,53],"floor_reached":55,"playtime":2975,"items_purged":["Strike_B"],"score":949,"play_id":"2fb64d25-1240-4af0-bf18-9ce52b27206c","local_time":"20201211125506","is_ascension_mode":true,"campfire_choices":[{"data":"Hologram","floor":8,"key":"SMITH"},{"data":"Defragment","floor":11,"key":"SMITH"},{"data":"Chill","floor":15,"key":"SMITH"},{"floor":24,"key":"REST"},{"data":"Rainbow","floor":32,"key":"SMITH"},{"floor":40,"key":"DIG"},{"floor":42,"key":"DIG"},{"floor":49,"key":"RECALL"},{"floor":52,"key":"DIG"}],"circlet_count":0,"master_deck":["Strike_B+1","Defend_B","Defend_B+1","Defend_B","Defend_B","Zap","Dualcast","Steam+1","Sweeping Beam","Hologram+1","Lockon","Defragment+1","Turbo","Self Repair","Coolheaded","Chill+1","Rainbow+1","Storm","Sunder+1","Doom and Gloom","Loop","Cold Snap+1","Genetic Algorithm+1","Meteor Strike","All For One","Self Repair+1","Skim+1","Hologram","Static Discharge+1","Echo Form"],"relics":["Cracked Core","Potion Belt","Lantern","Bag of Preparation","Happy Flower","Toy Ornithopter","Snecko Eye","Ornamental Fan","Juzu Bracelet","Blue Candle","Oddly Smooth Stone","Pear","Coffee Dripper","Shovel","Strawberry","Red Mask","Shuriken","War Paint","Boot","Toxic Egg 2","Sundial","Mercury Hourglass"],"acts_visited":["Exordium","TheCity","TheBeyond","TheEnding"],"potions_floor_usage":[6,6,7,7,10,18,21,27,31,33,50,50,50,50,55,55],"damage_taken":[{"damage":6,"enemies":"2 Louse","floor":1,"turns":2},{"damage":1,"enemies":"Cultist","floor":3,"turns":3},{"damage":2,"enemies":"Jaw Worm","floor":4,"turns":4},{"damage":1,"enemies":"Red Slaver","floor":5,"turns":5},{"damage":8,"enemies":"3 Sentries","floor":6,"turns":6},{"damage":0,"enemies":"Gremlin Gang","floor":7,"turns":3},{"damage":2,"enemies":"Exordium Wildlife","floor":10,"turns":3},{"damage":14,"enemies":"Gremlin Nob","floor":14,"turns":3},{"damage":14,"enemies":"Slime Boss","floor":16,"turns":8},{"damage":6,"enemies":"Chosen","floor":18,"turns":6},{"damage":0,"enemies":"2 Thieves","floor":19,"turns":4},{"damage":20,"enemies":"Snake Plant","floor":21,"turns":3},{"damage":13,"enemies":"Centurion and Healer","floor":22,"turns":3},{"damage":15,"enemies":"Book of Stabbing","floor":23,"turns":5},{"damage":2,"enemies":"Gremlin Leader","floor":25,"turns":6},{"damage":36,"enemies":"Slavers","floor":27,"turns":4},{"damage":1,"enemies":"Chosen and Byrds","floor":31,"turns":4},{"damage":3,"enemies":"Collector","floor":33,"turns":7},{"damage":44,"enemies":"3 Darklings","floor":35,"turns":4},{"damage":0,"enemies":"Mind Bloom Boss Battle","floor":38,"turns":4},{"damage":24,"enemies":"Reptomancer","floor":45,"turns":6},{"damage":0,"enemies":"3 Shapes","floor":47,"turns":3},{"damage":27,"enemies":"Awakened One","floor":50,"turns":7},{"damage":14,"enemies":"Shield and Spear","floor":54,"turns":5},{"damage":104,"enemies":"The Heart","floor":55,"turns":3}],"seed_played":"7989224989903044359","potions_obtained":[{"floor":2,"key":"SneckoOil"},{"floor":2,"key":"AttackPotion"},{"floor":2,"key":"SneckoOil"},{"floor":3,"key":"ColorlessPotion"},{"floor":5,"key":"EssenceOfSteel"},{"floor":7,"key":"Energy Potion"},{"floor":16,"key":"Explosive Potion"},{"floor":19,"key":"Fire Potion"},{"floor":21,"key":"SmokeBomb"},{"floor":27,"key":"Swift Potion"},{"floor":39,"key":"CultistPotion"},{"floor":39,"key":"EssenceOfDarkness"},{"floor":39,"key":"LiquidBronze"},{"floor":45,"key":"Weak Potion"},{"floor":47,"key":"Swift Potion"},{"floor":54,"key":"PotionOfCapacity"}],"is_trial":false,"path_per_floor":["M","?","M","M","M","E","M","R","T","M","R","$","?","E","R","B",null,"M","M","$","M","M","E","R","E","T","E","?","?","?","M","R","B",null,"M","?","$","?","?","R","?","R","T","?","E","$","M","T","R","B",null,"R","$","E","B"],"character_chosen":"DEFECT","items_purchased":["Happy Flower","Coolheaded","Doom and Gloom","Loop","Hologram"],"campfire_rested":1,"item_purchase_floors":[12,12,20,20,46],"current_hp_per_floor":[62,62,61,59,58,50,50,50,50,48,48,48,48,41,41,34,65,71,75,75,62,49,41,63,68,68,37,37,47,47,58,58,67,81,44,44,44,51,51,58,58,58,58,58,51,51,68,68,68,78,89,89,89,92,0,0],"gold":53,"neow_bonus":"RANDOM_COMMON_RELIC","is_daily":false,"chose_seed":false,"campfire_upgraded":4,"win_rate":0.0,"timestamp":1607712906,"path_taken":["M","?","M","M","M","E","M","R","T","?","R","$","?","E","R","BOSS","M","M","$","M","M","E","R","E","T","E","?","?","?","M","R","BOSS","M","?","$","?","?","R","?","R","T","?","E","?","M","?","R","BOSS","R","$","E","BOSS"],"items_purchased_type":["Relic","Card","Card","Card","Card"],"build_version":"2020-11-30","purchased_purges":1,"victory":false,"max_hp_per_floor":[75,75,75,75,75,75,75,75,75,75,75,75,75,75,75,75,75,75,75,75,75,75,75,75,75,75,75,75,85,85,85,85,85,85,85,85,85,85,85,92,92,92,92,92,92,92,92,92,92,92,92,92,92,92,92,92],"relic_stats":{"Happy Flower":[28],"counters":[25,111],"Blue Candle":[3],"Bag of Preparation":[38],"Juzu Bracelet":3,"War Paint":["Steam","Defend_B"],"Boot":[0],"Mercury Hourglass":[9],"Shovel":3,"Ornamental Fan":[76],"Shuriken":[12],"Sundial":[0],"Snecko Eye":[159,145,139,147],"obtain_stats":[{"Potion Belt":0,"Lantern":6,"Pear":29,"Happy Flower":12,"Blue Candle":27,"Oddly Smooth Stone":28,"Bag of Preparation":9,"Juzu Bracelet":25,"War Paint":43,"Boot":45,"Mercury Hourglass":54,"keyreminder:keyreminder":26,"Shovel":38,"Ornamental Fan":23,"Shuriken":42,"Sundial":52,"Strawberry":40,"Snecko Eye":17,"Coffee Dripper":34,"Red Mask":41,"Toxic Egg 2":48,"Cracked Core":0,"Toy Ornithopter":14},{"Potion Belt":0,"Lantern":5,"Pear":16,"Happy Flower":7,"Blue Candle":16,"Oddly Smooth Stone":16,"Bag of Preparation":6,"Juzu Bracelet":15,"War Paint":20,"Boot":21,"Mercury Hourglass":24,"keyreminder:keyreminder":15,"Shovel":20,"Ornamental Fan":14,"Shuriken":20,"Sundial":23,"Strawberry":20,"Snecko Eye":9,"Coffee Dripper":18,"Red Mask":20,"Toxic Egg 2":22,"Cracked Core":0,"Toy Ornithopter":8},{"Potion Belt":0,"Lantern":20,"Pear":68,"Happy Flower":26,"Blue Candle":68,"Oddly Smooth Stone":68,"Bag of Preparation":23,"Juzu Bracelet":64,"War Paint":87,"Boot":93,"Mercury Hourglass":108,"keyreminder:keyreminder":64,"Shovel":87,"Ornamental Fan":58,"Shuriken":87,"Sundial":103,"Strawberry":87,"Snecko Eye":37,"Coffee Dripper":79,"Red Mask":87,"Toxic Egg 2":96,"Cracked Core":0,"Toy Ornithopter":29}],"Toy Ornithopter":41},"card_choices":[{"not_picked":["Darkness","Turbo"],"picked":"Steam","floor":1},{"not_picked":["Streamline","Conserve Battery"],"picked":"Sweeping Beam","floor":3},{"not_picked":["Streamline","Aggregate"],"picked":"Hologram","floor":4},{"not_picked":["Barrage","Reinforced Body"],"picked":"Lockon","floor":5},{"not_picked":["Hello World","White Noise"],"picked":"Defragment","floor":6},{"not_picked":["Barrage","Aggregate"],"picked":"Turbo","floor":7},{"not_picked":["Lockon","Heatsinks"],"picked":"Self Repair","floor":10},{"not_picked":["Seek","Auto Shields"],"picked":"Chill","floor":14},{"not_picked":["Reboot","Multi-Cast"],"picked":"Rainbow","floor":16},{"not_picked":["Stack","Blizzard"],"picked":"Storm","floor":18},{"not_picked":["Stack","Ball Lightning"],"picked":"Sunder+1","floor":19},{"not_picked":["Barrage","Turbo","Beam Cell"],"picked":"SKIP","floor":21},{"not_picked":["Gash+1","Steam"],"picked":"Cold Snap+1","floor":22},{"not_picked":["Leap+1","Coolheaded","Beam Cell"],"picked":"SKIP","floor":23},{"not_picked":["Leap","Barrage","Redo"],"picked":"SKIP","floor":25},{"not_picked":["Recycle","Ball Lightning"],"picked":"Genetic Algorithm+1","floor":27},{"not_picked":["Core Surge","Fission"],"picked":"All For One","floor":33},{"not_picked":["Gash","Go for the Eyes+1","Chill+1"],"picked":"SKIP","floor":35},{"not_picked":["Double Energy+1","Genetic Algorithm"],"picked":"Self Repair+1","floor":38},{"not_picked":["Streamline+1","Hyperbeam"],"picked":"Skim+1","floor":45},{"not_picked":["Streamline","Beam Cell+1"],"picked":"Static Discharge+1","floor":47},{"not_picked":["Force Field+1","Biased Cognition"],"picked":"Echo Form","floor":54}],"player_experience":576117,"relics_obtained":[{"floor":6,"key":"Lantern"},{"floor":9,"key":"Bag of Preparation"},{"floor":14,"key":"Toy Ornithopter"},{"floor":23,"key":"Ornamental Fan"},{"floor":25,"key":"Juzu Bracelet"},{"floor":27,"key":"Blue Candle"},{"floor":38,"key":"Shovel"},{"floor":40,"key":"Strawberry"},{"floor":42,"key":"Shuriken"},{"floor":43,"key":"War Paint"},{"floor":45,"key":"Boot"},{"floor":48,"key":"Toxic Egg 2"},{"floor":52,"key":"Sundial"},{"floor":54,"key":"Mercury Hourglass"}],"event_choices":[{"damage_healed":0,"gold_gain":0,"player_choice":"Got Potions","damage_taken":0,"max_hp_gain":0,"max_hp_loss":0,"event_name":"Lab","floor":2,"gold_loss":0},{"cards_removed":["Strike_B"],"damage_healed":0,"gold_gain":0,"player_choice":"Offered Basic","damage_taken":0,"max_hp_gain":0,"max_hp_loss":0,"event_name":"Bonfire Elementals","floor":13,"gold_loss":0},{"damage_healed":0,"gold_gain":0,"player_choice":"Paid Gold","damage_taken":0,"relics_obtained":["Oddly Smooth Stone"],"max_hp_gain":0,"max_hp_loss":0,"event_name":"WeMeetAgain","floor":28,"gold_loss":90},{"damage_healed":0,"gold_gain":0,"player_choice":"Stole Relic","damage_taken":0,"relics_obtained":["Pear"],"max_hp_gain":0,"max_hp_loss":0,"event_name":"Addict","floor":29,"gold_loss":0,"cards_obtained":["Shame"]},{"damage_healed":0,"gold_gain":0,"player_choice":"Read","damage_taken":0,"max_hp_gain":0,"max_hp_loss":0,"event_name":"The Library","floor":30,"gold_loss":0,"cards_obtained":["Meteor Strike"]},{"cards_removed":["Shame"],"damage_healed":0,"gold_gain":0,"player_choice":"Upgrade and Remove","damage_taken":0,"max_hp_gain":0,"max_hp_loss":0,"event_name":"Designer","floor":36,"gold_loss":90,"cards_upgraded":["Strike_B"]},{"damage_healed":0,"gold_gain":0,"player_choice":"Fight","damage_taken":0,"max_hp_gain":0,"max_hp_loss":0,"event_name":"MindBloom","floor":38,"gold_loss":0},{"damage_healed":0,"gold_gain":0,"player_choice":"Bought 3 Potions","damage_taken":0,"max_hp_gain":0,"max_hp_loss":0,"event_name":"The Woman in Blue","floor":39,"gold_loss":0},{"damage_healed":0,"gold_gain":0,"player_choice":"Paid","damage_taken":0,"relics_obtained":["Red Mask"],"max_hp_gain":0,"max_hp_loss":0,"event_name":"Tomb of Lord Red Mask","floor":41,"gold_loss":67},{"cards_removed":["Strike_B"],"damage_healed":0,"gold_gain":0,"player_choice":"Removed Attack","damage_taken":0,"max_hp_gain":0,"max_hp_loss":0,"event_name":"Falling","floor":44,"gold_loss":0}],"is_beta":false,"boss_relics":[{"not_picked":["SacredBark","Tiny House"],"picked":"Snecko Eye"},{"not_picked":["Fusion Hammer","Sozu"],"picked":"Coffee Dripper"}],"items_purged_floors":[20],"is_endless":false,"potions_floor_spawned":[3,5,7,16,19,21,27,31,45,47,54],"killed_by":"The Heart","ascension_level":6}}