{"host":"ueef25wtkg2eer3h","time":1607699621,"event":{"mods":["AchievementEnabler","BaseMod","Colored Map","Colored Powertips","DeckTracker","Displayed Cursed Tome","Googly Eyes","Highlight Path","Minty Spire (QoL Compilation)","Slay the Relics Exporter","StSLib"],"gold_per_floor":[14,30,30,30,43,78,78,122,122,157,157,25,46,68,68,174,174,193,231,253,253,269,307,307,341,341,450,450,31,31,70,70,176,235,255,477,477,36,59,101,110,150,150,150,179,208,231,72,72,72],"floor_reached":51,"playtime":3181,"items_purged":["Strike_B","Defend_B","Strike_B"],"score":1207,"play_id":"530006ad-1daa-46cf-921b-4f616a521753","local_time":"20201211161341","is_ascension_mode":true,"campfire_choices":[{"floor":7,"key":"REST"},{"floor":15,"key":"REST"},{"floor":24,"key":"REST"},{"data":"Echo Form","floor":28,"key":"SMITH"},{"floor":30,"key":"REST"},{"data":"Glacier","floor":32,"key":"SMITH"},{"floor":41,"key":"REST"},{"data":"Strike_B","floor":44,"key":"PURGE"},{"data":"Defend_B","floor":49,"key":"PURGE"}],"circlet_count":0,"master_deck":["Defend_B","Zap","Dualcast","Rebound","Streamline","Undo","Chill+1","Self Repair","Barrage+1","Conserve Battery","Gash","Leap","FTL","Echo Form+1","Turbo+1","Cold Snap+1","Tempest+1","Gash+1","Glacier+1","Go for the Eyes","BootSequence","Turbo","Redo+1","Core Surge","Self Repair","Defragment+1","Recycle","Coolheaded+1","Cold Snap+1","Defragment+1","Aggregate","Chaos","Capacitor","Fusion+1","Apotheosis"],"relics":["Cracked Core","Unceasing Top","Incense Burner","WingedGreaves","CeramicFish","Peace Pipe","Gremlin Horn","Nuclear Battery","Red Mask","Bottled Tornado","TungstenRod","Ginger","Dead Branch","InkBottle","Question Card","Dream Catcher","Tiny House","Bronze Scales","Matryoshka","Emotion Chip","Blood Vial","Mercury Hourglass"],"acts_visited":["Exordium","TheCity","TheBeyond"],"potions_floor_usage":[6,14,18,19,23,23,23,27,33,35,50],"damage_taken":[{"damage":12,"enemies":"2 Louse","floor":1,"turns":3},{"damage":0,"enemies":"Small Slimes","floor":2,"turns":2},{"damage":1,"enemies":"Cultist","floor":5,"turns":4},{"damage":25,"enemies":"3 Sentries","floor":6,"turns":6},{"damage":8,"enemies":"Gremlin Nob","floor":8,"turns":4},{"damage":28,"enemies":"3 Sentries","floor":10,"turns":12},{"damage":1,"enemies":"Blue Slaver","floor":13,"turns":4},{"damage":8,"enemies":"Red Slaver","floor":14,"turns":4},{"damage":34,"enemies":"The Guardian","floor":16,"turns":14},{"damage":9,"enemies":"3 Byrds","floor":18,"turns":4},{"damage":35,"enemies":"Masked Bandits","floor":19,"turns":6},{"damage":0,"enemies":"Spheric Guardian","floor":20,"turns":3},{"damage":8,"enemies":"Snecko","floor":22,"turns":4},{"damage":18,"enemies":"Book of Stabbing","floor":23,"turns":5},{"damage":17,"enemies":"Slavers","floor":25,"turns":6},{"damage":0,"enemies":"Colosseum Slavers","floor":27,"turns":3},{"damage":6,"enemies":"Colosseum Nobs","floor":27,"turns":4},{"damage":0,"enemies":"Book of Stabbing","floor":31,"turns":5},{"damage":34,"enemies":"Champ","floor":33,"turns":10},{"damage":13,"enemies":"3 Darklings","floor":35,"turns":5},{"damage":24,"enemies":"Orb Walker","floor":39,"turns":4},{"damage":58,"enemies":"Giant Head","floor":40,"turns":10},{"damage":3,"enemies":"Reptomancer","floor":42,"turns":5},{"damage":0,"enemies":"Jaw Worm Horde","floor":45,"turns":4},{"damage":0,"enemies":"4 Shapes","floor":46,"turns":3},{"damage":5,"enemies":"Writhing Mass","floor":47,"turns":3},{"damage":4,"enemies":"Awakened One","floor":50,"turns":8}],"seed_played":"9013632744318067625","potions_obtained":[{"floor":2,"key":"Regen Potion"},{"floor":5,"key":"DistilledChaos"},{"floor":8,"key":"EssenceOfSteel"},{"floor":11,"key":"Strength Potion"},{"floor":11,"key":"Regen Potion"},{"floor":11,"key":"Explosive Potion"},{"floor":14,"key":"Explosive Potion"},{"floor":18,"key":"Block Potion"},{"floor":22,"key":"Dexterity Potion"},{"floor":25,"key":"LiquidMemories"},{"floor":31,"key":"DistilledChaos"},{"floor":33,"key":"DistilledChaos"},{"floor":34,"key":"Ancient Potion"},{"floor":42,"key":"LiquidBronze"},{"floor":45,"key":"FairyPotion"}],"is_trial":false,"path_per_floor":["M","M","?","?","M","E","R","E","T","E","?","$","M","M","R","B",null,"M","?","M","?","M","E","R","E","T","?","R","$","R","E","R","B",null,"M","?","?","$","M","E","R","E","T","R","M","M","M","$","R","B",null],"character_chosen":"DEFECT","items_purchased":["Conserve Battery","Gash","Question Card","BootSequence","Turbo","Bronze Scales","FairyPotion","Recycle","Apotheosis"],"campfire_rested":5,"item_purchase_floors":[12,12,29,29,29,38,38,38,48],"current_hp_per_floor":[56,56,56,56,55,30,52,44,44,23,23,23,29,40,62,35,65,56,28,35,35,34,23,45,35,35,50,50,50,72,75,75,48,73,80,80,80,80,77,33,57,68,68,68,80,80,80,80,80,80],"gold":72,"neow_bonus":"ONE_RARE_RELIC","is_daily":false,"chose_seed":false,"campfire_upgraded":2,"win_rate":0.0,"timestamp":1607699621,"path_taken":["M","M","?","?","?","E","R","E","T","E","?","$","M","M","R","BOSS","M","?","M","?","M","E","R","E","T","?","R","$","R","E","R","BOSS","M","?","?","$","M","E","R","E","T","R","M","M","?","$","R","BOSS"],"items_purchased_type":["Card","Card","Relic","Card","Card","Relic","Potion","Card","Card"],"build_version":"2020-11-30","purchased_purges":3,"victory":true,"max_hp_per_floor":[75,75,75,75,75,75,75,75,75,75,75,75,75,75,75,75,75,75,75,75,75,75,75,75,75,75,75,75,75,75,75,75,75,80,80,80,80,80,80,80,80,80,80,80,80,80,80,80,80,80],"card_choices":[{"not_picked":["Turbo","Gash"],"picked":"Rebound","floor":1},{"not_picked":["Leap","Stack"],"picked":"Streamline","floor":2},{"not_picked":["Beam Cell","Ball Lightning"],"picked":"Undo","floor":5},{"not_picked":["Stack","Consume"],"picked":"Chill","floor":6},{"not_picked":["Gash","Static Discharge"],"picked":"Self Repair","floor":8},{"not_picked":["Reboot","Lockon"],"picked":"Barrage","floor":10},{"not_picked":["Fusion","Cold Snap"],"picked":"Leap","floor":13},{"not_picked":["Rebound","Buffer"],"picked":"FTL","floor":14},{"not_picked":["Machine Learning","Creative AI"],"picked":"Echo Form","floor":16},{"not_picked":["Barrage+1","Force Field+1"],"picked":"Turbo+1","floor":18},{"not_picked":["FTL+1","Steam Power+1"],"picked":"Cold Snap+1","floor":19},{"not_picked":["Redo","Melter"],"picked":"Tempest+1","floor":20},{"not_picked":["Melter+1","Steam","Undo"],"picked":"SKIP","floor":22},{"not_picked":["Barrage","Reprogram"],"picked":"Gash+1","floor":23},{"not_picked":["Buffer","Hologram"],"picked":"Glacier","floor":25},{"not_picked":["Conserve Battery","Stack"],"picked":"Go for the Eyes","floor":27},{"not_picked":["Steam","Hyperbeam","Sweeping Beam"],"picked":"Redo+1","floor":31},{"not_picked":["All For One","Reboot","Rainbow"],"picked":"Core Surge","floor":33},{"not_picked":["Blizzard","Hologram","Streamline"],"picked":"Self Repair","floor":34},{"not_picked":["Cold Snap+1","Redo+1","Rebound+1"],"picked":"Defragment+1","floor":35},{"not_picked":["Barrage","Steam","Darkness"],"picked":"Coolheaded+1","floor":39},{"not_picked":["Auto Shields","Barrage","Steam+1"],"picked":"Cold Snap+1","floor":40},{"not_picked":["Hologram","Sunder","Ball Lightning+1"],"picked":"Defragment+1","floor":41},{"not_picked":["Beam Cell","Chill+1","Barrage"],"picked":"Aggregate","floor":42},{"not_picked":["Cold Snap+1","Beam Cell+1","Storm"],"picked":"Chaos","floor":45},{"not_picked":["Stack+1","Go for the Eyes","Redo+1"],"picked":"Capacitor","floor":46},{"not_picked":["Chaos+1","Streamline+1","Heatsinks+1"],"picked":"Fusion+1","floor":47}],"player_experience":243624,"relics_obtained":[{"floor":6,"key":"WingedGreaves"},{"floor":8,"key":"CeramicFish"},{"floor":9,"key":"Peace Pipe"},{"floor":10,"key":"Gremlin Horn"},{"floor":19,"key":"Red Mask"},{"floor":23,"key":"Bottled Tornado"},{"floor":25,"key":"TungstenRod"},{"floor":26,"key":"Ginger"},{"floor":27,"key":"Dead Branch"},{"floor":27,"key":"InkBottle"},{"floor":31,"key":"Dream Catcher"},{"floor":40,"key":"Matryoshka"},{"floor":42,"key":"Emotion Chip"},{"floor":43,"key":"Blood Vial"},{"floor":43,"key":"Mercury Hourglass"}],"event_choices":[{"cards_removed":["Strike_B"],"damage_healed":0,"gold_gain":0,"player_choice":"Forget","damage_taken":0,"max_hp_gain":0,"max_hp_loss":0,"event_name":"Living Wall","floor":3,"gold_loss":0},{"damage_healed":0,"gold_gain":0,"player_choice":"Gave Potion","damage_taken":0,"relics_obtained":["Incense Burner"],"max_hp_gain":0,"max_hp_loss":0,"event_name":"WeMeetAgain","floor":4,"gold_loss":0},{"damage_healed":0,"gold_gain":0,"player_choice":"Got Potions","damage_taken":0,"max_hp_gain":0,"max_hp_loss":0,"event_name":"Lab","floor":11,"gold_loss":0},{"damage_healed":0,"gold_gain":0,"player_choice":"Fought Bandits","damage_taken":0,"max_hp_gain":0,"max_hp_loss":0,"event_name":"Masked Bandits","floor":19,"gold_loss":0},{"cards_removed":["Defend_B"],"damage_healed":0,"gold_gain":0,"player_choice":"Elegance","damage_taken":0,"max_hp_gain":0,"max_hp_loss":0,"event_name":"Back to Basics","floor":21,"gold_loss":0},{"damage_healed":0,"gold_gain":0,"player_choice":"Fight","damage_taken":0,"max_hp_gain":0,"max_hp_loss":0,"event_name":"Colosseum","floor":27,"gold_loss":0},{"damage_healed":0,"gold_gain":0,"player_choice":"Fought Nobs","damage_taken":0,"max_hp_gain":0,"max_hp_loss":0,"event_name":"Colosseum","floor":27,"gold_loss":0},{"damage_healed":0,"gold_gain":222,"player_choice":"Wore Mask","damage_taken":0,"max_hp_gain":0,"max_hp_loss":0,"event_name":"Tomb of Lord Red Mask","floor":36,"gold_loss":0},{"damage_healed":0,"gold_gain":0,"player_choice":"Upgraded","damage_taken":0,"max_hp_gain":0,"max_hp_loss":0,"event_name":"Upgrade Shrine","floor":37,"gold_loss":0,"cards_upgraded":["Chill"]}],"is_beta":false,"boss_relics":[{"not_picked":["Velvet Choker","Snecko Eye"],"picked":"Nuclear Battery"},{"not_picked":["Pandora\u0027s Box","Runic Pyramid"],"picked":"Tiny House"}],"items_purged_floors":[12,29,38],"is_endless":false,"potions_floor_spawned":[2,5,8,14,18,22,25,31,33,42,45,46],"ascension_level":9}}