{"host":"2se5dq1do2gp0x9k","time":1607659954,"event":{"mods":["AchievementEnabler","BaseMod","Block Reminder","Colored Map","Colored Powertips","Minty Spire (QoL Compilation)","Relic Stats","StSLib","SuperFastMode"],"gold_per_floor":[117,117,128,178,195,220,220,237,237,237,250,215,244,261,261,261,261],"floor_reached":16,"playtime":467,"items_purged":[],"score":224,"play_id":"17e2cfbf-ae38-4048-a64a-b203287924e5","local_time":"20201210201234","is_ascension_mode":true,"campfire_choices":[{"floor":10,"key":"REST"},{"floor":15,"key":"REST"}],"circlet_count":0,"master_deck":["AscendersBane","Strike_B","Strike_B","Strike_B","Strike_B","Defend_B","Defend_B","Defend_B","Defend_B","Zap","Dualcast","Reboot","Streamline","Sweeping Beam","Ball Lightning","Hologram","Self Repair","Streamline","Reboot","Leap","Amplify"],"relics":["Cracked Core","InkBottle","Blue Candle","Dream Catcher"],"acts_visited":["Exordium"],"potions_floor_usage":[7,16],"damage_taken":[{"damage":4,"enemies":"Small Slimes","floor":1,"turns":3},{"damage":0,"enemies":"2 Louse","floor":3,"turns":1},{"damage":6,"enemies":"Cultist","floor":5,"turns":3},{"damage":36,"enemies":"Gremlin Nob","floor":6,"turns":4},{"damage":0,"enemies":"Lagavulin Event","floor":7,"turns":2},{"damage":7,"enemies":"Large Slime","floor":8,"turns":5},{"damage":19,"enemies":"Looter","floor":11,"turns":3},{"damage":37,"enemies":"3 Sentries","floor":13,"turns":5},{"damage":0,"enemies":"2 Fungi Beasts","floor":14,"turns":2},{"damage":37,"enemies":"Hexaghost","floor":16,"turns":9}],"seed_played":"9216004751504416763","potions_obtained":[{"floor":5,"key":"LiquidBronze"},{"floor":6,"key":"SmokeBomb"},{"floor":13,"key":"PotionOfCapacity"}],"is_trial":false,"path_per_floor":["M","?","M","?","M","E","?","M","T","R","M","?","E","M","R","B"],"character_chosen":"DEFECT","items_purchased":[],"campfire_rested":2,"item_purchase_floors":[],"current_hp_per_floor":[60,65,65,65,59,23,23,16,16,38,26,45,15,15,37,0,0],"gold":261,"neow_bonus":"ONE_RANDOM_RARE_CARD","is_daily":false,"chose_seed":false,"campfire_upgraded":0,"win_rate":0.0,"timestamp":1607659954,"path_taken":["M","?","M","?","?","E","?","M","T","R","M","?","E","M","R","BOSS"],"items_purchased_type":[],"build_version":"2020-11-30","purchased_purges":0,"victory":false,"max_hp_per_floor":[71,76,76,76,76,76,76,76,76,76,76,76,76,76,76,76,76],"relic_stats":{"Dream Catcher":1,"counters":[10,37],"Blue Candle":[0],"obtain_stats":[{"Dream Catcher":13,"Blue Candle":9,"Cracked Core":0,"InkBottle":6},{"Dream Catcher":8,"Blue Candle":6,"Cracked Core":0,"InkBottle":4},{"Dream Catcher":26,"Blue Candle":18,"Cracked Core":0,"InkBottle":11}],"InkBottle":[7]},"card_choices":[{"not_picked":["Loop","Rebound"],"picked":"Streamline","floor":1},{"not_picked":["Coolheaded","Barrage"],"picked":"Sweeping Beam","floor":3},{"not_picked":["Multi-Cast","Cold Snap"],"picked":"Ball Lightning","floor":5},{"not_picked":["Gash","Sweeping Beam"],"picked":"Hologram","floor":6},{"not_picked":["Fusion","Go for the Eyes"],"picked":"Self Repair","floor":8},{"not_picked":["Ball Lightning","Cold Snap"],"picked":"Streamline","floor":11},{"not_picked":["Lockon","Redo"],"picked":"Reboot","floor":13},{"not_picked":["Sweeping Beam","Ball Lightning"],"picked":"Leap","floor":14},{"not_picked":["Redo","Self Repair"],"picked":"Amplify","floor":15}],"player_experience":3594123,"relics_obtained":[{"floor":6,"key":"InkBottle"},{"floor":9,"key":"Blue Candle"},{"floor":13,"key":"Dream Catcher"}],"event_choices":[{"damage_healed":0,"gold_gain":0,"player_choice":"Donut","damage_taken":0,"max_hp_gain":5,"max_hp_loss":0,"event_name":"Big Fish","floor":2,"gold_loss":0},{"damage_healed":0,"gold_gain":50,"player_choice":"Pray","damage_taken":0,"max_hp_gain":0,"max_hp_loss":0,"event_name":"Golden Shrine","floor":4,"gold_loss":0},{"damage_healed":0,"gold_gain":0,"player_choice":"Searched \u00271\u0027 times","damage_taken":0,"max_hp_gain":0,"max_hp_loss":0,"event_name":"Dead Adventurer","floor":7,"gold_loss":0},{"damage_healed":19,"gold_gain":0,"player_choice":"Healed","damage_taken":0,"max_hp_gain":0,"max_hp_loss":0,"event_name":"The Cleric","floor":12,"gold_loss":35}],"is_beta":false,"boss_relics":[],"items_purged_floors":[],"is_endless":false,"potions_floor_spawned":[5,6,13,14],"killed_by":"Hexaghost","ascension_level":20}}