{"host":"1n288js6hgq5nx1s","time":1607684213,"event":{"mods":["AchievementEnabler","BaseMod","Block Reminder","Colored Map","Colored Powertips","Googly Eyes","Minty Spire (QoL Compilation)","Quick Restart","Rare Cards Sparkle","StSLib","The Necromancer","The Servant 0.9.4"],"gold_per_floor":[114,129,144,144,159,159,174,174,174,189,204,234,33,33,33],"floor_reached":14,"playtime":575,"items_purged":[],"score":94,"play_id":"490e3d4f-3e05-471a-ba23-dd81264b19f7","local_time":"20201211145653","daily_mods":["Heirloom","Green Cards","DeadlyEvents"],"is_ascension_mode":false,"campfire_choices":[{"data":"Perseverance","floor":6.0,"key":"SMITH"},{"data":"BattleHymn","floor":8.0,"key":"SMITH"}],"circlet_count":0,"master_deck":["Strike_P","Strike_P","Strike_P","Strike_P","Defend_P","Defend_P","Defend_P","Defend_P","Eruption","Vigilance","CrushJoints","EmptyFist","BattleHymn+1","Perseverance+1","SignatureMove","ReachHeaven","Well Laid Plans+1","WreathOfFlame","Finisher","Fasting2+1","Deep Breath"],"relics":["PureWater","Mango","Matryoshka","Mummified Hand","Frozen Egg 2","Bag of Marbles"],"acts_visited":["Exordium"],"potions_floor_usage":[12],"damage_taken":[{"damage":0.0,"enemies":"2 Louse","floor":1.0,"turns":2.0},{"damage":2.0,"enemies":"Small Slimes","floor":2.0,"turns":3.0},{"damage":0.0,"enemies":"Jaw Worm","floor":3.0,"turns":2.0},{"damage":7.0,"enemies":"Looter","floor":5.0,"turns":3.0},{"damage":14.0,"enemies":"3 Louse","floor":7.0,"turns":3.0},{"damage":0.0,"enemies":"Large Slime","floor":10.0,"turns":3.0},{"damage":16,"enemies":"Lots of Slimes","floor":11,"turns":3},{"damage":18,"enemies":"Lagavulin","floor":12,"turns":4},{"damage":4,"enemies":"3 Sentries","floor":14,"turns":2}],"seed_played":"-551933171069321123","potions_obtained":[{"floor":5.0,"key":"Regen Potion"},{"floor":11,"key":"Fire Potion"},{"floor":12,"key":"Dexterity Potion"}],"is_trial":false,"path_per_floor":["M","M","M","?","M","R","M","R","T","M","M","E","$","E"],"character_chosen":"WATCHER","items_purchased":["Finisher","Fasting2+1","Deep Breath"],"campfire_rested":0,"item_purchase_floors":[13,13,13],"current_hp_per_floor":[86,84,84,72,65,65,51,51,51,51,35,17,17,13,13],"gold":33,"neow_bonus":"","is_daily":true,"chose_seed":false,"campfire_upgraded":2,"win_rate":0.0,"timestamp":1607684213,"path_taken":["M","M","M","?","M","R","M","R","T","M","M","E","$","E"],"items_purchased_type":["Card","Undefined","Card"],"build_version":"2020-11-30","purchased_purges":0,"victory":false,"max_hp_per_floor":[86,86,86,86,86,86,86,86,86,86,86,86,86,86,86],"card_choices":[{"not_picked":["ThirdEye","Slice"],"picked":"CrushJoints","floor":1.0},{"not_picked":["Dagger Throw","EmptyMind"],"picked":"EmptyFist","floor":2.0},{"not_picked":["SignatureMove","Calculated Gamble"],"picked":"BattleHymn","floor":3.0},{"not_picked":["Outmaneuver","Evaluate"],"picked":"Perseverance","floor":5.0},{"not_picked":["Catalyst","FlyingSleeves"],"picked":"SignatureMove","floor":7.0},{"not_picked":["Pray","Protect"],"picked":"ReachHeaven","floor":10.0},{"not_picked":["EmptyFist","JustLucky"],"picked":"Well Laid Plans+1","floor":11},{"not_picked":["Flechettes","Blade Dance"],"picked":"WreathOfFlame","floor":12}],"player_experience":60928,"relics_obtained":[{"floor":9.0,"key":"Mummified Hand"},{"floor":9.0,"key":"Frozen Egg 2"},{"floor":12,"key":"Bag of Marbles"}],"event_choices":[{"damage_healed":0.0,"max_hp_gain":0.0,"max_hp_loss":0.0,"gold_gain":0.0,"event_name":"Scrap Ooze","player_choice":"Success","floor":4.0,"gold_loss":0.0,"damage_taken":12.0,"relics_obtained":["Matryoshka"]}],"is_beta":false,"boss_relics":[],"items_purged_floors":[],"is_endless":false,"potions_floor_spawned":[5,11,12],"killed_by":"3 Sentries","ascension_level":0}}