{"host":"o2evyl5sbrgotc3u","time":1607681709,"event":{"mods":["AchievementEnabler","BaseMod","Colored Map","DeckTracker","Faster Ascension Climbing","Keyboard Shortcuts","Minty Spire (QoL Compilation)","Permanent Neow","Quick Restart","Relic Stats","StSLib","SuperFastMode","everything is the same but u backflip on backflip"],"gold_per_floor":[111,111,61,61,86,86,126,149,149,149,227,246,266,59,59,185,185,198,198,212,237,237,237,268,284,308,333,333,83,117,32,32,32,32],"floor_reached":33,"playtime":973,"items_purged":["Strike_B","Defend_B"],"score":367,"play_id":"558c7701-a18a-4de2-9f8d-a967cd4a9c48","local_time":"20201211191509","is_ascension_mode":true,"campfire_choices":[{"data":"1","floor":6.0,"key":"LIFT"},{"data":"2","floor":10.0,"key":"LIFT"},{"data":"Dualcast","floor":15.0,"key":"SMITH"},{"data":"Ghostly","floor":23.0,"key":"SMITH"},{"data":"Ghostly","floor":28.0,"key":"SMITH"},{"floor":32.0,"key":"DIG"}],"circlet_count":0,"master_deck":["Strike_B","Defend_B","Defend_B","Defend_B","Zap","Dualcast+1","Ball Lightning","Sweeping Beam","Glacier","Rebound","Electrodynamics","Conserve Battery","Coolheaded","Conserve Battery","Capacitor","Core Surge","Chill+1","Ghostly+1","Ghostly+1","Ghostly","Ghostly","Ghostly","Seek","Storm+1"],"relics":["Cracked Core","Girya","Golden Idol","Mummified Hand","Lantern","Omamori","Cursed Key","White Beast Statue","Bronze Scales","Runic Capacitor","Shovel","Molten Egg 2","Sundial"],"acts_visited":["Exordium","TheCity"],"potions_floor_usage":[33,33],"damage_taken":[{"damage":3.0,"enemies":"2 Louse","floor":1.0,"turns":2.0},{"damage":0.0,"enemies":"Small Slimes","floor":5.0,"turns":2.0},{"damage":25.0,"enemies":"3 Sentries","floor":7.0,"turns":5.0},{"damage":1.0,"enemies":"Jaw Worm","floor":8.0,"turns":3.0},{"damage":16.0,"enemies":"Gremlin Nob","floor":11.0,"turns":3.0},{"damage":0.0,"enemies":"Red Slaver","floor":12.0,"turns":1.0},{"damage":0.0,"enemies":"Looter","floor":13.0,"turns":3.0},{"damage":2.0,"enemies":"Hexaghost","floor":16.0,"turns":10.0},{"damage":5.0,"enemies":"Spheric Guardian","floor":18.0,"turns":4.0},{"damage":2.0,"enemies":"Chosen","floor":20.0,"turns":4.0},{"damage":6.0,"enemies":"3 Cultists","floor":21.0,"turns":4.0},{"damage":6.0,"enemies":"Slavers","floor":24.0,"turns":5.0},{"damage":1.0,"enemies":"Snake Plant","floor":25.0,"turns":4.0},{"damage":0.0,"enemies":"Centurion and Healer","floor":27.0,"turns":6.0},{"damage":1.0,"enemies":"Book of Stabbing","floor":30.0,"turns":5.0},{"damage":29,"enemies":"Champ","floor":33,"turns":12}],"seed_played":"1084024606350069933","potions_obtained":[{"floor":1.0,"key":"Energy Potion"},{"floor":12.0,"key":"Ancient Potion"},{"floor":13.0,"key":"Regen Potion"},{"floor":18.0,"key":"CultistPotion"},{"floor":20.0,"key":"Swift Potion"},{"floor":25.0,"key":"SkillPotion"}],"is_trial":false,"path_per_floor":["M","?","?","?","M","R","E","M","T","R","?","M","M","$","R","B",null,"M","?","M","M","?","R","E","M","T","M","R","$","E","?","R","B"],"character_chosen":"DEFECT","items_purchased":["Conserve Battery","Capacitor","Runic Capacitor"],"campfire_rested":0,"item_purchase_floors":[14,14,29],"current_hp_per_floor":[51,51,51,44,44,44,19,18,18,18,2,2,2,2,2,15,69,64,64,62,56,34,34,28,27,27,27,27,27,26,26,26,0,0],"gold":32,"neow_bonus":"ONE_RARE_RELIC","is_daily":false,"chose_seed":false,"campfire_upgraded":3,"win_rate":0.0,"timestamp":1607681709,"path_taken":["M","?","?","?","M","R","E","M","T","R","?","M","M","$","R","BOSS","M","?","M","M","?","R","E","M","T","M","R","$","E","?","R","BOSS"],"items_purchased_type":["Card","Card","Relic"],"build_version":"2020-11-30","purchased_purges":2,"victory":false,"max_hp_per_floor":[75,69,69,69,69,69,69,69,69,69,69,69,69,69,69,69,69,69,69,69,69,34,34,34,34,34,34,34,34,34,34,34,34,34],"relic_stats":{"Shovel":1,"counters":[16,73],"Golden Idol":107,"Mummified Hand":[21],"Sundial":[2],"Bronze Scales":[63],"Cursed Key":1,"obtain_stats":[{"Girya":0,"Lantern":9,"Golden Idol":2,"Omamori":11,"Runic Capacitor":29,"Cursed Key":17,"White Beast Statue":24,"Shovel":30,"Mummified Hand":7,"Sundial":32,"Bronze Scales":26,"Molten Egg 2":31,"Cracked Core":0},{"Girya":0,"Lantern":4,"Golden Idol":1,"Omamori":5,"Runic Capacitor":14,"Cursed Key":8,"White Beast Statue":12,"Shovel":15,"Mummified Hand":3,"Sundial":15,"Bronze Scales":13,"Molten Egg 2":15,"Cracked Core":0},{"Girya":0,"Lantern":12,"Golden Idol":2,"Omamori":15,"Runic Capacitor":56,"Cursed Key":29,"White Beast Statue":46,"Shovel":61,"Mummified Hand":9,"Sundial":61,"Bronze Scales":50,"Molten Egg 2":61,"Cracked Core":0}]},"card_choices":[{"not_picked":["Heatsinks","Redo"],"picked":"Ball Lightning","floor":1.0},{"not_picked":["Ball Lightning","Rebound"],"picked":"Sweeping Beam","floor":5.0},{"not_picked":["Reinforced Body","Melter"],"picked":"Glacier","floor":7.0},{"not_picked":["Hologram","Redo"],"picked":"Rebound","floor":8.0},{"not_picked":["Cold Snap","Consume"],"picked":"Electrodynamics","floor":11.0},{"not_picked":["Cold Snap","Steam"],"picked":"Conserve Battery","floor":12.0},{"not_picked":["Hologram","Steam"],"picked":"Coolheaded","floor":13.0},{"not_picked":["Buffer","Seek"],"picked":"Core Surge","floor":16.0},{"not_picked":["Sweeping Beam+1","Skim","Beam Cell"],"picked":"SKIP","floor":18.0},{"not_picked":["Double Energy+1","Scrape+1"],"picked":"Chill+1","floor":20.0},{"not_picked":["Static Discharge+1","Aggregate","Rebound"],"picked":"SKIP","floor":21.0},{"not_picked":["Barrage","Beam Cell+1"],"picked":"Seek","floor":24.0},{"not_picked":["Turbo","Darkness","Conserve Battery"],"picked":"SKIP","floor":25.0},{"not_picked":["Fusion","Go for the Eyes","Beam Cell"],"picked":"SKIP","floor":27.0},{"not_picked":["White Noise","Redo"],"picked":"Storm+1","floor":30.0}],"player_experience":276024,"relics_obtained":[{"floor":7.0,"key":"Mummified Hand"},{"floor":9.0,"key":"Lantern"},{"floor":11.0,"key":"Omamori"},{"floor":24.0,"key":"White Beast Statue"},{"floor":26.0,"key":"Bronze Scales"},{"floor":30.0,"key":"Shovel"},{"floor":32.0,"key":"Sundial"}],"event_choices":[{"damage_healed":0.0,"max_hp_gain":0.0,"max_hp_loss":6.0,"gold_gain":0.0,"event_name":"Golden Idol","player_choice":"Lose Max HP","floor":2.0,"gold_loss":0.0,"damage_taken":0.0,"relics_obtained":["Golden Idol"]},{"cards_removed":["Strike_B"],"damage_healed":0.0,"max_hp_gain":0.0,"max_hp_loss":0.0,"gold_gain":0.0,"event_name":"The Cleric","player_choice":"Card Removal","floor":3.0,"gold_loss":50.0,"damage_taken":0.0},{"cards_removed":["Strike_B"],"damage_healed":0.0,"max_hp_gain":0.0,"max_hp_loss":0.0,"gold_gain":0.0,"event_name":"Golden Wing","player_choice":"Card Removal","floor":4.0,"gold_loss":0.0,"damage_taken":7.0},{"damage_healed":0.0,"max_hp_gain":0.0,"max_hp_loss":0.0,"gold_gain":0.0,"event_name":"Dead Adventurer","player_choice":"Searched \u00272\u0027 times","floor":11.0,"gold_loss":0.0,"damage_taken":0.0},{"damage_healed":0.0,"max_hp_gain":0.0,"max_hp_loss":0.0,"gold_gain":0.0,"event_name":"Vampires","player_choice":"Ignored","floor":19.0,"gold_loss":0.0,"damage_taken":0.0},{"damage_healed":0.0,"max_hp_gain":0.0,"max_hp_loss":35.0,"gold_gain":0.0,"event_name":"Ghosts","player_choice":"Became a Ghost","floor":22.0,"gold_loss":0.0,"damage_taken":0.0,"cards_obtained":["Ghostly","Ghostly","Ghostly","Ghostly","Ghostly"]},{"damage_healed":0.0,"max_hp_gain":0.0,"max_hp_loss":0.0,"gold_gain":0.0,"event_name":"Addict","player_choice":"Obtained Relic","floor":31.0,"gold_loss":85.0,"damage_taken":0.0,"relics_obtained":["Molten Egg 2"]}],"is_beta":false,"boss_relics":[{"not_picked":["Philosopher\u0027s Stone","FrozenCore"],"picked":"Cursed Key"}],"items_purged_floors":[14,29],"is_endless":false,"potions_floor_spawned":[1,12,13,18,20,25,27,30],"killed_by":"Champ","ascension_level":4}}