{"host":"Ilker","time":1607716008,"event":{"mods":["BaseMod","Bestiary","Block Reminder","Colored Map","DeckTracker","Highlight Path","Minty Spire (QoL Compilation)","Quick Restart","Relic Sorter","Relic Stats"],"gold_per_floor":[115,130,144,160,160,160,160],"floor_reached":6,"playtime":524,"items_purged":[],"score":76,"play_id":"802241d2-ccb7-4516-9008-5885690d6dc0","local_time":"20201211224648","is_ascension_mode":true,"campfire_choices":[],"circlet_count":0,"master_deck":["AscendersBane","Strike_R","Strike_R","Strike_R","Strike_R","Defend_R","Defend_R","Defend_R","Defend_R","Bash","Battle Trance","Shockwave","Dropkick","Thunderclap","True Grit","Dark Embrace","Warcry"],"relics":["Burning Blood","Prayer Wheel"],"acts_visited":["Exordium"],"potions_floor_usage":[6,6],"damage_taken":[{"damage":21.0,"enemies":"Jaw Worm","floor":1.0,"turns":5.0},{"damage":4.0,"enemies":"Cultist","floor":2.0,"turns":3.0},{"damage":4.0,"enemies":"Small Slimes","floor":3.0,"turns":4.0},{"damage":5.0,"enemies":"Blue Slaver","floor":4.0,"turns":6.0},{"damage":48,"enemies":"Lagavulin","floor":6,"turns":8}],"seed_played":"3420962989558521643","potions_obtained":[{"floor":2.0,"key":"Fruit Juice"},{"floor":3.0,"key":"SteroidPotion"},{"floor":4.0,"key":"GamblersBrew"}],"is_trial":false,"path_per_floor":["M","M","M","M","?","E"],"character_chosen":"IRONCLAD","items_purchased":[],"campfire_rested":0,"item_purchase_floors":[],"current_hp_per_floor":[35,37,39,45,45,0,0],"gold":160,"neow_bonus":"ONE_RARE_RELIC","is_daily":false,"chose_seed":false,"campfire_upgraded":0,"win_rate":0.0,"timestamp":1607716008,"path_taken":["M","M","M","M","?","E"],"items_purchased_type":[],"build_version":"2020-12-07","purchased_purges":0,"victory":false,"max_hp_per_floor":[75,75,75,80,80,80,80],"relic_stats":{"counters":[5,26],"Prayer Wheel":4,"obtain_stats":[{"Prayer Wheel":0,"Burning Blood":0},{"Prayer Wheel":0,"Burning Blood":0},{"Prayer Wheel":0,"Burning Blood":0}],"Burning Blood":24},"card_choices":[{"not_picked":["Shockwave","Cleave"],"picked":"Battle Trance","floor":1.0},{"not_picked":["Cleave","Sword Boomerang"],"picked":"Shockwave","floor":1.0},{"not_picked":["Evolve","Warcry"],"picked":"Dropkick","floor":2.0},{"not_picked":["Inflame","Havoc"],"picked":"Thunderclap","floor":2.0},{"not_picked":["Warcry","Thunderclap"],"picked":"True Grit","floor":3.0},{"not_picked":["Sword Boomerang","Barricade","Blood for Blood"],"picked":"SKIP","floor":3.0},{"not_picked":["Metallicize","Cleave"],"picked":"Dark Embrace","floor":4.0},{"not_picked":["Anger","Twin Strike"],"picked":"Warcry","floor":4.0}],"player_experience":1622678,"relics_obtained":[],"event_choices":[{"cards_removed":["Strike_R"],"damage_healed":0.0,"max_hp_gain":0.0,"max_hp_loss":0.0,"gold_gain":0.0,"event_name":"Bonfire Elementals","player_choice":"Offered Basic","floor":5.0,"gold_loss":0.0,"damage_taken":0.0}],"is_beta":true,"boss_relics":[],"items_purged_floors":[],"is_endless":false,"potions_floor_spawned":[2,3,4],"killed_by":"Lagavulin","ascension_level":20}}