{"host":"u2dm6glrpyjr66v9","time":1607667478,"event":{"mods":["AchievementEnabler","BaseMod","CapriCore","Colored Map","Colored Powertips","DeckTracker","Friendly Minions","Minty Spire (QoL Compilation)","Quick Restart","StSLib","SuperFastMode","The Immortal"],"gold_per_floor":[111,111,122,122,138,158,123,143,193,210,239,19,19,36,36,138,138,155,155,155,155,170,170,170],"floor_reached":23,"playtime":676,"items_purged":[],"score":193,"play_id":"e1a6ac55-2321-4f72-a9ca-57dd73785959","local_time":"20201211151758","is_ascension_mode":false,"campfire_choices":[{"floor":13,"key":"REST"},{"floor":15,"key":"REST"}],"circlet_count":0,"master_deck":["Strike_B+1","Strike_B+1","Strike_B+1","Strike_B+1","Defend_B+1","Defend_B+1","Defend_B+1","Defend_B+1","Zap","Dualcast","BootSequence+1","Barrage+1","Sunder","Heatsinks","Melter+1","Self Repair","Steam","Echo Form","Reprogram","Necronomicurse","RitualDagger","Steam"],"relics":["Cracked Core","Pen Nib","Shuriken","War Paint","Whetstone","SlaversCollar","Necronomicon"],"acts_visited":["Exordium","TheCity"],"potions_floor_usage":[11,16],"damage_taken":[{"damage":5,"enemies":"Small Slimes","floor":1,"turns":3},{"damage":0,"enemies":"2 Louse","floor":3,"turns":2},{"damage":0,"enemies":"Jaw Worm","floor":5,"turns":2},{"damage":8,"enemies":"Lots of Slimes","floor":6,"turns":3},{"damage":0,"enemies":"Exordium Thugs","floor":8,"turns":2},{"damage":0,"enemies":"2 Fungi Beasts","floor":10,"turns":2},{"damage":35,"enemies":"3 Sentries","floor":11,"turns":7},{"damage":0,"enemies":"Blue Slaver","floor":14,"turns":3},{"damage":78,"enemies":"Hexaghost","floor":16,"turns":10},{"damage":35,"enemies":"Shell Parasite","floor":18,"turns":6},{"damage":0,"enemies":"2 Thieves","floor":22,"turns":2},{"damage":41,"enemies":"3 Cultists","floor":23,"turns":6}],"seed_played":"-3723526082176689312","potions_obtained":[{"floor":3,"key":"LiquidMemories"},{"floor":8,"key":"Energy Potion"},{"floor":11,"key":"FairyPotion"},{"floor":16,"key":"Dexterity Potion"},{"floor":22,"key":"DuplicationPotion"}],"is_trial":false,"path_per_floor":["M","?","M","?","M","M","?","M","T","M","E","$","R","M","R","B",null,"M","?","?","?","M","M"],"character_chosen":"DEFECT","items_purchased":["Self Repair","Whetstone"],"campfire_rested":2,"item_purchase_floors":[12,12],"current_hp_per_floor":[70,52,52,37,37,29,47,47,47,47,12,12,34,41,63,17,75,47,31,25,25,32,0,0],"gold":170,"neow_bonus":"RANDOM_COMMON_RELIC","is_daily":false,"chose_seed":false,"campfire_upgraded":0,"win_rate":0.0,"timestamp":1607667478,"path_taken":["M","?","M","?","M","M","?","M","T","M","E","?","R","?","R","BOSS","M","?","?","?","M","M"],"items_purchased_type":["Card","Relic"],"build_version":"2020-11-30","purchased_purges":0,"victory":false,"max_hp_per_floor":[75,75,75,75,75,75,75,75,75,75,75,75,75,75,75,75,75,75,75,75,75,75,75,75],"card_choices":[{"not_picked":["Beam Cell","Stack"],"picked":"BootSequence","floor":1},{"not_picked":["Steam Power","Force Field"],"picked":"Barrage","floor":3},{"not_picked":["Auto Shields","Turbo"],"picked":"Sunder","floor":5},{"not_picked":["Turbo","Compile Driver"],"picked":"Heatsinks","floor":6},{"not_picked":["Compile Driver","Stack","Tempest"],"picked":"SKIP","floor":8},{"not_picked":["Doom and Gloom","BootSequence","Coolheaded"],"picked":"SKIP","floor":10},{"not_picked":["Steam","Beam Cell"],"picked":"Melter","floor":11},{"not_picked":["Hologram","Conserve Battery"],"picked":"Steam","floor":14},{"not_picked":["Amplify","Electrodynamics"],"picked":"Echo Form","floor":16},{"not_picked":["Aggregate+1","Heatsinks"],"picked":"Reprogram","floor":18},{"not_picked":["Cold Snap+1","Steam Power"],"picked":"Steam","floor":22}],"player_experience":43156,"relics_obtained":[{"floor":11,"key":"War Paint"},{"floor":19,"key":"Necronomicon"}],"event_choices":[{"damage_healed":0,"gold_gain":0,"player_choice":"Success","damage_taken":18,"relics_obtained":["Shuriken"],"max_hp_gain":0,"max_hp_loss":0,"event_name":"Scrap Ooze","floor":2,"gold_loss":0},{"damage_healed":0,"gold_gain":0,"player_choice":"Entered Light","damage_taken":15,"max_hp_gain":0,"max_hp_loss":0,"event_name":"Shining Light","floor":4,"gold_loss":0,"cards_upgraded":["BootSequence","Barrage"]},{"damage_healed":18,"gold_gain":0,"player_choice":"Healed","damage_taken":0,"max_hp_gain":0,"max_hp_loss":0,"event_name":"The Cleric","floor":7,"gold_loss":35},{"damage_healed":0,"gold_gain":0,"player_choice":"Obtained Book","damage_taken":16,"max_hp_gain":0,"max_hp_loss":0,"event_name":"Cursed Tome","floor":19,"gold_loss":0},{"damage_healed":0,"gold_gain":0,"player_choice":"Joined the Cult","damage_taken":6,"max_hp_gain":0,"max_hp_loss":0,"event_name":"Nest","floor":20,"gold_loss":0,"cards_obtained":["RitualDagger"]},{"damage_healed":0,"gold_gain":0,"player_choice":"Simplicity","damage_taken":0,"max_hp_gain":0,"max_hp_loss":0,"event_name":"Back to Basics","floor":21,"gold_loss":0,"cards_upgraded":["Strike_B","Strike_B","Strike_B","Defend_B","Defend_B"]}],"is_beta":false,"boss_relics":[{"not_picked":["Philosopher\u0027s Stone","Pandora\u0027s Box"],"picked":"SlaversCollar"}],"items_purged_floors":[],"is_endless":false,"potions_floor_spawned":[3,8,11,16,22],"killed_by":"3 Cultists","ascension_level":0}}