{"host":"10zqi976ywvus8mh","time":1607657610,"event":{"mods":["AchievementEnabler","Act Like it!","BaseMod","Block Reminder","Colored Map","Colored Powertips","Googly Eyes","Minty Spire (QoL Compilation)","Quick Restart","Rare Cards Sparkle","Relic Stats","StSLib","everything is the same but u backflip on backflip"],"gold_per_floor":[114,114,129,144,319,349,364,379,379,394,394,394,424,454,454,554,554,569,668,583,598,289,289,334,334,334,359,359,404,449,479,479,579,579,594,265,265,107,122,122,152,152,152,182,182,197,197,212,212,212],"floor_reached":51,"playtime":1657,"items_purged":["Doubt","Strike_P"],"score":870,"play_id":"71b4bf96-2086-4cc8-9eb3-b27737b63ff3","local_time":"20201210223330","daily_mods":["Heirloom","Green Cards","DeadlyEvents"],"is_ascension_mode":false,"campfire_choices":[{"data":"Eruption","floor":11,"key":"SMITH"},{"data":"Predator","floor":15,"key":"SMITH"},{"data":"Wish","floor":23,"key":"SMITH"},{"data":"SandsOfTime","floor":25,"key":"SMITH"},{"data":"Blade Dance","floor":28,"key":"SMITH"},{"data":"Die Die Die","floor":32,"key":"SMITH"},{"data":"Backstab","floor":40,"key":"SMITH"},{"data":"Leg Sweep","floor":42,"key":"SMITH"},{"data":"Tantrum","floor":45,"key":"SMITH"},{"floor":49,"key":"REST"}],"circlet_count":0,"master_deck":["Strike_P+1","Strike_P","Defend_P","Defend_P","Defend_P","Defend_P","Eruption+1","Vigilance","Blade Dance+1","EmptyFist","Dash+1","Backstab+1","BowlingBash","Tantrum+1","ClearTheMind","Predator+1","Establishment+1","CurseOfTheBell","SashWhip+1","SandsOfTime+1","Wish+1","Wireheading+1","EmptyFist+1","ThirdEye","FlurryOfBlows+1","Die Die Die+1","CrushJoints+1","Leg Sweep+1","A Thousand Cuts+1","CutThroughFate+1","CarveReality+1","FearNoEvil+1","EmptyBody+1"],"relics":["PureWater","Mango","Matryoshka","Bag of Marbles","Mummified Hand","Frozen Egg 2","Orichalcum","Singing Bowl","Ornamental Fan","Thread and Needle","Calling Bell","MealTicket","TeardropLocket","Lizard Tail","CaptainsWheel","Shuriken","Akabeko","Dream Catcher","Sozu","Chemical X","Anchor","Bottled Flame","Whetstone","Pocketwatch"],"acts_visited":["Exordium","TheCity","TheBeyond"],"potions_floor_usage":[16,18,24,50,50,50],"damage_taken":[{"damage":0,"enemies":"2 Louse","floor":1,"turns":2},{"damage":0,"enemies":"Small Slimes","floor":3,"turns":1},{"damage":1,"enemies":"Jaw Worm","floor":4,"turns":2},{"damage":44,"enemies":"Lagavulin","floor":6,"turns":10},{"damage":0,"enemies":"Looter","floor":7,"turns":2},{"damage":0,"enemies":"3 Louse","floor":8,"turns":1},{"damage":0,"enemies":"Large Slime","floor":10,"turns":2},{"damage":0,"enemies":"3 Sentries","floor":13,"turns":2},{"damage":0,"enemies":"Gremlin Nob","floor":14,"turns":1},{"damage":26,"enemies":"The Guardian","floor":16,"turns":10},{"damage":0,"enemies":"3 Byrds","floor":18,"turns":2},{"damage":0,"enemies":"Chosen","floor":21,"turns":3},{"damage":5,"enemies":"Sentry and Sphere","floor":24,"turns":4},{"damage":0,"enemies":"Centurion and Healer","floor":29,"turns":3},{"damage":0,"enemies":"Shelled Parasite and Fungi","floor":30,"turns":2},{"damage":2,"enemies":"Book of Stabbing","floor":31,"turns":4},{"damage":20,"enemies":"Automaton","floor":33,"turns":4},{"damage":0,"enemies":"Orb Walker","floor":35,"turns":2},{"damage":0,"enemies":"3 Darklings","floor":39,"turns":2},{"damage":1,"enemies":"Giant Head","floor":41,"turns":5},{"damage":4,"enemies":"Nemesis","floor":44,"turns":5},{"damage":0,"enemies":"Sphere and 2 Shapes","floor":46,"turns":2},{"damage":0,"enemies":"Maw","floor":48,"turns":4},{"damage":17,"enemies":"Awakened One","floor":50,"turns":7}],"seed_played":"-551933171069321123","potions_obtained":[{"floor":6,"key":"Regen Potion"},{"floor":10,"key":"Fire Potion"},{"floor":13,"key":"Dexterity Potion"},{"floor":14,"key":"SteroidPotion"},{"floor":16,"key":"SkillPotion"},{"floor":24,"key":"BlessingOfTheForge"},{"floor":29,"key":"Explosive Potion"},{"floor":31,"key":"Strength Potion"}],"is_trial":false,"path_per_floor":["M","?","M","M","?","E","M","M","T","M","R","T","E","E","R","B",null,"M","?","?","M","$","R","M","R","T","T","R","M","M","E","R","B",null,"M","$","?","$","M","R","E","R","T","E","R","M","T","M","R","B",null],"character_chosen":"WATCHER","items_purchased":["Wish","Wireheading+1","Chemical X","Leg Sweep","A Thousand Cuts+1"],"campfire_rested":1,"item_purchase_floors":[22,22,36,36,38],"current_hp_per_floor":[86,83,83,82,82,38,38,38,38,38,38,38,40,40,40,14,88,88,88,88,88,88,88,83,83,83,83,83,83,83,81,81,63,90,90,90,90,90,90,90,89,89,89,87,87,87,87,89,94,82],"gold":212,"neow_bonus":"","is_daily":true,"chose_seed":false,"campfire_upgraded":9,"win_rate":0.0,"timestamp":1607657610,"path_taken":["M","?","M","M","?","E","?","M","T","M","R","?","?","E","R","BOSS","M","?","?","M","$","R","M","R","T","?","R","?","M","E","R","BOSS","M","?","?","$","?","R","E","R","T","E","R","M","?","M","R","BOSS"],"items_purchased_type":["Card","Undefined","Relic","Card","Undefined"],"build_version":"2020-11-30","purchased_purges":2,"victory":true,"max_hp_per_floor":[86,86,86,86,86,86,86,86,86,86,86,86,88,88,88,88,88,88,88,88,88,88,88,88,88,88,88,88,88,88,88,88,90,90,90,90,90,90,90,90,90,90,90,92,92,92,92,94,94,94],"relic_stats":{"Singing Bowl":8,"counters":[24,82],"Whetstone":["Strike_P","Dash"],"Orichalcum":[48],"Sozu":1,"Lizard Tail":0,"Dream Catcher":1,"Mummified Hand":[31],"Ornamental Fan":[176],"Shuriken":[34],"MealTicket":0,"Chemical X":[1],"obtain_stats":[{"Singing Bowl":12,"Mango":0,"Thread and Needle":14,"TeardropLocket":17,"Whetstone":44,"Frozen Egg 2":9,"Orichalcum":12,"Akabeko":27,"Calling Bell":17,"Sozu":34,"Lizard Tail":17,"CaptainsWheel":20,"Dream Catcher":31,"Anchor":41,"Bottled Flame":43,"Matryoshka":2,"Mummified Hand":9,"Ornamental Fan":13,"Shuriken":26,"MealTicket":17,"Bag of Marbles":6,"Chemical X":36,"PureWater":0,"Pocketwatch":47},{"Singing Bowl":7,"Mango":0,"Thread and Needle":9,"TeardropLocket":10,"Whetstone":21,"Frozen Egg 2":6,"Orichalcum":7,"Akabeko":13,"Calling Bell":10,"Sozu":17,"Lizard Tail":10,"CaptainsWheel":11,"Dream Catcher":16,"Anchor":20,"Bottled Flame":20,"Matryoshka":1,"Mummified Hand":6,"Ornamental Fan":8,"Shuriken":13,"MealTicket":10,"Bag of Marbles":4,"Chemical X":18,"PureWater":0,"Pocketwatch":22},{"Singing Bowl":20,"Mango":0,"Thread and Needle":23,"TeardropLocket":33,"Whetstone":69,"Frozen Egg 2":18,"Orichalcum":20,"Akabeko":42,"Calling Bell":33,"Sozu":55,"Lizard Tail":33,"CaptainsWheel":35,"Dream Catcher":51,"Anchor":64,"Bottled Flame":64,"Matryoshka":2,"Mummified Hand":18,"Ornamental Fan":22,"Shuriken":42,"MealTicket":33,"Bag of Marbles":15,"Chemical X":57,"PureWater":0,"Pocketwatch":71}],"Pocketwatch":[3]},"card_choices":[{"not_picked":["Prostrate","SashWhip"],"picked":"Blade Dance","floor":1},{"not_picked":["Outmaneuver","Collect"],"picked":"EmptyFist","floor":3},{"not_picked":["ReachHeaven","Adaptation"],"picked":"Dash","floor":4},{"not_picked":["Sucker Punch","WreathOfFlame"],"picked":"Backstab","floor":6},{"not_picked":["Crippling Poison","Adaptation"],"picked":"BowlingBash","floor":7},{"not_picked":["DeceiveReality","EmptyBody"],"picked":"Tantrum","floor":8},{"not_picked":["Concentrate","EmptyFist"],"picked":"ClearTheMind","floor":10},{"not_picked":["All Out Attack","Deadly Poison","Perseverance"],"picked":"Singing Bowl","floor":13},{"not_picked":["EmptyFist","ReachHeaven"],"picked":"Predator","floor":14},{"not_picked":["Tools of the Trade+1","Malaise"],"picked":"Establishment+1","floor":16},{"not_picked":["Dodge and Roll+1","Deadly Poison"],"picked":"SashWhip+1","floor":18},{"not_picked":["Crescendo","FlurryOfBlows"],"picked":"SandsOfTime","floor":21},{"not_picked":["Predator","Acrobatics"],"picked":"EmptyFist+1","floor":24},{"not_picked":["Calculated Gamble","Bouncing Flask"],"picked":"ThirdEye","floor":29},{"not_picked":["Wireheading+1","Worship"],"picked":"FlurryOfBlows+1","floor":30},{"not_picked":["Crescendo+1","Halt"],"picked":"Die Die Die","floor":31},{"not_picked":["Establishment+1","Night Terror","Unload"],"picked":"Singing Bowl","floor":33},{"not_picked":["Underhanded Strike","Halt"],"picked":"CrushJoints+1","floor":35},{"not_picked":["Sucker Punch+1","Sanctity"],"picked":"CutThroughFate+1","floor":39},{"not_picked":["Deadly Poison+1","Pray+1"],"picked":"CarveReality+1","floor":41},{"not_picked":["FollowUp","Sucker Punch","InnerPeace"],"picked":"Singing Bowl","floor":44},{"not_picked":["ReachHeaven","Wireheading+1"],"picked":"FearNoEvil+1","floor":46},{"not_picked":["Sucker Punch+1","Consecrate","FollowUp+1"],"picked":"Singing Bowl","floor":48},{"not_picked":["Bane","Study+1"],"picked":"EmptyBody+1","floor":49}],"player_experience":1513870,"relics_obtained":[{"floor":6,"key":"Bag of Marbles"},{"floor":9,"key":"Mummified Hand"},{"floor":9,"key":"Frozen Egg 2"},{"floor":12,"key":"Orichalcum"},{"floor":12,"key":"Singing Bowl"},{"floor":13,"key":"Ornamental Fan"},{"floor":14,"key":"Thread and Needle"},{"floor":17,"key":"MealTicket"},{"floor":17,"key":"TeardropLocket"},{"floor":17,"key":"Lizard Tail"},{"floor":26,"key":"Shuriken"},{"floor":27,"key":"Akabeko"},{"floor":31,"key":"Dream Catcher"},{"floor":41,"key":"Anchor"},{"floor":43,"key":"Bottled Flame"},{"floor":44,"key":"Whetstone"},{"floor":47,"key":"Pocketwatch"}],"event_choices":[{"damage_healed":0,"gold_gain":0,"player_choice":"Success","damage_taken":3,"relics_obtained":["Matryoshka"],"max_hp_gain":0,"max_hp_loss":0,"event_name":"Scrap Ooze","floor":2,"gold_loss":0},{"damage_healed":0,"gold_gain":175,"player_choice":"AGREE","damage_taken":0,"max_hp_gain":0,"max_hp_loss":0,"event_name":"Liars Game","floor":5,"gold_loss":0,"cards_obtained":["Doubt"]},{"damage_healed":0,"gold_gain":99,"player_choice":"Stole From Cult","damage_taken":0,"max_hp_gain":0,"max_hp_loss":0,"event_name":"Nest","floor":19,"gold_loss":0},{"damage_healed":0,"gold_gain":0,"player_choice":"Obtained Relic","damage_taken":0,"relics_obtained":["CaptainsWheel"],"max_hp_gain":0,"max_hp_loss":0,"event_name":"Addict","floor":20,"gold_loss":85},{"cards_removed":["Strike_P"],"damage_healed":0,"gold_gain":0,"player_choice":"Removed Attack","damage_taken":0,"max_hp_gain":0,"max_hp_loss":0,"event_name":"Falling","floor":37,"gold_loss":0}],"is_beta":false,"boss_relics":[{"not_picked":["Black Star","Empty Cage"],"picked":"Calling Bell"},{"not_picked":["Snecko Eye","Busted Crown"],"picked":"Sozu"}],"items_purged_floors":[22,36],"is_endless":false,"potions_floor_spawned":[6,10,13,14,16,24,29,31,33,39,41,44,48],"ascension_level":0}}