{"host":"2pgz2fctomabfk86","time":1607712911,"event":{"mods":["AchievementEnabler","BaseMod","Colored Map","DeckTracker","Minty Spire (QoL Compilation)","StSLib","SuperFastMode"],"gold_per_floor":[116,116,116,116,116,135,135,156,183,202,223,247,247,281,281,372,372,387,412,412,168,168,168,68,107,107,131,131,155,180,180,180,278,278,303,316,332,332,332,368,78,78,78,34,34,47,47,70,70,70],"floor_reached":51,"playtime":2310,"items_purged":["Fusion","Heatsinks","Self Repair"],"score":1278,"play_id":"6f8c24ff-fb2b-4eb2-95fc-856806efcbc7","local_time":"20201212035511","is_ascension_mode":true,"campfire_choices":[{"data":"Darkness","floor":13.0,"key":"SMITH"},{"data":"Consume","floor":15.0,"key":"SMITH"},{"data":"Coolheaded","floor":23.0,"key":"SMITH"},{"data":"Double Energy","floor":28.0,"key":"SMITH"},{"data":"Dualcast","floor":32.0,"key":"SMITH"},{"data":"Defragment","floor":45,"key":"SMITH"},{"data":"Biased Cognition","floor":47,"key":"SMITH"},{"data":"Loop","floor":49,"key":"SMITH"}],"circlet_count":0,"master_deck":["AscendersBane","Dualcast+1","Go for the Eyes","Auto Shields","Darkness+1","Glacier","Consume+1","Double Energy+1","FTL","Self Repair","Undo","Coolheaded+1","Redo","Genetic Algorithm","Loop+1","Turbo","Biased Cognition+1","Loop+1","Deep Breath","Secret Technique","Defragment+1","Capacitor"],"relics":["Coffee Dripper","Golden Idol","Singing Bowl","Blood Vial","Odd Mushroom","Pandora\u0027s Box","OrangePellets","Orichalcum","Ornamental Fan","Sozu","DataDisk","Bag of Preparation","Happy Flower"],"acts_visited":["Exordium","TheCity","TheBeyond"],"potions_floor_usage":[50],"damage_taken":[{"damage":8.0,"enemies":"Small Slimes","floor":1.0,"turns":3.0},{"damage":11.0,"enemies":"Jaw Worm","floor":6.0,"turns":4.0},{"damage":2.0,"enemies":"2 Louse","floor":8.0,"turns":3.0},{"damage":1.0,"enemies":"2 Fungi Beasts","floor":10.0,"turns":4.0},{"damage":9.0,"enemies":"Gremlin Gang","floor":11.0,"turns":7.0},{"damage":13.0,"enemies":"Large Slime","floor":12.0,"turns":5.0},{"damage":18.0,"enemies":"The Mushroom Lair","floor":14.0,"turns":4.0},{"damage":7.0,"enemies":"Hexaghost","floor":16.0,"turns":9.0},{"damage":15.0,"enemies":"2 Thieves","floor":18.0,"turns":4.0},{"damage":13.0,"enemies":"Shell Parasite","floor":19.0,"turns":9.0},{"damage":47.0,"enemies":"Gremlin Leader","floor":25.0,"turns":9.0},{"damage":38.0,"enemies":"3 Cultists","floor":27.0,"turns":6.0},{"damage":8.0,"enemies":"Snecko","floor":29.0,"turns":4.0},{"damage":12.0,"enemies":"Snake Plant","floor":30.0,"turns":4.0},{"damage":59.0,"enemies":"Automaton","floor":33.0,"turns":9.0},{"damage":24.0,"enemies":"3 Shapes","floor":35.0,"turns":11.0},{"damage":1.0,"enemies":"Orb Walker","floor":36.0,"turns":6.0},{"damage":8.0,"enemies":"Spire Growth","floor":37.0,"turns":5.0},{"damage":0.0,"enemies":"Transient","floor":39.0,"turns":1.0},{"damage":53,"enemies":"Reptomancer","floor":40,"turns":11},{"damage":14,"enemies":"3 Darklings","floor":46,"turns":5},{"damage":0,"enemies":"Maw","floor":48,"turns":5},{"damage":12,"enemies":"Donu and Deca","floor":50,"turns":8}],"seed_played":"4910533974428655817","potions_obtained":[{"floor":8.0,"key":"Swift Potion"},{"floor":10.0,"key":"FearPotion"},{"floor":11.0,"key":"Dexterity Potion"},{"floor":12.0,"key":"FocusPotion"},{"floor":19.0,"key":"Swift Potion"},{"floor":27.0,"key":"Block Potion"},{"floor":29.0,"key":"Dexterity Potion"},{"floor":33.0,"key":"SmokeBomb"}],"is_trial":false,"path_per_floor":["M","?","T","?","$","M","?","M","T","M","M","M","R","?","R","B",null,"M","M","?","$","?","R","$","E","T","M","R","M","M","?","R","B",null,"M","M","M","?","M","E","$","?","T","$","R","M","R","M","R","B",null],"character_chosen":"DEFECT","items_purchased":["OrangePellets","Bag of Preparation","Defragment"],"campfire_rested":0,"item_purchase_floors":[21,41,44],"current_hp_per_floor":[56,56,56,56,56,45,41,41,41,42,35,24,24,8,8,5,52,53,58,58,58,58,58,58,29,29,62,62,72,69,69,69,26,62,54,71,78,74,74,37,37,29,29,29,29,24,24,35,35,32],"gold":70,"neow_bonus":"BOSS_RELIC","is_daily":false,"chose_seed":false,"campfire_upgraded":8,"win_rate":0.0,"timestamp":1607712911,"path_taken":["M","?","?","?","$","M","?","M","T","M","?","M","R","?","R","BOSS","M","M","?","$","?","R","$","E","T","?","R","M","M","?","R","BOSS","M","?","M","?","M","E","$","?","T","$","R","M","R","M","R","BOSS"],"items_purchased_type":["Relic","Relic","Card"],"build_version":"2020-11-30","purchased_purges":3,"victory":true,"max_hp_per_floor":[71,64,64,64,64,64,64,66,66,66,66,66,66,66,66,68,68,68,70,70,70,70,70,70,72,72,72,72,74,74,74,74,74,74,74,76,78,74,74,76,76,78,78,78,78,78,78,80,80,80],"card_choices":[{"not_picked":["Rebound","Barrage"],"picked":"Go for the Eyes","floor":1.0},{"not_picked":["Go for the Eyes","Stack"],"picked":"Auto Shields","floor":6.0},{"not_picked":["Steam Power","Barrage","Steam"],"picked":"Singing Bowl","floor":8.0},{"not_picked":["Go for the Eyes","Blizzard"],"picked":"Heatsinks","floor":10.0},{"not_picked":["Coolheaded","Core Surge"],"picked":"Darkness","floor":11.0},{"not_picked":["Gash","Barrage"],"picked":"Glacier","floor":12.0},{"not_picked":["Beam Cell","Ball Lightning"],"picked":"Consume","floor":14.0},{"not_picked":["All For One","Meteor Strike","Echo Form"],"picked":"Singing Bowl","floor":16.0},{"not_picked":["Streamline","Loop+1"],"picked":"Redo","floor":18.0},{"not_picked":["Gash","Static Discharge","Redo"],"picked":"Singing Bowl","floor":19.0},{"not_picked":["Chill+1","Recycle","Go for the Eyes"],"picked":"Singing Bowl","floor":25.0},{"not_picked":["Rebound","Barrage"],"picked":"Loop+1","floor":27.0},{"not_picked":["Heatsinks","Redo","Fusion"],"picked":"Singing Bowl","floor":29.0},{"not_picked":["White Noise","Darkness"],"picked":"Turbo","floor":30.0},{"not_picked":["Core Surge","Meteor Strike"],"picked":"Biased Cognition","floor":33.0},{"not_picked":["Compile Driver+1","Coolheaded"],"picked":"Loop","floor":35.0},{"not_picked":["Steam","Undo","Turbo"],"picked":"Singing Bowl","floor":36.0},{"not_picked":["Compile Driver","Rip and Tear+1","White Noise"],"picked":"Singing Bowl","floor":37.0},{"not_picked":["Blizzard","Scrape","Gash"],"picked":"Singing Bowl","floor":40},{"not_picked":["Panacea","Chrysalis"],"picked":"Deep Breath","floor":42},{"not_picked":["Dramatic Entrance","Panache","Dark Shackles"],"picked":"Singing Bowl","floor":42},{"not_picked":["Impatience","Panacea"],"picked":"Secret Technique","floor":42},{"not_picked":["Storm","Ball Lightning"],"picked":"Capacitor","floor":46},{"not_picked":["Turbo+1","Rebound","Beam Cell"],"picked":"Singing Bowl","floor":48}],"player_experience":914444,"relics_obtained":[{"floor":3.0,"key":"Singing Bowl"},{"floor":9.0,"key":"Blood Vial"},{"floor":14.0,"key":"Odd Mushroom"},{"floor":25.0,"key":"Orichalcum"},{"floor":26.0,"key":"Ornamental Fan"},{"floor":40,"key":"DataDisk"},{"floor":43,"key":"Happy Flower"}],"event_choices":[{"damage_healed":0.0,"max_hp_gain":0.0,"max_hp_loss":7.0,"gold_gain":0.0,"event_name":"Golden Idol","player_choice":"Lose Max HP","floor":2.0,"gold_loss":0.0,"damage_taken":0.0,"relics_obtained":["Golden Idol"]},{"damage_healed":0.0,"max_hp_gain":0.0,"max_hp_loss":0.0,"gold_gain":0.0,"event_name":"Shining Light","player_choice":"Ignored","floor":4.0,"gold_loss":0.0,"damage_taken":0.0},{"damage_healed":0.0,"max_hp_gain":0.0,"max_hp_loss":0.0,"gold_gain":0.0,"event_name":"The Woman in Blue","player_choice":"Bought 0 Potions","floor":7.0,"gold_loss":0.0,"damage_taken":0.0},{"damage_healed":0.0,"max_hp_gain":0.0,"max_hp_loss":0.0,"gold_gain":0.0,"event_name":"Mushrooms","player_choice":"Fought Mushrooms","floor":14.0,"gold_loss":0.0,"damage_taken":0.0},{"damage_healed":0.0,"max_hp_gain":0.0,"max_hp_loss":0.0,"gold_gain":0.0,"event_name":"Ghosts","player_choice":"Ignored","floor":20.0,"gold_loss":0.0,"damage_taken":0.0},{"damage_healed":0.0,"max_hp_gain":0.0,"max_hp_loss":0.0,"gold_gain":0.0,"cards_transformed":["FTL"],"event_name":"Transmorgrifier","player_choice":"Transformed","floor":22.0,"gold_loss":0.0,"damage_taken":0.0,"cards_obtained":["Genetic Algorithm"]},{"cards_removed":["Zap"],"damage_healed":0.0,"max_hp_gain":0.0,"max_hp_loss":0.0,"gold_gain":0.0,"event_name":"Purifier","player_choice":"Purged","floor":31.0,"gold_loss":0.0,"damage_taken":0.0},{"damage_healed":0.0,"max_hp_gain":0.0,"max_hp_loss":4.0,"gold_gain":0.0,"event_name":"Winding Halls","player_choice":"Max HP","floor":38.0,"gold_loss":0.0,"damage_taken":0.0},{"damage_healed":0,"gold_gain":0,"player_choice":"Memory 3","damage_taken":10,"max_hp_gain":0,"max_hp_loss":0,"event_name":"SensoryStone","floor":42,"gold_loss":0}],"is_beta":false,"boss_relics":[{"not_picked":["SacredBark","Fusion Hammer"],"picked":"Pandora\u0027s Box"},{"not_picked":["Busted Crown","Black Star"],"picked":"Sozu"}],"items_purged_floors":[21,24,41],"is_endless":false,"potions_floor_spawned":[8,10,11,12,14,19,27,29,33,40,46,48],"ascension_level":17}}