{"host":"gc6vr5n3q8f0hswe","time":1607694732,"event":{"mods":["Act Like it!","Aspiration","BaseMod","Better Altar","Better Sensory Stone","Better Third Choice","Block Reminder","Conspire","Gensokyo","Hallownest","Highlight Path","Hubris","Infinite Spire","Lobotomy","LobotomyExtend","MarisaÅiñ∂âJÅ@ñÇóùçπÅj","Minty Spire (QoL Compilation)","Pale of the Ancients","Relic Stats","Replay The Spire","Somnambulant","StSLib","The Alterego","The Bug Knight","The Jungle","The Poker Player","The Wild Card","Uncapped","Wandering Minibosses","vexMod"],"gold_per_floor":[118,118,18,38,118,145,159,169,194,259,292,165,180,190,190,289,289,309,309,309,584,601,601,601,601],"floor_reached":24,"playtime":2074,"items_purged":["alterego_mod:Strike"],"score":206,"play_id":"fe1ed2e3-b266-4850-bea4-6456707a04ee","local_time":"20201211135212","is_ascension_mode":false,"campfire_choices":[{"data":"alterego_mod:Schoolgirl","floor":15,"key":"SMITH"},{"data":"alterego_mod:Palingenesis","floor":23,"key":"SMITH"}],"circlet_count":0,"master_deck":["alterego_mod:Strike","alterego_mod:Strike","alterego_mod:Strike","alterego_mod:Defend","alterego_mod:Defend","alterego_mod:Defend","alterego_mod:Defend","alterego_mod:BigMeatyClaws","alterego_mod:BrynhildrsRune","alterego_mod:DeftHands","alterego_mod:Bounce","alterego_mod:BustOut","alterego_mod:Jiggle","alterego_mod:Schoolgirl+1","alterego_mod:Nekomimi","alterego_mod:GachaTicket","alterego_mod:GoddessCore","alterego_mod:MagicResistance","alterego_mod:Alter","alterego_mod:Palingenesis+1","Regret","alterego_mod:RidiculouslyBig+1"],"relics":["alterego_mod:MasochisticConstitution","aspiration:Nostalgia","PureWater","Happy Flower","Shuriken","StoneCalendar","Lantern","infinitespire:Lucky Rock","conspire:DecoderRing","ReplayTheSpireMod:DimensionalGlitch"],"acts_visited":["Exordium","Gensokyo:Gensokyo"],"potions_floor_usage":[16,16,24,24],"damage_taken":[{"damage":14,"enemies":"Gensokyo:2_Kodama","floor":1,"turns":9},{"damage":2,"enemies":"Gensokyo:Gryphon","floor":4,"turns":7},{"damage":6,"enemies":"Gensokyo:Mamizou","floor":6,"turns":11},{"damage":1,"enemies":"Gensokyo:3_Fairies","floor":7,"turns":6},{"damage":21,"enemies":"Gensokyo:CorruptedTreant","floor":8,"turns":5},{"damage":4,"enemies":"Gensokyo:Cirno","floor":11,"turns":8},{"damage":0,"enemies":"Gensokyo:LivingMonolith","floor":13,"turns":3},{"damage":13,"enemies":"Gensokyo:Python_and_Kodama","floor":14,"turns":7},{"damage":34,"enemies":"Gensokyo:Reimu","floor":16,"turns":16},{"damage":4,"enemies":"theJungle:GiantWrat","floor":18,"turns":8},{"damage":50,"enemies":"theJungle:5_Spyders","floor":22,"turns":11},{"damage":145,"enemies":"theJungle:Cassacara","floor":24,"turns":17}],"seed_played":"-4485693621362728637","potions_obtained":[{"floor":1,"key":"GamblersBrew"},{"floor":4,"key":"Explosive Potion"},{"floor":6,"key":"Milkshake"},{"floor":10,"key":"Energy Potion"},{"floor":10,"key":"ColorlessPotion"},{"floor":11,"key":"PowerPotion"},{"floor":18,"key":"Death Potion"}],"is_trial":false,"path_per_floor":["M","?","?","M","?","E","M","M","T","?","?","$","M","M","R","B",null,"M","?","?","?","M","R","E"],"character_chosen":"The_Alterego","items_purchased":["alterego_mod:GoddessCore"],"campfire_rested":0,"item_purchase_floors":[12],"current_hp_per_floor":[64,64,64,70,70,65,72,52,52,52,49,49,49,51,51,74,78,79,79,79,79,46,46,0,0],"gold":601,"neow_bonus":"NOSTALGIA","is_daily":false,"chose_seed":false,"campfire_upgraded":2,"win_rate":0.0,"timestamp":1607694732,"path_taken":["M","?","?","?","?","E","M","M","T","?","?","$","M","M","R","BOSS","M","?","?","?","M","R","E"],"items_purchased_type":["Card"],"build_version":"2020-11-30","purchased_purges":1,"victory":false,"max_hp_per_floor":[71,71,71,72,72,73,74,75,75,75,76,76,76,77,77,78,78,79,79,79,79,80,80,80,80],"relic_stats":{"Happy Flower":[33],"counters":[12,108],"Shuriken":[35],"StoneCalendar":[289],"obtain_stats":[{"alterego_mod:MasochisticConstitution":0,"Lantern":9,"Happy Flower":2,"aspiration:Nostalgia":0,"Shuriken":3,"conspire:DecoderRing":11,"StoneCalendar":6,"infinitespire:Lucky Rock":10,"PureWater":0,"ReplayTheSpireMod:DimensionalGlitch":17},{"alterego_mod:MasochisticConstitution":0,"Lantern":5,"Happy Flower":1,"aspiration:Nostalgia":0,"Shuriken":1,"conspire:DecoderRing":6,"StoneCalendar":3,"infinitespire:Lucky Rock":5,"PureWater":0,"ReplayTheSpireMod:DimensionalGlitch":9},{"alterego_mod:MasochisticConstitution":0,"Lantern":38,"Happy Flower":9,"aspiration:Nostalgia":0,"Shuriken":9,"conspire:DecoderRing":46,"StoneCalendar":27,"infinitespire:Lucky Rock":38,"PureWater":0,"ReplayTheSpireMod:DimensionalGlitch":72}]},"card_choices":[{"not_picked":["alterego_mod:Cycle","alterego_mod:Punishment"],"picked":"alterego_mod:DeftHands","floor":1},{"not_picked":["alterego_mod:PerceptionDisorder","alterego_mod:BiFurious"],"picked":"alterego_mod:Bounce","floor":4},{"not_picked":["alterego_mod:Undulate","alterego_mod:MaintainEyeContact"],"picked":"alterego_mod:BustOut","floor":6},{"not_picked":["alterego_mod:DeftHands","alterego_mod:IndependentAction"],"picked":"alterego_mod:Jiggle","floor":7},{"not_picked":["alterego_mod:Cooking","alterego_mod:Bloomers"],"picked":"alterego_mod:Schoolgirl","floor":8},{"not_picked":["alterego_mod:Birthday","alterego_mod:DustData"],"picked":"alterego_mod:Nekomimi","floor":10},{"not_picked":["alterego_mod:Rip","alterego_mod:BiFurious"],"picked":"alterego_mod:GachaTicket","floor":11},{"not_picked":["alterego_mod:Pet","alterego_mod:TrashNCrash"],"picked":"alterego_mod:MagicResistance","floor":13},{"not_picked":["alterego_mod:Lingerie","alterego_mod:MagicResistance"],"picked":"alterego_mod:Alter","floor":14},{"not_picked":["alterego_mod:STier","alterego_mod:AlterEgo"],"picked":"alterego_mod:Palingenesis","floor":16},{"not_picked":["alterego_mod:IndependentAction","alterego_mod:GachaTicket","alterego_mod:HighServant"],"picked":"SKIP","floor":18},{"not_picked":["alterego_mod:Rip","alterego_mod:Complex"],"picked":"alterego_mod:RidiculouslyBig+1","floor":22}],"player_experience":455686,"relics_obtained":[{"floor":6,"key":"StoneCalendar"},{"floor":9,"key":"Lantern"},{"floor":10,"key":"infinitespire:Lucky Rock"},{"floor":11,"key":"conspire:DecoderRing"}],"event_choices":[{"damage_healed":0,"gold_gain":275,"player_choice":"Desecrate","damage_taken":0,"max_hp_gain":0,"max_hp_loss":0,"event_name":"Golden Shrine","floor":21,"gold_loss":0,"cards_obtained":["Regret"]}],"is_beta":false,"boss_relics":[{"not_picked":["vexMod:FluxCapacitor","Kintsugi"],"picked":"ReplayTheSpireMod:DimensionalGlitch"}],"items_purged_floors":[12],"is_endless":false,"potions_floor_spawned":[1,4,6,11,18],"killed_by":"theJungle:Cassacara","ascension_level":0}}