{"host":"ea1gz0s8chhg5p89","time":1607685308,"event":{"mods":["Act Like it!","BaseMod","Gensokyo","Marisa£®ÏF”Í°°ƒß¿Ì…≥£©","Minty Spire (QoL Compilation)","Pale of the Ancients","Remilia£®¿Ÿ√◊¿Ú—«£©","StSLib","The Servant 0.9.4","Youmu£®ªÍ∆«—˝√Œ£©"],"gold_per_floor":[115,16,16,26,40,40,86,86,139,139,139,1,39,55,55,178,178,191,191,245,285,285,316,316,45,45,45,114,114,76,87,87,244,244,283,373,406,406,457,457,492,506,506,506,18,54,72,164,164,184,282,318,97,121,121,192,192,192,192,212],"floor_reached":61,"playtime":3100,"items_purged":["Strike_RM"],"score":1543,"play_id":"c0b34db7-f361-432f-8e16-55cbdbb4f216","local_time":"20201211191508","is_ascension_mode":false,"campfire_choices":[{"data":"VampireKiss","floor":8.0,"key":"SMITH"},{"floor":11.0,"key":"REST"},{"data":"BloodyMagicSquare","floor":15.0,"key":"SMITH"},{"data":"CurseOfVladTepes","floor":24.0,"key":"SMITH"},{"data":"ScarletShoot","floor":27.0,"key":"SMITH"},{"data":"BlasphemousPunishment","floor":32.0,"key":"SMITH"},{"data":"BloodySeventeenLaser","floor":40,"key":"SMITH"},{"data":"TransientEternity","floor":44,"key":"SMITH"},{"data":"ScarletMeister","floor":49,"key":"SMITH"},{"data":"ReincarnationDial","floor":55,"key":"SMITH"},{"data":"ScarletNetherworld","floor":57,"key":"SMITH"}],"circlet_count":0,"master_deck":["Defend_RM","RedMoon","ScarletShoot+1","VampireKiss+1","UnstableMagic","MastersStateliness","Septette","FavorOfDestiny","ScarletImprint","ChainGang","Stigmanizer","BloodyMagicSquare+1","MastersStateliness","VampirishNight","FavorOfDestiny","CurseOfVladTepes+1","BloodAndWine+1","Writhe","AfternoonTea","FitfulNightmare","ScarletSymphony","StarOfDavid","FitfulNightmare","VampireKiss","FavorOfDestiny","BloodySeventeenLaser+1","SuperhumanBloodyKnife","TransientEternity+1","EternalNight+1","HellCatastrophe+1","MiserableFate+1","EndlessAdversity+1","ScarletDream","UnderTheZenith+1","Acceleration+1","RedRainbow","DiffusionOfMisfortune+1","FavorOfDestiny+1","VampireSweep","ScarletMeister+1","LeisurelyOfLord","EternalNight+1","MillenniumVampire","ReincarnationDial+1","ScarletNetherworld+1","BloodHunter","Ultimatum","RedRainbow","BloodAndWine+1"],"relics":["ScarletHat","Nunchaku","Boot","APieceOfRedMist","Lizard Tail","Meat on the Bone","PreservedInsect","Bottled Flame","Orichalcum","Toy Ornithopter","Astrolabe","CatCart","Letter Opener","CaptainsWheel","Pen Nib","Calipers","paleoftheancients:Timepiece","CultistMask","paleoftheancients:SoulOfTheSilent","Bag of Preparation","Eternal Feather"],"acts_visited":["TheBeyond","paleoftheancients:PaleOfTheAncients"],"potions_floor_usage":[36,36,36,39,46,46,50,50,51,51,52,52,52,56,56,60,60,60],"damage_taken":[{"damage":0.0,"enemies":"Small Slimes","floor":1.0,"turns":3.0},{"damage":0.0,"enemies":"2 Louse","floor":4.0,"turns":5.0},{"damage":0.0,"enemies":"Jaw Worm","floor":5.0,"turns":6.0},{"damage":73.0,"enemies":"Gremlin Nob","floor":7.0,"turns":8.0},{"damage":0.0,"enemies":"Exordium Wildlife","floor":13.0,"turns":7.0},{"damage":3.0,"enemies":"Exordium Thugs","floor":14.0,"turns":5.0},{"damage":16.0,"enemies":"Hexaghost","floor":16.0,"turns":9.0},{"damage":38.0,"enemies":"Chosen","floor":18.0,"turns":3.0},{"damage":23.0,"enemies":"Shell Parasite","floor":20.0,"turns":6.0},{"damage":15.0,"enemies":"Snake Plant","floor":21.0,"turns":6.0},{"damage":7.0,"enemies":"Book of Stabbing","floor":23.0,"turns":6.0},{"damage":24.0,"enemies":"Gremlin Leader","floor":28.0,"turns":7.0},{"damage":32.0,"enemies":"3 Cultists","floor":31.0,"turns":4.0},{"damage":47.0,"enemies":"Champ","floor":33.0,"turns":8.0},{"damage":38.0,"enemies":"Orb Walker","floor":35.0,"turns":3.0},{"damage":51,"enemies":"Orin","floor":36,"turns":7},{"damage":26,"enemies":"3 Darklings","floor":37,"turns":5},{"damage":22,"enemies":"Sphere and 2 Shapes","floor":39,"turns":6},{"damage":42,"enemies":"Nemesis","floor":41,"turns":3},{"damage":16,"enemies":"Transient","floor":42,"turns":5},{"damage":34,"enemies":"4 Shapes","floor":46,"turns":5},{"damage":17,"enemies":"Jaw Worm Horde","floor":47,"turns":2},{"damage":18,"enemies":"Maw","floor":48,"turns":5},{"damage":29,"enemies":"Donu and Deca","floor":50,"turns":5},{"damage":158,"enemies":"Donu and Deca","floor":51,"turns":11},{"damage":205,"enemies":"Donu and Deca","floor":52,"turns":11},{"damage":72,"enemies":"Donu and Deca","floor":56,"turns":11},{"damage":211,"enemies":"paleoftheancients:N","floor":60,"turns":12}],"seed_played":"-8823260731347022679","potions_obtained":[{"floor":1.0,"key":"AttackPotion"},{"floor":4.0,"key":"ColorlessPotion"},{"floor":14.0,"key":"EssenceOfSteel"},{"floor":16.0,"key":"Ancient Potion"},{"floor":18.0,"key":"FearPotion"},{"floor":23.0,"key":"Dexterity Potion"},{"floor":31.0,"key":"Regen Potion"},{"floor":31.0,"key":"LiquidMemories"},{"floor":33.0,"key":"Block Potion"},{"floor":35.0,"key":"SkillPotion"},{"floor":36,"key":"Fruit Juice"},{"floor":37,"key":"Weak Potion"},{"floor":37,"key":"Weak Potion"},{"floor":39,"key":"Strength Potion"},{"floor":41,"key":"PowerPotion"},{"floor":46,"key":"FearPotion"},{"floor":48,"key":"Regen Potion"},{"floor":51,"key":"PowerPotion"},{"floor":51,"key":"SpeedPotion"},{"floor":51,"key":"SpeedPotion"},{"floor":52,"key":"SteroidPotion"},{"floor":52,"key":"DistilledChaos"},{"floor":56,"key":"Ancient Potion"},{"floor":56,"key":"DestinyDice"}],"is_trial":false,"path_per_floor":["M","$","?","M","M","?","E","R","T","?","R","$","M","M","R","B",null,"M","?","M","M","T","E","R","$","T","R","E","?","$","M","R","B",null,"M","?","M","?","M","R","E","M","T","R","$","M","M","M","R","B","M","M","$","T","R","M","R","T","?","B",null],"character_chosen":"REMILIA","items_purchased":["UnstableMagic","MastersStateliness","Stigmanizer","BloodyMagicSquare","MastersStateliness","StarOfDavid","FitfulNightmare","VampireKiss","FavorOfDestiny","SuperhumanBloodyKnife","Pen Nib","Calipers","VampireSweep","ScarletNetherworld","BloodHunter","Ultimatum","RedRainbow"],"campfire_rested":1,"item_purchase_floors":[2,2,12,12,12,25,25,25,25,30,45,45,45,53,53,53,53],"current_hp_per_floor":[75,75,68,68,73,73,6,6,6,6,28,28,31,32,32,32,75,46,46,29,21,21,45,45,45,45,45,48,48,48,49,49,49,75,42,41,31,31,41,41,30,42,42,42,42,31,35,52,52,80,66,54,54,54,54,67,67,67,67,58],"gold":212,"neow_bonus":"REMOVE_CARD","is_daily":false,"chose_seed":false,"campfire_upgraded":10,"win_rate":0.0,"timestamp":1607685308,"path_taken":["M","$","?","M","M","?","E","R","T","?","R","$","M","?","R","BOSS","M","?","M","M","?","E","R","$","T","R","E","?","?","?","R","BOSS","M","?","M","?","M","R","E","M","T","R","$","M","M","M","R","BOSS","M","M","?","T","R","M","R","T","?","BOSS"],"items_purchased_type":["Card","Card","Card","Card","Card","Card","Card","Card","Card","Card","Relic","Relic","Card","Card","Card","Card","Card"],"build_version":"2020-11-30","purchased_purges":1,"victory":true,"max_hp_per_floor":[75,75,75,75,75,75,75,75,75,75,75,75,75,75,75,75,75,75,75,75,75,75,75,75,75,75,75,75,75,75,75,75,75,75,75,80,80,80,80,80,80,80,80,80,80,80,80,80,80,80,80,80,80,80,80,80,80,80,80,80],"card_choices":[{"not_picked":["BloodAndWine","BlasphemousPunishment"],"picked":"VampireKiss","floor":1.0},{"not_picked":["CharismaGuard","RedRainbow"],"picked":"Septette","floor":4.0},{"not_picked":["EndlessAdversity","VampireSweep"],"picked":"FavorOfDestiny","floor":5.0},{"not_picked":["MastersStateliness","NightDance"],"picked":"ScarletImprint","floor":7.0},{"not_picked":["MastersStateliness","BloodRain"],"picked":"VampirishNight","floor":13.0},{"not_picked":["ChainGang","EndlessAdversity"],"picked":"FavorOfDestiny","floor":14.0},{"not_picked":["BloodyHallows","HeartBreak"],"picked":"CurseOfVladTepes","floor":16.0},{"not_picked":["BombardNight+1","FitfulNightmare"],"picked":"BloodAndWine+1","floor":18.0},{"not_picked":["ScarletGensokyo","ScarletImprint"],"picked":"AfternoonTea","floor":20.0},{"not_picked":["BloodHunter","BloodyTrap"],"picked":"FitfulNightmare","floor":21.0},{"not_picked":["ForbiddenFruit","EndlessAdversity"],"picked":"ScarletSymphony","floor":23.0},{"not_picked":["RedMagic","ScarletDevil"],"picked":"BloodySeventeenLaser","floor":28.0},{"not_picked":["UnderTheZenith","ChaoticDestiny"],"picked":"BlasphemousPunishment","floor":31.0},{"not_picked":["DemonKingCradle","KillingBlow"],"picked":"TransientEternity","floor":33.0},{"not_picked":["CharismaGuard+1","UnderTheZenith+1"],"picked":"EndlessAdversity+1","floor":35.0},{"not_picked":["ScarletImprint","BloodAndWine"],"picked":"ScarletDream","floor":36},{"not_picked":["BloodHunter+1","MastersStateliness"],"picked":"UnderTheZenith+1","floor":37},{"not_picked":["FavorOfDestiny+1","UnstableMagic"],"picked":"RedRainbow","floor":39},{"not_picked":["ScarletSymphony","Stigmanizer"],"picked":"DiffusionOfMisfortune+1","floor":41},{"not_picked":["MastersStateliness+1","CharismaGuard+1"],"picked":"FavorOfDestiny+1","floor":42},{"not_picked":["ScarletImprint+1","VampireKiss"],"picked":"ScarletMeister","floor":46},{"not_picked":["EndlessAdversity","FavorOfDestiny"],"picked":"LeisurelyOfLord","floor":47},{"not_picked":["DiffusionOfMisfortune","NightDance"],"picked":"EternalNight+1","floor":48},{"not_picked":["EmergencyRegeneration+1","DiffusionOfMisfortune+1"],"picked":"MillenniumVampire","floor":51},{"not_picked":["EmergencyRegeneration","RedNightlessCastle"],"picked":"ReincarnationDial","floor":52},{"not_picked":["CharismaGuard+1","BloodHunter"],"picked":"BloodAndWine+1","floor":56}],"player_experience":464481,"relics_obtained":[{"floor":7.0,"key":"Nunchaku"},{"floor":9.0,"key":"Boot"},{"floor":22.0,"key":"Meat on the Bone"},{"floor":23.0,"key":"PreservedInsect"},{"floor":26.0,"key":"Bottled Flame"},{"floor":28.0,"key":"Orichalcum"},{"floor":36,"key":"CatCart"},{"floor":41,"key":"Letter Opener"},{"floor":43,"key":"CaptainsWheel"},{"floor":52,"key":"paleoftheancients:SoulOfTheSilent"},{"floor":54,"key":"Bag of Preparation"},{"floor":58,"key":"Eternal Feather"}],"event_choices":[{"cards_removed":["Strike_RM"],"damage_healed":0.0,"max_hp_gain":0.0,"max_hp_loss":0.0,"gold_gain":0.0,"event_name":"Golden Wing","player_choice":"Card Removal","floor":3.0,"gold_loss":0.0,"damage_taken":7.0},{"damage_healed":0.0,"max_hp_gain":0.0,"max_hp_loss":0.0,"gold_gain":0.0,"event_name":"The Cleric","player_choice":"Leave","floor":6.0,"gold_loss":0.0,"damage_taken":0.0},{"damage_healed":0.0,"max_hp_gain":0.0,"max_hp_loss":0.0,"gold_gain":0.0,"cards_transformed":["Strike_RM"],"event_name":"Living Wall","player_choice":"Change","floor":10.0,"gold_loss":0.0,"damage_taken":0.0,"cards_obtained":["ChainGang"]},{"damage_healed":0.0,"max_hp_gain":0.0,"max_hp_loss":0.0,"gold_gain":0.0,"event_name":"The Mausoleum","player_choice":"Opened","floor":19.0,"gold_loss":0.0,"damage_taken":0.0,"relics_obtained":["Lizard Tail"],"cards_obtained":["Writhe"]},{"damage_healed":0,"gold_gain":0,"player_choice":"Fight","damage_taken":0,"max_hp_gain":0,"max_hp_loss":0,"event_name":"OrinTheCat","floor":36,"gold_loss":0},{"cards_removed":["BlasphemousPunishment"],"damage_healed":0,"gold_gain":0,"player_choice":"Took Card","damage_taken":0,"max_hp_gain":0,"max_hp_loss":0,"event_name":"NoteForYourself","floor":38,"gold_loss":0,"cards_obtained":["Acceleration"]}],"is_beta":false,"boss_relics":[{"not_picked":["SacredBark","Sozu"],"picked":"APieceOfRedMist"},{"not_picked":["Runic Dome","Coffee Dripper"],"picked":"Astrolabe"}],"items_purged_floors":[25],"is_endless":false,"potions_floor_spawned":[1,4,14,18,21,33,35,37,41,46,60],"ascension_level":0}}