{"host":"i2z4n8754xwu57nm","time":1607681539,"event":{"mods":["BaseMod","Minty Spire (QoL Compilation)"],"gold_per_floor":[111,111,111,111,261,261,274,274,323,340,352,29,29,29,29,29,29],"floor_reached":16,"playtime":289,"items_purged":["Doubt"],"score":172,"play_id":"71a51631-9c44-4bee-8a61-b30880d80cd7","local_time":"20201211191219","is_ascension_mode":true,"campfire_choices":[{"data":"Zap","floor":6,"key":"SMITH"},{"data":"Double Energy","floor":8,"key":"SMITH"},{"floor":15,"key":"REST"}],"circlet_count":0,"master_deck":["AscendersBane","Strike_B","Strike_B","Defend_B+1","Defend_B","Defend_B","Zap+1","Dualcast+1","Auto Shields","Double Energy+1","Ball Lightning","Loop","Chill"],"relics":["Cracked Core","Dream Catcher","ClockworkSouvenir","Golden Idol"],"acts_visited":["Exordium"],"potions_floor_usage":[10,11,16],"damage_taken":[{"damage":4,"enemies":"Jaw Worm","floor":1,"turns":3},{"damage":0,"enemies":"2 Louse","floor":7,"turns":3},{"damage":2,"enemies":"Small Slimes","floor":10,"turns":3},{"damage":2,"enemies":"Exordium Wildlife","floor":11,"turns":3},{"damage":36,"enemies":"The Guardian","floor":16,"turns":2}],"seed_played":"-953427851662829061","potions_obtained":[{"floor":1,"key":"AttackPotion"},{"floor":7,"key":"Fire Potion"},{"floor":11,"key":"Regen Potion"}],"is_trial":false,"path_per_floor":["M","?","?","?","?","R","M","R","T","M","M","$","?","$","R","B"],"character_chosen":"DEFECT","items_purchased":["ClockworkSouvenir","Loop"],"campfire_rested":1,"item_purchase_floors":[12,12],"current_hp_per_floor":[60,53,53,32,32,32,32,32,32,30,28,28,4,4,25,0,0],"gold":29,"neow_bonus":"REMOVE_CARD","is_daily":false,"chose_seed":false,"campfire_upgraded":2,"win_rate":0.0,"timestamp":1607681539,"path_taken":["M","?","?","?","?","R","M","R","T","?","M","$","?","$","R","BOSS"],"items_purchased_type":["Relic","Card"],"build_version":"2020-11-30","purchased_purges":1,"victory":false,"max_hp_per_floor":[71,71,71,71,71,71,71,71,71,71,71,71,71,71,71,71,71],"card_choices":[{"not_picked":["Barrage","Lockon"],"picked":"Auto Shields","floor":1},{"not_picked":["Barrage","Double Energy","Static Discharge"],"picked":"SKIP","floor":7},{"not_picked":["Barrage","Static Discharge"],"picked":"Double Energy","floor":7},{"not_picked":["Aggregate","Barrage"],"picked":"Ball Lightning","floor":10},{"not_picked":["Turbo","Auto Shields","Hologram"],"picked":"SKIP","floor":11},{"not_picked":["Force Field","Conserve Battery"],"picked":"Chill","floor":15}],"player_experience":924700,"relics_obtained":[{"floor":9,"key":"Dream Catcher"}],"event_choices":[{"cards_removed":["Strike_B"],"damage_healed":0,"gold_gain":0,"player_choice":"Card Removal","damage_taken":7,"max_hp_gain":0,"max_hp_loss":0,"event_name":"Golden Wing","floor":2,"gold_loss":0},{"cards_removed":["Defend_B"],"damage_healed":0,"gold_gain":0,"player_choice":"Forget","damage_taken":0,"max_hp_gain":0,"max_hp_loss":0,"event_name":"Living Wall","floor":3,"gold_loss":0},{"damage_healed":0,"gold_gain":0,"player_choice":"Entered Light","damage_taken":21,"max_hp_gain":0,"max_hp_loss":0,"event_name":"Shining Light","floor":4,"gold_loss":0,"cards_upgraded":["Defend_B","Dualcast"]},{"damage_healed":0,"gold_gain":150,"player_choice":"AGREE","damage_taken":0,"max_hp_gain":0,"max_hp_loss":0,"event_name":"Liars Game","floor":5,"gold_loss":0,"cards_obtained":["Doubt"]},{"damage_healed":0,"gold_gain":0,"player_choice":"Take Damage","damage_taken":24,"relics_obtained":["Golden Idol"],"max_hp_gain":0,"max_hp_loss":0,"event_name":"Golden Idol","floor":13,"gold_loss":0}],"is_beta":false,"boss_relics":[],"items_purged_floors":[12],"is_endless":false,"potions_floor_spawned":[1,7,11],"killed_by":"The Guardian","ascension_level":19}}