{"host":"RampantMystic","time":1607693526,"event":{"mods":["Act Like it!","BaseMod","Bestiary","Better Match","Better Third Choice","Better Vampires","Block Reminder","ChefMod","Conjunction","Dota2Spire","GifTheSpireLib","Infinite Spire","Menagerie","Minty Spire (QoL Compilation)","Potionbrewer","QueenMod","Rare Cards Sparkle","Relic Stats","Replay The Spire","Spicy Shops","StSLib","Stuff the Spire","Swap Starting Deck Mod","The Blue Laboratory","The Jungle","The Mystic","The Necromancer","The Runesmith","TheVacant","Thieving Mod","Wandering Minibosses"],"gold_per_floor":[110,35,35,49,63,63,76,76,103,122,122,156,156,173,173,268,268,283,283,208,93,111,111,139,139,189,189,208,208,221,221,221],"floor_reached":31,"playtime":2002,"items_purged":["Strike_W"],"score":292,"play_id":"1d74200a-3ef0-4790-92fe-28cbdee2cea6","local_time":"20201211153206","is_ascension_mode":true,"campfire_choices":[{"data":"Uncharnel","floor":6,"key":"SMITH"},{"data":"Negative_Energy_Sphere","floor":8,"key":"SMITH"},{"data":"Bone_Armory","floor":11,"key":"SMITH"},{"data":"Bone_Wall","floor":13,"key":"SMITH"},{"data":"Bone_Bullets","floor":15,"key":"SMITH"},{"data":"Whirlwind_of_Bones","floor":23,"key":"SMITH"},{"data":"Shade_Step","floor":25,"key":"SMITH"},{"floor":27,"key":"REST"},{"data":"Summon_Undead","floor":29,"key":"SMITH"}],"circlet_count":0,"master_deck":["Strike_W","Strike_W+1","Strike_W","Defend_W","Defend_W","Defend_W","Defend_W","Negative_Energy_Arrows","Bone_Wall+1","Stop_Heart","Uncharnel+1","Negative_Energy_Sphere+1","Bone_Armory+1","Bone_Bullets+1","Hellfire","Whirlwind_of_Bones+1","Shade_Step+1","Scare+1","Summon_Undead+1"],"relics":["Vampire_Amulet","Anchor","MealTicket","Dream Catcher","Black Star","Replay:Ringing Soul","Replay:Mystery Machine","Gremlin Food"],"acts_visited":["Exordium","TheCity"],"potions_floor_usage":[5,30,30,31],"damage_taken":[{"damage":1,"enemies":"Menagerie:MonstrousExperiment","floor":1,"turns":4},{"damage":4,"enemies":"Menagerie:StygianBoar","floor":4,"turns":3},{"damage":11,"enemies":"Menagerie:2_RABBITS","floor":5,"turns":6},{"damage":0,"enemies":"Menagerie:BEAST_MAGE_AND_PROWLING_AMALGAM","floor":7,"turns":5},{"damage":0,"enemies":"Menagerie:MeltingSalamander","floor":10,"turns":4},{"damage":9,"enemies":"Menagerie:MaskedSummoner","floor":12,"turns":6},{"damage":7,"enemies":"Menagerie:MENAGERIE_WILDLIFE","floor":14,"turns":6},{"damage":34,"enemies":"Menagerie:Suneater","floor":16,"turns":8},{"damage":1,"enemies":"Chosen","floor":18,"turns":4},{"damage":19,"enemies":"Shell Parasite","floor":22,"turns":5},{"damage":43,"enemies":"Book of Stabbing","floor":24,"turns":6},{"damage":9,"enemies":"Snecko","floor":28,"turns":4},{"damage":38,"enemies":"Sentry and Sphere","floor":30,"turns":7},{"damage":18,"enemies":"Cultist and Chosen","floor":31,"turns":4}],"seed_played":"-1154120384604288477","potions_obtained":[{"floor":1,"key":"Adrenaline Potion"},{"floor":5,"key":"blueLaboratory:NullPotion"},{"floor":10,"key":"Swift Potion"},{"floor":22,"key":"Explosive Potion"}],"is_trial":false,"path_per_floor":["M","?","?","M","M","R","M","R","T","M","R","E","R","M","R","B",null,"M","?","?","$","M","R","E","R","T","R","M","R","M","M"],"character_chosen":"NECROMANCER","items_purchased":["Shade_Step"],"campfire_rested":1,"item_purchase_floors":[21],"current_hp_per_floor":[75,75,75,73,64,64,68,68,68,70,70,72,72,70,70,38,75,75,75,75,75,58,58,17,17,17,39,35,35,16,0,0],"gold":221,"neow_bonus":"RANDOM_COMMON_RELIC","is_daily":false,"chose_seed":false,"campfire_upgraded":8,"win_rate":0.0,"timestamp":1607693526,"path_taken":["M","?","?","M","M","R","M","R","T","?","R","E","R","M","R","BOSS","M","?","?","$","M","R","E","R","T","R","M","R","M","M"],"items_purchased_type":["Card"],"build_version":"2020-12-07","purchased_purges":1,"victory":false,"max_hp_per_floor":[75,75,75,75,75,75,75,75,75,75,75,75,75,75,75,75,75,75,75,75,75,75,75,75,75,75,75,78,78,78,78,78],"relic_stats":{"Dream Catcher":1,"counters":[14,72],"MealTicket":0,"Black Star":1,"obtain_stats":[{"Gremlin Food":26,"Replay:Ringing Soul":24,"Anchor":0,"Dream Catcher":12,"MealTicket":9,"Vampire_Amulet":0,"Black Star":17,"Replay:Mystery Machine":24},{"Gremlin Food":11,"Replay:Ringing Soul":11,"Anchor":0,"Dream Catcher":6,"MealTicket":4,"Vampire_Amulet":0,"Black Star":8,"Replay:Mystery Machine":11},{"Gremlin Food":57,"Replay:Ringing Soul":57,"Anchor":0,"Dream Catcher":28,"MealTicket":18,"Vampire_Amulet":0,"Black Star":42,"Replay:Mystery Machine":57}]},"card_choices":[{"not_picked":["Negative_Energy_Javelin","Negative_Energy_Sphere"],"picked":"Stop_Heart","floor":1},{"not_picked":["Negative_Energy_Mist","Death_March_Dance","Blood_Curse"],"picked":"SKIP","floor":4},{"not_picked":["Spectral_Walk","Shackles_Of_Pain"],"picked":"Uncharnel","floor":5},{"not_picked":["Bones_to_Steel","Negative_Energy_Shield"],"picked":"Negative_Energy_Sphere","floor":7},{"not_picked":["Cloudkill","Vampiric_Strike"],"picked":"Bone_Armory","floor":10},{"not_picked":["Corrupt","Negative_Energy_Javelin","Death_March_Dance"],"picked":"SKIP","floor":12},{"not_picked":["Blood_Curse","Bone_Armory"],"picked":"Bone_Bullets","floor":14},{"not_picked":["Requiem","Cloudkill"],"picked":"Hellfire","floor":16},{"not_picked":["Bone_Bullets+1","Blood_Curse","Consume_Illness"],"picked":"SKIP","floor":18},{"not_picked":["Negative_Energy_Sphere","Bone_Shift"],"picked":"Scare+1","floor":22},{"not_picked":["Death_Coil","Shackles_Of_Pain","Blood_Whip"],"picked":"SKIP","floor":24},{"not_picked":["Life_Drain","Bone_Prison+1"],"picked":"Summon_Undead","floor":28},{"not_picked":["Life_Tap","Acid_Javelin+1","Negative_Energy_Shield"],"picked":"SKIP","floor":30}],"player_experience":1475227,"relics_obtained":[{"floor":9,"key":"MealTicket"},{"floor":12,"key":"Dream Catcher"},{"floor":24,"key":"Replay:Ringing Soul"},{"floor":24,"key":"Replay:Mystery Machine"},{"floor":26,"key":"Gremlin Food"}],"event_choices":[{"damage_healed":0,"gold_gain":0,"player_choice":"3","damage_taken":0,"max_hp_gain":0,"max_hp_loss":0,"event_name":"betterMatch:BetterMatch","floor":2,"gold_loss":0,"cards_obtained":[]},{"damage_healed":0,"gold_gain":0,"player_choice":"Ignored","damage_taken":0,"max_hp_gain":0,"max_hp_loss":0,"event_name":"Menagerie:SpiderNest","floor":3,"gold_loss":0},{"damage_healed":0,"gold_gain":0,"player_choice":"Read","damage_taken":0,"max_hp_gain":0,"max_hp_loss":0,"event_name":"The Library","floor":19,"gold_loss":0,"cards_obtained":["Whirlwind_of_Bones"]},{"damage_healed":0,"gold_gain":0,"player_choice":"3","damage_taken":0,"max_hp_gain":0,"max_hp_loss":0,"event_name":"betterMatch:BetterMatch","floor":20,"gold_loss":0,"cards_obtained":[]}],"is_beta":true,"boss_relics":[{"not_picked":["Pandora\u0027s Box","Replay:Fungal Core"],"picked":"Black Star"}],"items_purged_floors":[21],"is_endless":false,"potions_floor_spawned":[1,5,10,22],"killed_by":"Cultist and Chosen","ascension_level":3}}