{"host":"wc8dlsuapnihxz7u","time":1607664953,"event":{"mods":["2.2 Compatiblity","AchievementEnabler","AlwaysNeverKeys","Aspiration","BaseMod","Better Altar","Energized Spire","GifTheSpireLib","Hubris","Minty Spire (QoL Compilation)","Permanent Neow","StSLib","SuperFastMode"],"gold_per_floor":[119,119,136,136,151,179,279,314,392,392,409,41,68,68,68,165,165,181,200,200,200,219,245,295,295,295,295,329,347,347,359,359,464,464,480,497,497,547,44,44,56,89,114,131,131,131],"floor_reached":45,"playtime":2659,"items_purged":["Injury","hubris:TrickCloak+1"],"score":605,"play_id":"7837c871-ff4f-401e-a217-1283a11729df","local_time":"20201211003553","is_ascension_mode":true,"campfire_choices":[{"floor":10,"key":"REST"},{"data":"Cloak And Dagger","floor":15,"key":"SMITH"},{"floor":25,"key":"REST"},{"floor":27,"key":"REST"},{"data":"After Image","floor":30,"key":"SMITH"},{"data":"Accuracy","floor":32,"key":"SMITH"},{"floor":40,"key":"REST"}],"circlet_count":0,"master_deck":["Strike_G","Strike_G+1","Strike_G+1","Defend_G","Defend_G","Defend_G","Defend_G","Defend_G","Survivor","Dash","Cloak And Dagger+1","Blade Dance+1","Bouncing Flask+1","Cloak And Dagger+1","Phantasmal Killer+1","PiercingWail+1","Footwork","Corpse Explosion+1","Backflip+1","Accuracy+1","Underhanded Strike","Backflip+1","After Image+1","Catalyst+1","Distraction+1","Outmaneuver+1","Burst+1","Blade Dance+1","Dagger Spray+1","Accuracy+1","Dodge and Roll+1"],"relics":["Ring of the Snake","Whetstone","aspiration:StickyExplosives","Toxic Egg 2","hubris:OldNail","Eternal Feather","hubris:TinFlute","hubris:BottledRain","hubris:SphereOfDissonance","Centennial Puzzle","hubris:MysteriousPyramids","Lantern","Fusion Hammer","hubris:FunFungus","Bag of Marbles","Meat on the Bone","Oddly Smooth Stone","aspiration:ChemicalBlood"],"acts_visited":["Exordium","TheCity","TheBeyond"],"potions_floor_usage":[18,23,23,42,45,45],"damage_taken":[{"damage":0,"enemies":"2 Louse","floor":1,"turns":3},{"damage":0,"enemies":"Cultist","floor":3,"turns":2},{"damage":0,"enemies":"Jaw Worm","floor":5,"turns":2},{"damage":17,"enemies":"3 Sentries","floor":6,"turns":8},{"damage":12,"enemies":"Gremlin Nob","floor":8,"turns":3},{"damage":0,"enemies":"Blue Slaver","floor":11,"turns":2},{"damage":17,"enemies":"Lagavulin","floor":13,"turns":4},{"damage":0,"enemies":"Slime Boss","floor":16,"turns":5},{"damage":0,"enemies":"Shell Parasite","floor":18,"turns":2},{"damage":0,"enemies":"Spheric Guardian","floor":19,"turns":2},{"damage":8,"enemies":"Snake Plant","floor":22,"turns":3},{"damage":56,"enemies":"Gremlin Leader","floor":23,"turns":7},{"damage":27,"enemies":"Book of Stabbing","floor":28,"turns":4},{"damage":0,"enemies":"Centurion and Healer","floor":29,"turns":4},{"damage":0,"enemies":"3 Cultists","floor":31,"turns":2},{"damage":22,"enemies":"hubris:MusketHawk","floor":33,"turns":4},{"damage":0,"enemies":"3 Shapes","floor":35,"turns":6},{"damage":0,"enemies":"3 Darklings","floor":36,"turns":2},{"damage":16,"enemies":"2 Orb Walkers","floor":38,"turns":3},{"damage":12,"enemies":"Writhing Mass","floor":41,"turns":4},{"damage":43,"enemies":"Reptomancer","floor":42,"turns":8},{"damage":0,"enemies":"Jaw Worm Horde","floor":44,"turns":4},{"damage":54,"enemies":"Nemesis","floor":45,"turns":8}],"seed_played":"7196543283725479140","potions_obtained":[{"floor":1,"key":"GamblersBrew"},{"floor":3,"key":"LiquidMemories"},{"floor":5,"key":"Poison Potion"},{"floor":8,"key":"Ancient Potion"},{"floor":19,"key":"EssenceOfSteel"},{"floor":23,"key":"SpeedPotion"},{"floor":29,"key":"Ancient Potion"},{"floor":35,"key":"EssenceOfSteel"},{"floor":45,"key":"Strength Potion"}],"is_trial":false,"path_per_floor":["M","?","M","?","M","E","?","E","T","R","M","$","E","$","R","B",null,"M","M","?","?","M","E","?","R","T","R","E","M","R","M","R","B",null,"M","M","?","?","$","R","M","E","T","M","E"],"character_chosen":"THE_SILENT","items_purchased":["hubris:BottledRain","PiercingWail+1","Bag of Marbles","Meat on the Bone"],"campfire_rested":4,"item_purchase_floors":[12,12,39,39],"current_hp_per_floor":[70,70,70,70,70,53,53,41,41,70,70,70,53,53,65,65,70,70,70,70,70,62,6,6,42,42,70,43,43,58,58,70,48,70,70,70,70,54,54,70,58,30,30,43,0,0],"gold":131,"neow_bonus":"RANDOM_COMMON_RELIC","is_daily":false,"chose_seed":false,"campfire_upgraded":3,"win_rate":0.0,"timestamp":1607664953,"path_taken":["M","?","?","?","M","E","?","E","T","R","?","?","E","$","R","BOSS","M","M","?","?","M","E","?","R","T","R","E","M","R","M","R","BOSS","M","?","?","?","$","R","M","E","T","M","E"],"items_purchased_type":["Relic","Undefined","Relic","Relic"],"build_version":"2020-11-30","purchased_purges":2,"victory":false,"max_hp_per_floor":[70,70,70,70,70,70,70,70,70,70,70,70,70,70,70,70,70,70,70,70,70,70,70,70,70,70,70,70,70,70,70,70,70,70,70,70,70,70,70,70,70,70,70,70,70,70],"card_choices":[{"not_picked":["Bane","Endless Agony"],"picked":"Dash","floor":1},{"not_picked":["Outmaneuver","Prepared"],"picked":"Cloak And Dagger","floor":3},{"not_picked":["Deadly Poison+1","Masterful Stab"],"picked":"Blade Dance+1","floor":5},{"not_picked":["Heel Hook","Bane"],"picked":"Bouncing Flask+1","floor":6},{"not_picked":["Dagger Throw","Infinite Blades"],"picked":"Cloak And Dagger+1","floor":8},{"not_picked":["Bane","Masterful Stab"],"picked":"Phantasmal Killer+1","floor":11},{"not_picked":["Finisher","Calculated Gamble+1"],"picked":"Footwork","floor":13},{"not_picked":["Doppelganger+1","Venomology+1"],"picked":"Corpse Explosion+1","floor":16},{"not_picked":["Deflect+1","Slice"],"picked":"Backflip+1","floor":18},{"not_picked":["Distraction+1","Outmaneuver+1"],"picked":"Accuracy","floor":19},{"not_picked":["hubris:SlightOfHand+1","Dagger Spray"],"picked":"Backflip+1","floor":22},{"not_picked":["Unload","Cloak And Dagger+1"],"picked":"After Image","floor":23},{"not_picked":["Infinite Blades","Deadly Poison+1"],"picked":"Catalyst+1","floor":28},{"not_picked":["hubris:SlightOfHand+1","Quick Slash"],"picked":"Distraction+1","floor":29},{"not_picked":["Distraction+1","Flying Knee"],"picked":"Outmaneuver+1","floor":31},{"not_picked":["Night Terror+1","aspiration:Lunge"],"picked":"Burst+1","floor":33},{"not_picked":["Catalyst+1","Footwork"],"picked":"Blade Dance+1","floor":35},{"not_picked":["Backflip+1","Reflex+1"],"picked":"Dagger Spray+1","floor":36},{"not_picked":["Terror+1","hubris:Sniper+1","Acrobatics+1"],"picked":"SKIP","floor":41},{"not_picked":["Distraction+1","Unload"],"picked":"Accuracy+1","floor":42},{"not_picked":["Sucker Punch","Dagger Spray"],"picked":"Dodge and Roll+1","floor":44}],"player_experience":93317,"relics_obtained":[{"floor":6,"key":"hubris:OldNail"},{"floor":8,"key":"Eternal Feather"},{"floor":9,"key":"hubris:TinFlute"},{"floor":13,"key":"hubris:SphereOfDissonance"},{"floor":23,"key":"Centennial Puzzle"},{"floor":26,"key":"hubris:MysteriousPyramids"},{"floor":28,"key":"Lantern"},{"floor":38,"key":"hubris:FunFungus"},{"floor":42,"key":"Oddly Smooth Stone"},{"floor":43,"key":"aspiration:ChemicalBlood"}],"event_choices":[{"damage_healed":0,"gold_gain":0,"player_choice":"Gave Potion","damage_taken":0,"relics_obtained":["aspiration:StickyExplosives"],"max_hp_gain":0,"max_hp_loss":0,"event_name":"WeMeetAgain","floor":2,"gold_loss":0},{"damage_healed":0,"gold_gain":100,"player_choice":"Pray","damage_taken":0,"max_hp_gain":0,"max_hp_loss":0,"event_name":"Golden Shrine","floor":7,"gold_loss":0},{"damage_healed":0,"gold_gain":0,"cards_transformed":["Strike_G","Strike_G"],"player_choice":"Became Test Subject","damage_taken":0,"max_hp_gain":0,"max_hp_loss":0,"event_name":"Drug Dealer","floor":20,"gold_loss":0,"cards_obtained":["hubris:TrickCloak","Underhanded Strike"]},{"damage_healed":0,"gold_gain":100,"player_choice":"Bet on Murderer","damage_taken":0,"max_hp_gain":0,"max_hp_loss":0,"event_name":"The Joust","floor":24,"gold_loss":50},{"cards_removed":["Neutralize"],"damage_healed":0,"gold_gain":0,"player_choice":"Removed Attack","damage_taken":0,"max_hp_gain":0,"max_hp_loss":0,"event_name":"Falling","floor":37,"gold_loss":0},{"damage_healed":0,"gold_gain":0,"player_choice":"Fight","damage_taken":0,"max_hp_gain":0,"max_hp_loss":0,"event_name":"Mysterious Sphere","floor":38,"gold_loss":0}],"is_beta":false,"boss_relics":[{"not_picked":["energizedSpire:StickyHand","Snecko Eye","aspiration:RunicSpoon"]},{"not_picked":["energizedSpire:HighHeels","hubris:HollowSoul"],"picked":"Fusion Hammer"}],"items_purged_floors":[12,39],"is_endless":false,"potions_floor_spawned":[1,3,5,8,19,22,23,29,35,41,42,44],"killed_by":"Nemesis","ascension_level":1}}