{"host":"el5u4dwtoysrpi0f","time":1607704201,"event":{"mods":["2.2 Compatiblity","AchievementEnabler","Aspiration","BaseMod","Beaked The Cultist","Downfall","Highlight Path","Hubris","Infinite Spire","Minty Spire (QoL Compilation)","Relic Sorter","Replay The Spire","StSLib","The Bug Knight","The Construct","The Cursed","The Disciple","The Jungle","The Necromancer","The Runesmith"],"gold_per_floor":[119,119,194,214,214,248,248,264,311,106,106,120,132,147,147,252,252,267,267,48,59,59,59,71,88,88,119,132,132,146,166,166,275,287,317,329,341,353,367,400,416,416,416],"floor_reached":42,"playtime":1911,"items_purged":["TheCursedMod:Dregs"],"score":452,"play_id":"a0bd1e92-133c-41de-b264-eec8d1d5f2d0","local_time":"20201211163001","is_ascension_mode":false,"campfire_choices":[{"data":"TheCursedMod:CleanUpWorkshop","floor":7,"key":"SMITH"},{"floor":15,"key":"REST"},{"data":"TheCursedMod:CollectTribute","floor":23,"key":"SMITH"},{"floor":32,"key":"DIG"}],"circlet_count":0,"master_deck":["TheCursedMod:Strike_TheCursed","TheCursedMod:Strike_TheCursed","TheCursedMod:Defend_TheCursed","TheCursedMod:Defend_TheCursed","TheCursedMod:CursedWand+1","TheCursedMod:CleanUpWorkshop+1","TheCursedMod:CursedMace","Injury","TheCursedMod:StingEye+1","TheCursedMod:SpitefulPlan","TheCursedMod:Stigma+1","TheCursedMod:SpitefulPray","TheCursedMod:CursedBlade+1","TheCursedMod:SpitefulStrike+1","TheCursedMod:CircleOfFlame","TheCursedMod:CollectTribute+1","TheCursedMod:StunningStrike+1","TheCursedMod:SoulCrush+1","TheCursedMod:CursedShiv+1","TheCursedMod:CircleOfFocus","TheCursedMod:SurpriseAttack+1","Injury","hubris:Wrath","TheCursedMod:SpitefulStrike+1","Regret","Normality","infinitespire:Execution"],"relics":["Philosopher\u0027s Stone","Solar Panel","Slimebound:AbsorbEndCombat","Ring of Searing","Black Blood","Nloth\u0027s Gift","TheCursedMod:BloodyHarpoon","TheCursedMod:DemonicMark","Sizzling Blood","m_GuardianBlood","Cryopreserver","hubris:ToyBattleship","infinitespire:Chaos","Replay:Mystery Machine"],"acts_visited":["Exordium","Exordium","TheBeyond"],"potions_floor_usage":[12,13,16,21,21,24,31,40],"damage_taken":[{"damage":0,"enemies":"2 Louse","floor":1,"turns":2},{"damage":1,"enemies":"Jaw Worm","floor":4,"turns":3},{"damage":16,"enemies":"Lagavulin","floor":6,"turns":6},{"damage":0,"enemies":"Cultist","floor":8,"turns":3},{"damage":0,"enemies":"Gremlin Gang","floor":12,"turns":4},{"damage":0,"enemies":"Exordium Wildlife","floor":13,"turns":3},{"damage":0,"enemies":"2 Fungi Beasts","floor":14,"turns":1},{"damage":24,"enemies":"Hexaghost","floor":16,"turns":6},{"damage":0,"enemies":"theJungle:MUSHROOMGANG","floor":18,"turns":2},{"damage":1,"enemies":"theJungle:Flameango_and_Byrd","floor":21,"turns":3},{"damage":3,"enemies":"theJungle:Snecko_Cultist_And_Trap","floor":24,"turns":3},{"damage":8,"enemies":"theJungle:JungleHuntersEncounter","floor":25,"turns":3},{"damage":3,"enemies":"theJungle:MamaSnecko","floor":27,"turns":4},{"damage":0,"enemies":"theJungle:Lyon","floor":28,"turns":2},{"damage":19,"enemies":"theJungle:Snecko_Cultist_And_Trap","floor":30,"turns":3},{"damage":6,"enemies":"theJungle:JungleHuntersEncounter","floor":31,"turns":3},{"damage":15,"enemies":"theJungle:FunGuy","floor":33,"turns":6},{"damage":0,"enemies":"Orb Walker","floor":35,"turns":2},{"damage":0,"enemies":"3 Shapes","floor":39,"turns":1},{"damage":87,"enemies":"Giant Head","floor":40,"turns":6},{"damage":31,"enemies":"Maw","floor":41,"turns":5},{"damage":58,"enemies":"Reptomancer","floor":42,"turns":4}],"seed_played":"-8168865544648527645","potions_obtained":[{"floor":4,"key":"Energy Potion"},{"floor":8,"key":"SteroidPotion"},{"floor":14,"key":"LifebloodPotion"},{"floor":16,"key":"Explosive Potion"},{"floor":19,"key":"FairyPotion"},{"floor":19,"key":"PowerPotion"},{"floor":19,"key":"Weak Potion"},{"floor":21,"key":"Explosive Potion"},{"floor":24,"key":"Ancient Potion"},{"floor":31,"key":"AttackPotion"}],"is_trial":false,"path_per_floor":["M","?","?","M","T","E","R","M","T","$","?","M","M","M","R","B",null,"M","?","$","M","$","R","M","M","T","E","M","R","M","M","R","B",null,"M","?","?","AVR","M","E","M","E"],"character_chosen":"THE_CURSED","items_purchased":["TheCursedMod:SpitefulPray","TheCursedMod:CursedBlade+1","TheCursedMod:SoulCrush+1","ReplayTheSpireMod:TigerMarble"],"campfire_rested":1,"item_purchase_floors":[10,10,20,20],"current_hp_per_floor":[75,75,64,63,63,47,47,47,47,47,47,47,47,47,69,45,75,75,75,75,74,74,74,71,63,63,60,60,60,41,35,35,20,75,75,75,75,79,79,64,55,0,0],"gold":416,"neow_bonus":"RANDOM_EVENT","is_daily":false,"chose_seed":false,"campfire_upgraded":2,"win_rate":0.0,"timestamp":1607704201,"path_taken":["M","?","?","M","?","E","R","?","T","?","?","M","M","M","R","BOSS","M","?","?","M","$","R","M","?","T","E","?","R","M","M","R","BOSS","M","?","?","AVR","M","E","M","E"],"items_purchased_type":["Card","Card","Card","Relic"],"build_version":"2020-11-30","purchased_purges":1,"victory":false,"max_hp_per_floor":[75,75,75,75,75,75,75,75,75,75,75,75,75,75,75,75,75,75,75,75,75,75,75,75,75,75,75,75,75,75,75,75,75,75,75,75,75,79,79,79,79,79,79],"card_choices":[{"not_picked":["TheCursedMod:Torture","TheCursedMod:CircleOfCorruption"],"picked":"TheCursedMod:CursedMace","floor":1},{"not_picked":["TheCursedMod:EmpowerCircles","TheCursedMod:Wield+1"],"picked":"TheCursedMod:StingEye+1","floor":4},{"not_picked":["TheCursedMod:CircleOfCorruption","TheCursedMod:CircleOfFlame"],"picked":"TheCursedMod:SpitefulPlan","floor":6},{"not_picked":["TheCursedMod:TroublousMinions","TheCursedMod:EmpowerCircles"],"picked":"TheCursedMod:Stigma+1","floor":8},{"not_picked":["TheCursedMod:Stretching","TheCursedMod:CursedBlade+1"],"picked":"TheCursedMod:SpitefulStrike+1","floor":12},{"not_picked":["TheCursedMod:CursedBlade+1","TheCursedMod:Stretching"],"picked":"TheCursedMod:CircleOfFlame","floor":13},{"not_picked":["TheCursedMod:Stretching","TheCursedMod:CursedAmulet"],"picked":"TheCursedMod:CollectTribute","floor":14},{"not_picked":["TheCursedMod:ForbiddenAlchemy","TheCursedMod:DemonicPact"],"picked":"TheCursedMod:StunningStrike+1","floor":16},{"not_picked":["Undo","Conserve Battery","Barrage+1","Rip and Tear+1"],"picked":"SKIP","floor":18},{"not_picked":["Conserve Battery","TheCursedMod:UltimatePain","TheCursedMod:Wield+1"],"picked":"TheCursedMod:CursedShiv+1","floor":21},{"not_picked":["TheCursedMod:CursedShiv+1","TheCursedMod:SurpriseAttack+1","Go for the Eyes+1","Steam"],"picked":"SKIP","floor":24},{"not_picked":["Ball Lightning+1","Chaos","TheCursedMod:CursedBlade+1"],"picked":"TheCursedMod:CircleOfFocus","floor":25},{"not_picked":["Stack","Leap","aspiration:Polymerization","Streamline+1"],"picked":"SKIP","floor":27},{"not_picked":["Hello World","TheCursedMod:SoulCrush+1","TheCursedMod:CursedShiv+1","Stack"],"picked":"SKIP","floor":28},{"not_picked":["Recycle","Force Field","Ball Lightning+1","Panic Button"],"picked":"SKIP","floor":30},{"not_picked":["ReplayTheSpireMod:Repulse+1","TheCursedMod:SpitefulStrike+1","Ball Lightning+1"],"picked":"TheCursedMod:SurpriseAttack+1","floor":31},{"not_picked":["TheCursedMod:Stretching","Leap","TheCursedMod:TacticalStrike+1"],"picked":"TheCursedMod:SpitefulStrike+1","floor":35},{"not_picked":["ReplayTheSpireMod:Book of Names","Replay:Fractal Strike"],"picked":"infinitespire:Execution","floor":36},{"not_picked":["TheCursedMod:SpitefulStrike","Flex+1","TheCursedMod:SaltUponWound"],"picked":"SKIP","floor":39},{"not_picked":["TheCursedMod:RavingStaff","ReplaySort","TheCursedMod:Mangle"],"picked":"SKIP","floor":40},{"not_picked":["Melter+1","TheCursedMod:RavingStaff+1","ReplaySort"],"picked":"SKIP","floor":41}],"player_experience":448228,"relics_obtained":[{"floor":5,"key":"Boot"},{"floor":6,"key":"infinitespire:Lucky Rock"},{"floor":9,"key":"hubris:ToyBattleship"},{"floor":26,"key":"HollowMod:StagPassRelic"},{"floor":27,"key":"Art of War"},{"floor":32,"key":"MawBank"},{"floor":37,"key":"Ring of Chaos"},{"floor":40,"key":"Replay:Mystery Machine"}],"event_choices":[{"damage_healed":0,"gold_gain":0,"player_choice":"Grow","damage_taken":0,"max_hp_gain":0,"max_hp_loss":0,"event_name":"Living Wall","floor":0,"gold_loss":0,"cards_upgraded":["TheCursedMod:CursedWand"]},{"damage_healed":0,"gold_gain":75,"player_choice":"Gather Gold","damage_taken":11,"max_hp_gain":0,"max_hp_loss":0,"event_name":"World of Goop","floor":3,"gold_loss":0},{"damage_healed":0,"gold_gain":0,"player_choice":"Got Potions","damage_taken":0,"max_hp_gain":0,"max_hp_loss":0,"event_name":"Lab","floor":19,"gold_loss":0}],"is_beta":false,"boss_relics":[{"not_picked":["ReplayTheSpireMod:DimensionalGlitch","ReplayTheSpireMod:SealedPack"],"picked":"aspiration:DefectSkillbook"},{"not_picked":["construct:WeddingRing","Replay:Wanted Poster"],"picked":"Kintsugi"}],"items_purged_floors":[10],"is_endless":false,"potions_floor_spawned":[4,8,14,16,21,24,31],"killed_by":"Reptomancer","ascension_level":0}}