{"host":"sum4dy402bbv9y4o","time":1607720694,"event":{"mods":["Aspiration","BaseMod","Conspire","Highlight Path","Minty Spire (QoL Compilation)","StSLib"],"gold_per_floor":[119,10,10,24,24,51,71,96,96,15,25,25,53,77,77,150,150,164,164,44,57,0,0,19,46,46,65,84,84,95,95,95],"floor_reached":31,"playtime":834,"items_purged":[],"score":650,"play_id":"89b402bd-ad74-4b07-9f00-74c00b821960","local_time":"20201212000454","is_ascension_mode":true,"campfire_choices":[{"floor":15,"key":"REST"},{"data":"TalkToTheHand","floor":23,"key":"SMITH"}],"circlet_count":0,"master_deck":["AscendersBane","Strike_P","Strike_P","Defend_P","Defend_P","Eruption","Vigilance+1","CarveReality","FlurryOfBlows","EmptyBody","Survivor+1","Survivor","Grand Finale","ReachHeaven","BowlingBash","Evaluate","Tantrum","TalkToTheHand+1","EmptyFist","Halt","Brilliance","FollowUp","SpiritShield","Wallop","Conclude","Consecrate","FollowUp+1","Perseverance","FlyingSleeves+1"],"relics":["PureWater","NeowsBlessing","Nunchaku","aspiration:Lifesprig","Damaru","Mummified Hand","Du-Vu Doll","War Paint","conspire:SpecialSausage","HornCleat","aspiration:FetidBarrel","Regal Pillow"],"acts_visited":["Exordium","TheCity"],"potions_floor_usage":[16,24,25,27,28],"damage_taken":[{"damage":0,"enemies":"Small Slimes","floor":1,"turns":1},{"damage":0,"enemies":"2 Louse","floor":4,"turns":1},{"damage":0,"enemies":"3 Sentries","floor":6,"turns":2},{"damage":0,"enemies":"Cultist","floor":7,"turns":2},{"damage":28,"enemies":"Lagavulin","floor":8,"turns":5},{"damage":0,"enemies":"Exordium Thugs","floor":11,"turns":2},{"damage":6,"enemies":"Gremlin Nob","floor":13,"turns":3},{"damage":36,"enemies":"The Guardian","floor":16,"turns":10},{"damage":5,"enemies":"Chosen","floor":18,"turns":3},{"damage":11,"enemies":"2 Thieves","floor":21,"turns":3},{"damage":19,"enemies":"Centurion and Healer","floor":24,"turns":5},{"damage":0,"enemies":"Gremlin Leader","floor":25,"turns":4},{"damage":18,"enemies":"Snake Plant","floor":27,"turns":3},{"damage":0,"enemies":"Chosen and Byrds","floor":28,"turns":3},{"damage":0,"enemies":"Snecko","floor":30,"turns":4},{"damage":2,"enemies":"Snake Plant","floor":31,"turns":1}],"seed_played":"9139237444482849813","potions_obtained":[{"floor":1,"key":"EssenceOfSteel"},{"floor":13,"key":"DistilledChaos"},{"floor":16,"key":"Strength Potion"},{"floor":25,"key":"StancePotion"},{"floor":27,"key":"BottledMiracle"},{"floor":30,"key":"CultistPotion"}],"is_trial":false,"path_per_floor":["M","$","?","M","?","E","M","E","T","$","M","$","E","T","R","B",null,"M","?","$","M","$","R","M","E","T","M","M","?","M","M"],"character_chosen":"WATCHER","items_purchased":["FlurryOfBlows","EmptyBody","TalkToTheHand","Wallop","Conclude","ColorlessPotion"],"campfire_rested":1,"item_purchase_floors":[2,2,10,20,20,22],"current_hp_per_floor":[61,61,61,61,61,61,61,33,33,33,33,33,27,27,47,11,54,49,49,49,38,38,38,19,19,19,1,1,1,1,0,0],"gold":95,"neow_bonus":"THREE_ENEMY_KILL","is_daily":false,"chose_seed":false,"campfire_upgraded":1,"win_rate":0.0,"timestamp":1607720694,"path_taken":["M","$","?","M","?","E","M","E","T","$","?","$","E","?","R","BOSS","M","?","$","M","$","R","?","E","T","M","M","?","?","M"],"items_purchased_type":["Card","Card","Card","Card","Card","Potion"],"build_version":"2020-11-30","purchased_purges":0,"victory":false,"max_hp_per_floor":[68,68,68,68,68,68,68,68,68,68,68,68,68,68,68,68,68,68,68,68,68,68,68,68,68,68,68,68,68,68,68,68],"card_choices":[{"not_picked":["Fasting2","JustLucky"],"picked":"CarveReality","floor":1},{"not_picked":["Crescendo","FlyingSleeves"],"picked":"ReachHeaven","floor":4},{"not_picked":["JustLucky","Halt"],"picked":"BowlingBash","floor":6},{"not_picked":["Collect","WaveOfTheHand"],"picked":"Evaluate","floor":7},{"not_picked":["Blasphemy","FlyingSleeves"],"picked":"Tantrum","floor":8},{"not_picked":["WaveOfTheHand","Pray"],"picked":"EmptyFist","floor":11},{"not_picked":["Crescendo","CutThroughFate"],"picked":"Halt","floor":13},{"not_picked":["Ragnarok","DevaForm"],"picked":"Brilliance","floor":16},{"not_picked":["InnerPeace","Evaluate"],"picked":"FollowUp","floor":18},{"not_picked":["Conclude","FollowUp+1"],"picked":"Consecrate","floor":21},{"not_picked":["Swivel","WheelKick"],"picked":"FollowUp+1","floor":24},{"not_picked":["CarveReality","BattleHymn"],"picked":"Perseverance","floor":25},{"not_picked":["SignatureMove+1","ForeignInfluence","PathToVictory"],"picked":"SKIP","floor":27},{"not_picked":["SashWhip","FlyingSleeves","Vengeance"],"picked":"SKIP","floor":28},{"not_picked":["Blasphemy","SashWhip"],"picked":"FlyingSleeves+1","floor":30}],"player_experience":2774099,"relics_obtained":[{"floor":6,"key":"aspiration:Lifesprig"},{"floor":8,"key":"Damaru"},{"floor":9,"key":"Mummified Hand"},{"floor":13,"key":"Du-Vu Doll"},{"floor":14,"key":"War Paint"},{"floor":25,"key":"HornCleat"},{"floor":26,"key":"aspiration:FetidBarrel"},{"floor":29,"key":"Regal Pillow"}],"event_choices":[{"damage_healed":0,"gold_gain":0,"player_choice":"Gave Potion","damage_taken":0,"relics_obtained":["Nunchaku"],"max_hp_gain":0,"max_hp_loss":0,"event_name":"WeMeetAgain","floor":5,"gold_loss":0},{"damage_healed":0,"gold_gain":0,"cards_transformed":["Strike_P"],"player_choice":"Transformed","damage_taken":0,"max_hp_gain":0,"max_hp_loss":0,"event_name":"Transmorgrifier","floor":19,"gold_loss":0,"cards_obtained":["SpiritShield"]},{"damage_healed":0,"gold_gain":0,"player_choice":"Relic","damage_taken":0,"max_hp_gain":0,"max_hp_loss":0,"event_name":"Wheel of Change","floor":29,"gold_loss":0}],"is_beta":false,"boss_relics":[{"not_picked":["Ectoplasm","aspiration:SilentSkillbook"],"picked":"conspire:SpecialSausage"}],"items_purged_floors":[],"is_endless":false,"potions_floor_spawned":[1,13,16,25,27,30],"killed_by":"Snake Plant","ascension_level":20}}