{"host":"4amcrcg6ktw8dbzk","time":1607690950,"event":{"mods":["BaseMod","Dota2Spire","Minty Spire (QoL Compilation)","MostiFishMod","Spicy Shops","StSLib"],"gold_per_floor":[114,39,51,71,18,47,47,57,129,129,164,164,178,197,197,268,318,332,257,277,327,342,342,342],"floor_reached":23,"playtime":806,"items_purged":["Strike_R"],"score":506,"play_id":"e7d12738-639e-4fc7-8bf0-11fc1a9a6e44","local_time":"20201211204910","is_ascension_mode":true,"campfire_choices":[{"floor":7.0,"key":"REST"},{"floor":10.0,"key":"REST"},{"floor":15.0,"key":"REST"}],"circlet_count":0,"master_deck":["AscendersBane","Strike_R+1","Strike_R+1","Strike_R+1","Defend_R+1","Defend_R+1","Defend_R","Defend_R","Bash+1","MostiFishMod:BrokenBlackCloak+1","Anger+1","Sword Boomerang+1","Pommel Strike+1","Cleave","True Grit+1","MostiFishMod:FireWorks+1","Entrench+1","MostiFishMod:#F4004+1","Twin Strike","Twin Strike","Sword Boomerang"],"relics":["Burning Blood","DaveBox","DSteel32","Question Card","Dota2Spire:OctarineCore","Paper Frog","Boot","ImportantClient","Tiny House"],"acts_visited":["Exordium","TheCity"],"potions_floor_usage":[22,23],"damage_taken":[{"damage":14.0,"enemies":"Jaw Worm","floor":1.0,"turns":4.0},{"damage":4.0,"enemies":"2 Louse","floor":3.0,"turns":3.0},{"damage":1.0,"enemies":"Cultist","floor":4.0,"turns":3.0},{"damage":41.0,"enemies":"3 Sentries","floor":6.0,"turns":8.0},{"damage":6.0,"enemies":"Looter","floor":8.0,"turns":2.0},{"damage":27.0,"enemies":"Lagavulin","floor":11.0,"turns":6.0},{"damage":5.0,"enemies":"Exordium Wildlife","floor":13.0,"turns":5.0},{"damage":4.0,"enemies":"Red Slaver","floor":14.0,"turns":1.0},{"damage":4.0,"enemies":"Slime Boss","floor":16.0,"turns":6.0},{"damage":23.0,"enemies":"3 Byrds","floor":18.0,"turns":4.0},{"damage":19.0,"enemies":"Shell Parasite","floor":20.0,"turns":4.0},{"damage":19,"enemies":"Chosen and Byrds","floor":22,"turns":5},{"damage":39,"enemies":"Slavers","floor":23,"turns":3}],"seed_played":"-5890167165818375048","potions_obtained":[{"floor":1.0,"key":"BlessingOfTheForge"},{"floor":8.0,"key":"Weak Potion"},{"floor":13.0,"key":"Fruit Juice"},{"floor":17.0,"key":"SpeedPotion"}],"is_trial":false,"path_per_floor":["M","$","M","M","?","E","R","M","T","R","E","?","M","M","R","B",null,"M","?","M","?","M","E"],"character_chosen":"IRONCLAD","items_purchased":[],"campfire_rested":3,"item_purchase_floors":[],"current_hp_per_floor":[42,42,44,49,49,14,36,36,36,58,37,37,43,45,69,71,83,66,66,53,45,32,0,0],"gold":342,"neow_bonus":"RANDOM_COLORLESS_2","is_daily":false,"chose_seed":false,"campfire_upgraded":0,"win_rate":0.0,"timestamp":1607690950,"path_taken":["M","$","M","M","?","E","R","M","T","R","E","?","?","M","R","BOSS","M","?","M","?","?","E"],"items_purchased_type":[],"build_version":"2020-11-30","purchased_purges":1,"victory":false,"max_hp_per_floor":[75,75,75,75,75,75,75,75,75,75,75,75,80,80,80,80,85,85,85,85,85,85,85,85],"card_choices":[{"not_picked":["Secret Weapon","MostiFishMod:JungleRules"],"picked":"MostiFishMod:BrokenBlackCloak","floor":0.0},{"not_picked":["Headbutt","Twin Strike"],"picked":"Anger","floor":1.0},{"not_picked":["Perfected Strike","Armaments","Headbutt"],"picked":"Sword Boomerang","floor":3.0},{"not_picked":["Combust","Headbutt","Clash"],"picked":"Pommel Strike","floor":4.0},{"not_picked":["Ghostly Armor","Body Slam","Flame Barrier"],"picked":"Cleave","floor":6.0},{"not_picked":["MostiFishMod:WingOfPhoenix","Iron Wave","Shrug It Off"],"picked":"True Grit","floor":8.0},{"not_picked":["Warcry","Perfected Strike","Headbutt"],"picked":"MostiFishMod:FireWorks","floor":11.0},{"not_picked":["Clothesline","Warcry","Thunderclap"],"picked":"Entrench","floor":13.0},{"not_picked":["Flex","Sword Boomerang","Spot Weakness","Armaments"],"picked":"SKIP","floor":14.0},{"not_picked":["Offering","MostiFishMod:FlyOverUtopia","MostiFishMod:Mania"],"picked":"MostiFishMod:#F4004","floor":16.0},{"not_picked":["Hemokinesis","Ghostly Armor","Warcry"],"picked":"Twin Strike","floor":18.0},{"not_picked":["Intimidate","Armaments","Rampage+1"],"picked":"Twin Strike","floor":20.0},{"not_picked":["Cleave","Flex","Warcry"],"picked":"Sword Boomerang","floor":22}],"player_experience":228138,"relics_obtained":[{"floor":1.0,"key":"Question Card"},{"floor":6.0,"key":"Dota2Spire:OctarineCore"},{"floor":9.0,"key":"Paper Frog"},{"floor":11.0,"key":"Boot"},{"floor":16.0,"key":"ImportantClient"}],"event_choices":[{"damage_healed":0.0,"max_hp_gain":0.0,"max_hp_loss":0.0,"gold_gain":0.0,"event_name":"World of Goop","player_choice":"Left Gold","floor":5.0,"gold_loss":53.0,"damage_taken":0.0},{"damage_healed":0.0,"max_hp_gain":0.0,"max_hp_loss":0.0,"gold_gain":0.0,"event_name":"Accursed Blacksmith","player_choice":"Forge","floor":12.0,"gold_loss":0.0,"damage_taken":0.0,"cards_upgraded":["True Grit"]},{"cards_removed":["Strike_R"],"damage_healed":0.0,"max_hp_gain":0.0,"max_hp_loss":0.0,"gold_gain":0.0,"event_name":"Beggar","player_choice":"Gave Gold","floor":19.0,"gold_loss":75.0,"damage_taken":0.0},{"damage_healed":0.0,"max_hp_gain":0.0,"max_hp_loss":0.0,"gold_gain":50.0,"event_name":"FaceTrader","player_choice":"Touch","floor":21.0,"gold_loss":0.0,"damage_taken":8.0}],"is_beta":false,"boss_relics":[{"not_picked":["NightmareShop","Astrolabe"],"picked":"Tiny House"}],"items_purged_floors":[2],"is_endless":false,"potions_floor_spawned":[1,8,13,18,20],"killed_by":"Slavers","ascension_level":20}}