{"host":"ipk67jpu1niyju9z","time":1607725053,"event":{"mods":["Aspiration","Bard","BaseMod","Conspire","Downfall","Energized Spire","Fiend Mod","GifTheSpireLib","Hermit","Hubris","Jorbs\u0027s Wanderer Trilogy","Marked Mod","Minty Spire (QoL Compilation)","Replay The Spire","Shade Mod","Somnambulant","Spikes Relics","StSLib","Stuff the Spire","The Blue Laboratory","The Cursed","The Disciple","The Forsaken","The Hierophant","The Judge","The Mystic","The Runesmith","The Servant 0.9.4","The Spell Scribe","TheArtist"],"gold_per_floor":[110,125,138,148,148,148,177,177,177,177,192,192,192,206,206,220,220,324,324,339,339,354,429,449,138,138,167,193,193,193,203,203,215,215,316,316,316,316],"floor_reached":37,"playtime":4792,"items_purged":["StuffTheSpire:CuriosityCurse"],"score":464,"play_id":"cec9f73c-a335-42e6-8881-0706e80157fc","local_time":"20201211161733","daily_mods":["Draft","Specialized"],"is_ascension_mode":false,"campfire_choices":[{"data":"artistmod:ReddeningRampage","floor":6.0,"key":"SMITH"},{"data":"artistmod:TreasureTrove","floor":8.0,"key":"SMITH"},{"data":"artistmod:PalettePick","floor":10,"key":"SMITH"},{"data":"artistmod:PalettePick","floor":15,"key":"SMITH"},{"floor":17,"key":"REST"},{"data":"artistmod:ProfoundPurple","floor":26,"key":"SMITH"},{"data":"artistmod:RedRage","floor":30,"key":"SMITH"},{"floor":34,"key":"REST"}],"circlet_count":0,"master_deck":["artistmod:BlueBurst","artistmod:BlueBurst","artistmod:BlueBurst","artistmod:BlueBurst","artistmod:BlueBurst","artistmod:AmberAttack","artistmod:RainbowRazor","artistmod:TreasureTrove+1","artistmod:MagentaMadness","artistmod:DarkerDanger","artistmod:CrushingCanvas","artistmod:DoubleDraw","artistmod:VibrantVision","artistmod:ColorCopy","artistmod:DarkerDanger","artistmod:SweepingSadness","artistmod:PalettePick+1","artistmod:ReddeningRampage+1","artistmod:ColorCopy","artistmod:DoubleDemolition","artistmod:CursedClash","artistmod:PurplePain","artistmod:RedRage","artistmod:RainbowRazor","artistmod:PalettePick+1","artistmod:BlackBang","artistmod:ColoredCollision","artistmod:GreenGreed","artistmod:ProfoundPurple+1","artistmod:DualDebuffs","artistmod:ColorCopy+1","Survey Options","artistmod:RedRage+1","artistmod:GloriousGallery","artistmod:BlueBarrier","AbeCurse"],"relics":["artistmod:BlueBrush","Ring of Chaos","Oddly Smooth Stone","Chameleon Ring","aspiration:RunicSpoon","aspiration:FetidBarrel","Lee\u0027s Waffle","Strawberry","PreservedInsect","MutagenicStrength","Abe\u0027s Treasure"],"acts_visited":["Exordium","TheCity","TheBeyond"],"potions_floor_usage":[18,18,18,35,35,35],"damage_taken":[{"damage":11.0,"enemies":"Jaw Worm","floor":1.0,"turns":2.0},{"damage":3.0,"enemies":"Cultist","floor":2.0,"turns":4.0},{"damage":4.0,"enemies":"Small Slimes","floor":3.0,"turns":4.0},{"damage":12.0,"enemies":"Gremlin Gang","floor":4.0,"turns":4.0},{"damage":0.0,"enemies":"Replay:BlueRogue","floor":7.0,"turns":4.0},{"damage":10,"enemies":"Looter","floor":11,"turns":3},{"damage":1,"enemies":"Large Slime","floor":14,"turns":6},{"damage":5,"enemies":"Gremlin Gang","floor":16,"turns":5},{"damage":26,"enemies":"The Guardian","floor":18,"turns":9},{"damage":8,"enemies":"conspire:FuzzyDice","floor":20,"turns":4},{"damage":10,"enemies":"Spheric Guardian","floor":22,"turns":3},{"damage":35,"enemies":"Cultist and Chosen","floor":24,"turns":7},{"damage":48,"enemies":"conspire:SneckoGhost","floor":27,"turns":8},{"damage":13,"enemies":"Snake Plant","floor":31,"turns":3},{"damage":7,"enemies":"conspire:HollyBat","floor":33,"turns":6},{"damage":40,"enemies":"Collector","floor":35,"turns":8}],"seed_played":"867749689314816403","potions_obtained":[{"floor":2.0,"key":"SkillPotion"},{"floor":3.0,"key":"LiquidBronze"},{"floor":7.0,"key":"Death Potion"},{"floor":16,"key":"blueLaboratory:BubblePotion"},{"floor":27,"key":"Energy Potion"},{"floor":31,"key":"AttackPotion"},{"floor":32,"key":"LifebloodPotion"},{"floor":32,"key":"Weak Potion"},{"floor":35,"key":"BlessingOfTheForge"}],"is_trial":true,"path_per_floor":["M","M","M","M","?","R","E","R","T","R","M","PTL","PTL","M","R","M","R","B",null,"M","?","M","?","M","$","R","E","T","?","R","M","R","M","R","B",null,"M"],"character_chosen":"THE_ARTIST","items_purchased":["Lee\u0027s Waffle","Survey Options"],"campfire_rested":2,"item_purchase_floors":[25,25],"current_hp_per_floor":[60,57,53,41,41,41,41,41,41,41,31,31,31,30,30,25,46,20,71,63,63,53,46,11,78,78,37,37,37,37,24,24,17,42,2,85,0,0],"gold":316,"neow_bonus":"","is_daily":false,"chose_seed":false,"campfire_upgraded":6,"win_rate":0.0,"timestamp":1607725053,"path_taken":["M","M","M","M","?","R","E","R","T","R","M","PTL","PTL","M","R","M","R","BOSS","M","?","M","?","?","$","R","E","T","?","R","M","R","M","R","BOSS","M"],"items_purchased_type":["Relic","Card"],"build_version":"2020-11-30","purchased_purges":1,"victory":false,"max_hp_per_floor":[71,71,71,71,71,71,71,71,71,71,71,71,71,71,71,71,71,71,71,71,71,71,71,71,78,78,85,85,85,85,85,85,85,85,85,85,85,85],"card_choices":[{"not_picked":["artistmod:PurplePain","artistmod:AccursedAggression"],"picked":"artistmod:AmberAttack","floor":0.0},{"not_picked":["artistmod:CanvasCatapult","artistmod:ClearChroma"],"picked":"artistmod:RainbowRazor","floor":0.0},{"not_picked":["artistmod:DoubleDraw","artistmod:AquaAnnoyance"],"picked":"artistmod:TreasureTrove","floor":0.0},{"not_picked":["artistmod:RainbowReality","artistmod:CanvasCatapult"],"picked":"artistmod:MagentaMadness","floor":0.0},{"not_picked":["artistmod:IchorInk","artistmod:ArdentAqua"],"picked":"artistmod:DarkerDanger","floor":0.0},{"not_picked":["artistmod:MagentaMadness","artistmod:BrownBrush"],"picked":"artistmod:CrushingCanvas","floor":0.0},{"not_picked":["artistmod:VibrantVision","artistmod:PrismaticPain"],"picked":"artistmod:DoubleDraw","floor":0.0},{"not_picked":["artistmod:PaintBreath","artistmod:ArdentAqua"],"picked":"artistmod:VibrantVision","floor":0.0},{"not_picked":["artistmod:ColorfulClobber","artistmod:AquaAnnoyance"],"picked":"artistmod:ColorCopy","floor":0.0},{"not_picked":["artistmod:RedRage","artistmod:ChromaCrash"],"picked":"artistmod:DarkerDanger","floor":0.0},{"not_picked":["artistmod:ColorfulClobber","artistmod:PaintBreath"],"picked":"artistmod:SweepingSadness","floor":0.0},{"not_picked":["artistmod:MagentaMadness","artistmod:ClearChroma"],"picked":"artistmod:PalettePick","floor":0.0},{"not_picked":["artistmod:IchorInk","artistmod:IndigoIncapitation"],"picked":"artistmod:ReddeningRampage","floor":0.0},{"not_picked":["artistmod:IchorInk","artistmod:SuperbSchooling"],"picked":"artistmod:ColorCopy","floor":0.0},{"not_picked":["artistmod:GreenGreed","artistmod:ReddeningRampage"],"picked":"artistmod:DoubleDemolition","floor":0.0},{"not_picked":["artistmod:SuperbSchooling","artistmod:ClearChroma"],"picked":"artistmod:CursedClash","floor":1.0},{"not_picked":["artistmod:AquaAnnoyance","artistmod:MagentaMadness"],"picked":"artistmod:PurplePain","floor":2.0},{"not_picked":["artistmod:ColorfulClobber","artistmod:AquaAnger"],"picked":"artistmod:RedRage","floor":3.0},{"not_picked":["artistmod:ColorCopy","artistmod:ClearChroma"],"picked":"artistmod:RainbowRazor","floor":4.0},{"not_picked":["artistmod:RainbowRazor","artistmod:AmberAttack"],"picked":"artistmod:ColoredCollision","floor":7.0},{"not_picked":["artistmod:ClearChroma","artistmod:RedRage","artistmod:BrownBrush"],"picked":"SKIP","floor":11},{"not_picked":["artistmod:ChosenColors","artistmod:CursedClash"],"picked":"artistmod:GreenGreed","floor":14},{"not_picked":["artistmod:BlueBurst","artistmod:ArdentAqua","artistmod:TreasureTrove"],"picked":"SKIP","floor":16},{"not_picked":["artistmod:ArtisticAgony","artistmod:ArtificialArt"],"picked":"artistmod:ProfoundPurple","floor":18},{"not_picked":["artistmod:ShinyShiv","artistmod:SuperbSchooling+1"],"picked":"artistmod:DualDebuffs","floor":20},{"not_picked":["artistmod:DoubleDraw+1","artistmod:SimpleStudies"],"picked":"artistmod:ColorCopy+1","floor":22},{"not_picked":["artistmod:PrismaticPain+1","artistmod:SuperbSchooling","artistmod:CanvasCatapult"],"picked":"SKIP","floor":24},{"not_picked":["artistmod:CursedClash","artistmod:PurplePain+1"],"picked":"artistmod:RedRage","floor":27},{"not_picked":["artistmod:IndigoIncapitation","artistmod:PurplePain"],"picked":"artistmod:GloriousGallery","floor":31},{"not_picked":["artistmod:IndigoIncapitation+1","artistmod:CanvasCatapult","artistmod:PurplePain+1"],"picked":"SKIP","floor":33},{"not_picked":["artistmod:GreenGreatness","artistmod:BlackBang"],"picked":"artistmod:BlueBarrier","floor":35}],"player_experience":60083,"relics_obtained":[{"floor":7.0,"key":"Oddly Smooth Stone"},{"floor":9.0,"key":"Chameleon Ring"},{"floor":27,"key":"Strawberry"},{"floor":28,"key":"PreservedInsect"}],"event_choices":[{"damage_healed":0.0,"max_hp_gain":0.0,"max_hp_loss":0.0,"gold_gain":0.0,"event_name":"Match and Keep!","player_choice":"2 cards matched","floor":5.0,"gold_loss":0.0,"damage_taken":0.0,"cards_obtained":["artistmod:PalettePick","artistmod:BlackBang"]},{"damage_healed":0,"gold_gain":75,"player_choice":"Touch","damage_taken":7,"max_hp_gain":0,"max_hp_loss":0,"event_name":"FaceTrader","floor":23,"gold_loss":0},{"damage_healed":0,"gold_gain":0,"player_choice":"Inject Mutagens","damage_taken":0,"relics_obtained":["MutagenicStrength"],"max_hp_gain":0,"max_hp_loss":0,"event_name":"Drug Dealer","floor":29,"gold_loss":0}],"is_beta":false,"boss_relics":[{"not_picked":["Ectoplasm","Cursed Key"],"picked":"aspiration:RunicSpoon"},{"not_picked":["aspiration:FutureDiary","Runic Dome"],"picked":"Abe\u0027s Treasure"}],"items_purged_floors":[25],"is_endless":false,"potions_floor_spawned":[2,3,7,16,27,31,35],"killed_by":"3 Shapes","ascension_level":0}}