{"host":"0ulgfg5uyx5zlmwg","time":1607693483,"event":{"mods":["Act Like it!","BaseMod","BetterRewards","Challenge The Spire","Custom Start","Grow up Mod","Marked Mod","Minty Spire (QoL Compilation)","RumiaBox-露米娅的神秘盒子","Spicy Shops","StSLib","TestMod","【功能Mod】混沌之环修复补丁","【遗物卡牌】REMEMod","篝火指南"],"gold_per_floor":[115,115,290,304,324,93,119,136,136,148,248,266,296,313,42,137,137,151,151],"floor_reached":18,"playtime":1414,"items_purged":["Doubt"],"score":287,"play_id":"7e2906e2-ecd1-4536-8908-3d48e2def368","local_time":"20201211213123","is_ascension_mode":true,"campfire_choices":[],"circlet_count":0,"master_deck":["testmod-TreasureHunter","Twin Strike","Flex","REME_Cut","REME_FearOfPain+1","Corruption+1","Bludgeon","Berserk+1","Impervious","Juggernaut+1","Immolate","REME_TheLastStrike","Immolate","Impervious","Immolate","Limit Break","REME_FearOfPain+1","REME_FearOfPain+1","Flex","REME_ACTH","Infernal Blade"],"relics":["Burning Blood","REME_ComplimentaryCards","testmod-Nyarlathotep","Centennial Puzzle","AddBug","testmod-Nyarlathotep","Frozen Egg 2","SumBook","Bronze Scales","testmod-Prudence","testmod-Nyarlathotep"],"acts_visited":["Exordium","TheCity"],"potions_floor_usage":[5,18],"damage_taken":[{"damage":6,"enemies":"2 Louse","floor":1,"turns":2},{"damage":3,"enemies":"Jaw Worm","floor":4,"turns":4},{"damage":1,"enemies":"Cultist","floor":5,"turns":3},{"damage":31,"enemies":"Lagavulin","floor":7,"turns":4},{"damage":13,"enemies":"2 Fungi Beasts","floor":8,"turns":3},{"damage":10,"enemies":"Large Slime","floor":10,"turns":6},{"damage":11,"enemies":"Exordium Wildlife","floor":12,"turns":2},{"damage":16,"enemies":"Gremlin Nob","floor":13,"turns":3},{"damage":12,"enemies":"Blue Slaver","floor":14,"turns":3},{"damage":6,"enemies":"Slime Boss","floor":16,"turns":3},{"damage":13,"enemies":"Shell Parasite","floor":18,"turns":3}],"seed_played":"1124826964078191670","potions_obtained":[{"floor":1,"key":"Explosive Potion"},{"floor":13,"key":"Weak Potion"},{"floor":14,"key":"FairyPotion"},{"floor":16,"key":"Explosive Potion"},{"floor":18,"key":"Swift Potion"}],"is_trial":false,"path_per_floor":["M","?","?","M","M","R","E","M","T","M","?","M","E","M","R","B",null,"M"],"character_chosen":"IRONCLAD","items_purchased":["Flex","REME_Cut","Bronze Scales","REME_FearOfPain+1","Flex"],"campfire_rested":0,"item_purchase_floors":[6,6,15,15,15],"current_hp_per_floor":[100,110,120,130,140,150,135,138,148,154,164,169,169,173,183,193,260,253,253],"gold":151,"neow_bonus":"RANDOM_COMMON_RELIC","is_daily":false,"chose_seed":false,"campfire_upgraded":0,"win_rate":0.0,"timestamp":1607693483,"path_taken":["M","?","?","M","M","R","E","M","T","M","?","M","E","M","R","BOSS","M"],"items_purchased_type":["Card","Card","Relic","Undefined","Card"],"build_version":"2020-11-30","purchased_purges":1,"victory":false,"max_hp_per_floor":[100,110,120,130,140,150,160,170,180,190,200,210,220,230,240,250,260,260,260],"card_choices":[{"not_picked":["Burning Pact","Warcry"],"picked":"Twin Strike","floor":1},{"not_picked":["Sentinel","True Grit","Armaments"],"picked":"SKIP","floor":4},{"not_picked":["Combust","Wild Strike","Body Slam"],"picked":"SKIP","floor":5},{"not_picked":["Ghostly Armor","True Grit","Spot Weakness"],"picked":"SKIP","floor":7},{"not_picked":["Sentinel","Battle Trance","Whirlwind"],"picked":"SKIP","floor":8},{"not_picked":["Shockwave","Spot Weakness"],"picked":"REME_FearOfPain+1","floor":10},{"not_picked":["Sword Boomerang","Fire Breathing+1"],"picked":"Corruption+1","floor":12},{"not_picked":["Pommel Strike","Clothesline","Impervious"],"picked":"SKIP","floor":13},{"not_picked":["Rampage","Reckless Charge"],"picked":"REME_FearOfPain+1","floor":14},{"not_picked":["Fiend Fire","Limit Break"],"picked":"REME_ACTH","floor":16},{"not_picked":["REME_Scribble+1","Burning Pact"],"picked":"Infernal Blade","floor":18}],"player_experience":445375,"relics_obtained":[{"floor":4,"key":"testmod-Nyarlathotep"},{"floor":7,"key":"Frozen Egg 2"},{"floor":13,"key":"SumBook"},{"floor":18,"key":"testmod-Nyarlathotep"}],"event_choices":[{"damage_healed":0,"gold_gain":0,"player_choice":"Swap Relic","damage_taken":0,"relics_obtained":["AddBug"],"max_hp_gain":0,"max_hp_loss":0,"event_name":"给自己的盒子","floor":2,"relics_lost":["testmod-TestBox"],"gold_loss":0},{"damage_healed":0,"gold_gain":175,"player_choice":"AGREE","damage_taken":0,"max_hp_gain":0,"max_hp_loss":0,"event_name":"Liars Game","floor":3,"gold_loss":0,"cards_obtained":["Doubt"]},{"damage_healed":0,"gold_gain":100,"player_choice":"Gold","damage_taken":0,"max_hp_gain":0,"max_hp_loss":0,"event_name":"Wheel of Change","floor":11,"gold_loss":0}],"is_beta":false,"boss_relics":[{"not_picked":["testmod-BatchProcessingSystem","SacredBark"],"picked":"testmod-Prudence"}],"items_purged_floors":[6],"is_endless":false,"potions_floor_spawned":[1,8,13,14,16,18],"killed_by":"Shell Parasite","ascension_level":1}}