{"host":"p4yrwepmrl4g8pul","time":1607652078,"event":{"mods":["Act Like it!","BaseMod","BetterRewards","Colored Map","Custom Start","Gensokyo","Marisa（F雨　魔理沙）","Minty Spire (QoL Compilation)","Quick Restart","Rare Cards Sparkle","Reimu（博丽灵梦）","Remilia（蕾米莉亚）","Remove Card Discount Mod","Shop Mod","StSLib","The Jungle","【东方二次创作】八云紫mod"],"gold_per_floor":[117,47,64,83,83,112,127,127,127,162,162,162,162,197,197,268,268,280,297,118,118,130,130,10,36,36,65,84,110,20,36,36,107,107,119,119,119,161,176,202,213,241,290,290,323,338,338,355,355,355,355,355,355,116,144,144],"floor_reached":57,"playtime":1278,"items_purged":["Strike_R","Strike_R","Defend_R","Defend_R","Defend_R","Bash","Defend_R","Strike_R","Strike_R","Strike_R","Feel No Pain","Hemokinesis+1","Cleave+1","Rupture+1","Armaments+1","Pommel Strike+1","Thunderclap+1","Sword Boomerang+1"],"score":4251,"play_id":"6dfdbcd9-7a4c-4177-98c9-a382faee2b0e","local_time":"20201211100118","is_ascension_mode":true,"campfire_choices":[{"data":"Armaments","floor":8.0,"key":"SMITH"},{"data":"Limit Break","floor":11.0,"key":"SMITH"},{"data":"Shrug It Off","floor":13.0,"key":"SMITH"},{"floor":15.0,"key":"RECALL"},{"data":"1","floor":23.0,"key":"LIFT"},{"data":"2","floor":32,"key":"LIFT"},{"data":"3","floor":47,"key":"LIFT"},{"data":"Flex","floor":49,"key":"SMITH"},{"data":"Shrug It Off","floor":53,"key":"SMITH"}],"circlet_count":0,"master_deck":["AscendersBane","Shrug It Off+1","Shrug It Off+1","Exhume+1","Whirlwind+1","Flex+1","Limit Break","Barricade"],"relics":["Burning Blood","Du-Vu Doll","Vajra","Chemical X","Akabeko","TheAbacus","White Beast Statue","PreservedInsect","Medical Kit","Omamori","Anchor","Molten Egg 2","Membership Card","Paper Frog","Meat on the Bone","Prayer Wheel","Potion Belt","Bag of Marbles","CrazyTorch:ReiMu","ClockworkSouvenir","Girya","Gensokyo:SpiderMask","Nunchaku","Lantern","HandDrill","Busted Crown","MerchantsRug","Mastiff:ReiMu","Shuriken","Sling","Lizard Tail","RuthlessExorcism:ReiMu","Centennial Puzzle","Champion Belt","Strange Spoon","Bird Faced Urn"],"acts_visited":["Gensokyo:Gensokyo","Gensokyo:Gensokyoer","TheBeyond","TheEnding"],"potions_floor_usage":[25,33,42,56,56,56,56],"damage_taken":[{"damage":0.0,"enemies":"Gensokyo:2_Kodama","floor":1.0,"turns":2.0},{"damage":0.0,"enemies":"Gensokyo:3_Fairies","floor":3.0,"turns":2.0},{"damage":2.0,"enemies":"Gensokyo:Gryphon","floor":4.0,"turns":1.0},{"damage":2.0,"enemies":"Gensokyo:Cirno","floor":6.0,"turns":4.0},{"damage":0.0,"enemies":"Gensokyo:3_Kodama","floor":7.0,"turns":1.0},{"damage":0.0,"enemies":"Gensokyo:Aya","floor":10.0,"turns":1.0},{"damage":0.0,"enemies":"Gensokyo:Cirno","floor":14.0,"turns":4.0},{"damage":0.0,"enemies":"Gensokyo:Yukari","floor":16.0,"turns":3.0},{"damage":0.0,"enemies":"Gensokyo:CosmicMonolith","floor":18.0,"turns":1.0},{"damage":2.0,"enemies":"Gensokyo:Chomper","floor":19.0,"turns":2.0},{"damage":0.0,"enemies":"Gensokyo:Monolith_and_Dog","floor":22.0,"turns":1.0},{"damage":0,"enemies":"Gensokyo:Tenshi","floor":25,"turns":1},{"damage":0,"enemies":"Gensokyo:Reisen","floor":27,"turns":1},{"damage":0,"enemies":"Gensokyo:Slime_Group","floor":28,"turns":1},{"damage":0,"enemies":"Gensokyo:Wraith","floor":31,"turns":1},{"damage":0,"enemies":"Gensokyo:Eiki","floor":33,"turns":1},{"damage":0,"enemies":"3 Darklings","floor":35,"turns":1},{"damage":0,"enemies":"3 Shapes","floor":39,"turns":1},{"damage":0,"enemies":"Giant Head","floor":40,"turns":1},{"damage":0,"enemies":"Writhing Mass","floor":41,"turns":1},{"damage":0,"enemies":"Nemesis","floor":42,"turns":1},{"damage":0,"enemies":"Reptomancer","floor":45,"turns":1},{"damage":0,"enemies":"3 Darklings","floor":46,"turns":1},{"damage":0,"enemies":"Spire Growth","floor":48,"turns":1},{"damage":0,"enemies":"Awakened One","floor":50,"turns":3},{"damage":0,"enemies":"Donu and Deca","floor":51,"turns":2},{"damage":0,"enemies":"Shield and Spear","floor":55,"turns":1},{"damage":23,"enemies":"The Heart","floor":56,"turns":6}],"seed_played":"5962809767505606621","potions_obtained":[{"floor":1.0,"key":"FearPotion"},{"floor":3.0,"key":"SpeedPotion"},{"floor":4.0,"key":"Strength Potion"},{"floor":6.0,"key":"FearPotion"},{"floor":7.0,"key":"FairyPotion"},{"floor":10.0,"key":"Energy Potion"},{"floor":14.0,"key":"BloodPotion"},{"floor":16.0,"key":"SpeedPotion"},{"floor":25,"key":"PowerPotion"},{"floor":27,"key":"LiquidMemories"},{"floor":33,"key":"Swift Potion"},{"floor":39,"key":"ZuzhouPotion:ReiMu"},{"floor":40,"key":"ColorlessPotion"},{"floor":41,"key":"Energy Potion"},{"floor":42,"key":"Explosive Potion"},{"floor":45,"key":"Dexterity Potion"},{"floor":48,"key":"Strength Potion"}],"is_trial":false,"path_per_floor":["M","?","M","M","?","E","M","R","T","E","R","T","R","E","R","B",null,"M","M","$","?","M","R","?","E","T","E","M","T","$","M","R","B",null,"M","?","?","$","M","E","M","E","T","?","E","M","R","M","R","B","B",null,"R","$","E","B",null],"character_chosen":"IRONCLAD","items_purchased":["Du-Vu Doll","Vajra","Orrery","Chemical X","Akabeko","TheAbacus","Armaments","White Beast Statue","PreservedInsect","Matryoshka","Medical Kit","Omamori","Anchor","Molten Egg 2","Hemokinesis+1","Shrug It Off","Membership Card","Paper Frog","Meat on the Bone","Battle Trance","ClockworkSouvenir","Exhume","HandDrill","MerchantsRug","Mastiff:ReiMu","Shuriken","Sling","Limit Break","Strange Spoon","Barricade"],"campfire_rested":0,"item_purchase_floors":[0,0,0,0,0,0,0,0,0,0,0,0,0,0,0,0,0,0,0,0,20,20,30,38,38,38,38,54,54,54],"current_hp_per_floor":[38,38,44,48,48,52,58,58,65,71,71,71,71,77,77,82,82,82,82,82,74,74,74,74,74,74,74,74,74,74,74,74,74,74,74,74,74,74,74,74,74,74,74,74,74,74,74,74,74,74,74,74,74,74,74,57],"gold":144,"neow_bonus":"","is_daily":false,"chose_seed":false,"campfire_upgraded":5,"win_rate":0.0,"timestamp":1607652078,"path_taken":["M","?","M","M","?","E","M","R","T","E","R","?","R","E","R","BOSS","M","M","$","?","M","R","?","E","T","E","M","?","$","M","R","BOSS","M","?","?","$","?","E","M","E","T","?","E","M","R","M","R","BOSS","BOSS","R","$","E","BOSS"],"items_purchased_type":["Relic","Relic","Relic","Relic","Relic","Relic","Card","Relic","Relic","Relic","Relic","Relic","Relic","Relic","Undefined","Card","Relic","Relic","Relic","Card","Relic","Card","Relic","Relic","Relic","Relic","Relic","Card","Relic","Card"],"build_version":"2020-11-30","purchased_purges":18,"victory":true,"max_hp_per_floor":[75,75,75,75,75,75,75,75,82,82,82,82,82,82,82,82,82,82,82,82,74,74,74,74,74,74,74,74,74,74,74,74,74,74,74,74,74,74,74,74,74,74,74,74,74,74,74,74,74,74,74,74,74,74,74,74],"card_choices":[{"not_picked":["Hemokinesis","Rampage"],"picked":"Feel No Pain","floor":0.0},{"not_picked":["Dual Wield","Twin Strike"],"picked":"Cleave","floor":0.0},{"not_picked":["Double Tap","Clothesline"],"picked":"Shrug It Off","floor":0.0},{"not_picked":["Combust","Sever Soul"],"picked":"Rupture","floor":0.0},{"not_picked":["Heavy Blade+1","Armaments"],"picked":"Sword Boomerang+1","floor":1.0},{"not_picked":["Spot Weakness","Cleave+1","Thunderclap+1"],"picked":"SKIP","floor":1.0},{"not_picked":["Wild Strike+1","Shrug It Off","Rampage+1"],"picked":"SKIP","floor":3.0},{"not_picked":["Dropkick+1","Flex","Anger+1"],"picked":"SKIP","floor":3.0},{"not_picked":["Cleave+1","Anger+1","Reaper+1"],"picked":"SKIP","floor":4.0},{"not_picked":["Infernal Blade","Anger+1","Perfected Strike+1"],"picked":"SKIP","floor":4.0},{"not_picked":["True Grit","Dual Wield","Thunderclap+1"],"picked":"SKIP","floor":6.0},{"not_picked":["Clothesline+1","Warcry","Evolve"],"picked":"SKIP","floor":7.0},{"not_picked":["Flex","Evolve","Perfected Strike+1"],"picked":"SKIP","floor":7.0},{"not_picked":["Dark Embrace","Sword Boomerang+1"],"picked":"Limit Break","floor":10.0},{"not_picked":["Wild Strike+1","Dual Wield","Evolve"],"picked":"SKIP","floor":14.0},{"not_picked":["Fire Breathing+1","Armaments"],"picked":"Pommel Strike+1","floor":18.0},{"not_picked":["Evolve","Body Slam+1","Clothesline+1"],"picked":"SKIP","floor":18.0},{"not_picked":["Flame Barrier","Intimidate"],"picked":"Thunderclap+1","floor":19.0},{"not_picked":["Dark Embrace","Pommel Strike+1","Entrench+1"],"picked":"SKIP","floor":19.0},{"not_picked":["Uppercut+1","Evolve"],"picked":"Whirlwind+1","floor":22.0},{"not_picked":["Fire Breathing","Clothesline+1","Shockwave"],"picked":"SKIP","floor":22.0},{"not_picked":["Battle Trance","Havoc","Thunderclap+1"],"picked":"SKIP","floor":25},{"not_picked":["Body Slam+1","Sentinel","Warcry"],"picked":"SKIP","floor":27},{"not_picked":["Warcry","Anger+1","Combust+1"],"picked":"SKIP","floor":28},{"not_picked":["Inflame+1","Thunderclap+1","Combust+1"],"picked":"SKIP","floor":28},{"not_picked":["Sword Boomerang+1","Clash+1","Iron Wave+1"],"picked":"SKIP","floor":31},{"not_picked":["Battle Trance","Iron Wave+1","Intimidate"],"picked":"SKIP","floor":31},{"not_picked":["Reckless Charge+1"],"picked":"SKIP","floor":35},{"not_picked":["Intimidate+1"],"picked":"SKIP","floor":35},{"not_picked":["Bloodletting"],"picked":"SKIP","floor":39},{"not_picked":["Body Slam+1"],"picked":"SKIP","floor":39},{"not_picked":[],"picked":"Flex","floor":40},{"not_picked":[],"picked":"Seeing Red","floor":41},{"not_picked":["Havoc"],"picked":"SKIP","floor":41},{"not_picked":["Dark Embrace"],"picked":"SKIP","floor":42},{"not_picked":["Armaments"],"picked":"SKIP","floor":45},{"not_picked":["Carnage+1"],"picked":"SKIP","floor":46},{"not_picked":["Dark Embrace"],"picked":"SKIP","floor":46},{"not_picked":["Rage"],"picked":"SKIP","floor":48},{"not_picked":["Thunderclap+1"],"picked":"SKIP","floor":48},{"not_picked":["Headbutt+1"],"picked":"SKIP","floor":55}],"player_experience":751881,"relics_obtained":[{"floor":6.0,"key":"Potion Belt"},{"floor":9.0,"key":"Bag of Marbles"},{"floor":9.0,"key":"Strawberry"},{"floor":10.0,"key":"Whetstone"},{"floor":12.0,"key":"ScarletDevilRocket"},{"floor":14.0,"key":"CrazyTorch:ReiMu"},{"floor":25,"key":"Nunchaku"},{"floor":27,"key":"Frozen Egg 2"},{"floor":29,"key":"Lantern"},{"floor":40,"key":"Lizard Tail"},{"floor":42,"key":"RuthlessExorcism:ReiMu"},{"floor":43,"key":"Centennial Puzzle"},{"floor":45,"key":"Champion Belt"},{"floor":55,"key":"Bird Faced Urn"}],"event_choices":[{"cards_removed":["Limit Break"],"damage_healed":0,"gold_gain":0,"player_choice":"Removed Skill","damage_taken":0,"max_hp_gain":0,"max_hp_loss":0,"event_name":"Falling","floor":36,"gold_loss":0},{"damage_healed":0,"gold_gain":0,"player_choice":"Upgraded","damage_taken":0,"max_hp_gain":0,"max_hp_loss":0,"event_name":"Upgrade Shrine","floor":37,"gold_loss":0,"cards_upgraded":["Exhume"]},{"cards_removed":["Seeing Red"],"damage_healed":0,"gold_gain":0,"player_choice":"Purged","damage_taken":0,"max_hp_gain":0,"max_hp_loss":0,"event_name":"Purifier","floor":44,"gold_loss":0}],"is_beta":false,"boss_relics":[{"not_picked":["Velvet Choker","Coffee Dripper"],"picked":"Mark of Pain"},{"not_picked":["Runic Pyramid","Black Blood"],"picked":"Busted Crown"}],"items_purged_floors":[0,0,0,0,0,0,0,0,0,0,0,20,20,20,20,20,30,30],"is_endless":false,"potions_floor_spawned":[1,3,4,6,7,10,14,16,18,19,22,25,27,28,31,33,35,39,40,41,42,45,46,48,55],"ascension_level":20}}