{"host":"msmkw03x1o7nq45i","time":1607679015,"event":{"mods":["AchievementEnabler","BaseMod","Bestiary","Colored Powertips","GifTheSpireLib","Highlight Path","Minty Spire (QoL Compilation)","Random Character Button","StSLib","everything is the same but u backflip on backflip"],"gold_per_floor":[112,112,128,5,21,21,49,49,49,49,66,241,266,283,283,383,383,399,416,212,229,38,38,38,63,109,138,138,138,138,158,158,253,253,264,264,291,306,17,43,56,81,127,137,147,147,147,247,247,247],"floor_reached":51,"playtime":3030,"items_purged":["Defend_G","Doubt"],"score":1029,"play_id":"931b9224-5068-48d4-9ff4-b502f9fd88c1","local_time":"20201211113015","is_ascension_mode":true,"campfire_choices":[{"data":"Dagger Spray","floor":6,"key":"SMITH"},{"data":"Envenom","floor":8,"key":"SMITH"},{"data":"Neutralize","floor":10,"key":"SMITH"},{"floor":15,"key":"REST"},{"floor":23,"key":"REST"},{"floor":30,"key":"REST"},{"data":"Accuracy","floor":32,"key":"SMITH"},{"floor":46,"key":"REST"},{"floor":49,"key":"REST"}],"circlet_count":0,"master_deck":["Strike_G+1","Strike_G+1","Strike_G+1","Strike_G+1","Defend_G+1","Defend_G+1","Defend_G+1","Defend_G+1","Survivor+1","Neutralize+1","Accuracy+1","Dagger Spray+1","Dash","Envenom+1","Poisoned Stab","Terror+1","After Image","Blade Dance+1","Endless Agony","Cloak And Dagger","Backflip","Well Laid Plans","Blade Dance","Dash+1","Malaise","Calculated Gamble","Phantasmal Killer","Well Laid Plans","Writhe","Backflip","Infinite Blades","Apotheosis","Quick Slash","Quick Slash+1","Noxious Fumes","After Image","Cloak And Dagger+1","Sucker Punch+1"],"relics":["Philosopher\u0027s Stone","Matryoshka","Akabeko","Pear","Centennial Puzzle","SlaversCollar","Vajra","Mummified Hand","War Paint","Art of War","Ninja Scroll","Paper Crane","Fusion Hammer","MealTicket","Torii","Toxic Egg 2","Anchor","Kunai"],"acts_visited":["Exordium","TheCity","TheBeyond"],"potions_floor_usage":[16,19,25,44,50,50,50],"damage_taken":[{"damage":3,"enemies":"Small Slimes","floor":1,"turns":5},{"damage":3,"enemies":"Jaw Worm","floor":3,"turns":6},{"damage":2,"enemies":"2 Louse","floor":5,"turns":3},{"damage":13,"enemies":"3 Sentries","floor":7,"turns":7},{"damage":7,"enemies":"Large Slime","floor":11,"turns":6},{"damage":24,"enemies":"Gremlin Nob","floor":13,"turns":4},{"damage":6,"enemies":"Exordium Thugs","floor":14,"turns":4},{"damage":22,"enemies":"The Guardian","floor":16,"turns":11},{"damage":26,"enemies":"3 Byrds","floor":18,"turns":6},{"damage":1,"enemies":"2 Thieves","floor":19,"turns":4},{"damage":26,"enemies":"Cultist and Chosen","floor":21,"turns":6},{"damage":4,"enemies":"Slavers","floor":25,"turns":3},{"damage":24,"enemies":"Gremlin Leader","floor":27,"turns":4},{"damage":1,"enemies":"Shelled Parasite and Fungi","floor":31,"turns":2},{"damage":0,"enemies":"Champ","floor":33,"turns":7},{"damage":3,"enemies":"3 Shapes","floor":35,"turns":3},{"damage":11,"enemies":"3 Darklings","floor":38,"turns":4},{"damage":27,"enemies":"Nemesis","floor":40,"turns":3},{"damage":2,"enemies":"Sphere and 2 Shapes","floor":41,"turns":4},{"damage":12,"enemies":"Reptomancer","floor":42,"turns":5},{"damage":2,"enemies":"Writhing Mass","floor":44,"turns":4},{"damage":16,"enemies":"3 Darklings","floor":45,"turns":4},{"damage":19,"enemies":"Donu and Deca","floor":50,"turns":6}],"seed_played":"2218685206603880205","potions_obtained":[{"floor":1,"key":"Explosive Potion"},{"floor":11,"key":"ColorlessPotion"},{"floor":13,"key":"GhostInAJar"},{"floor":21,"key":"Explosive Potion"},{"floor":31,"key":"GhostInAJar"},{"floor":35,"key":"Fire Potion"},{"floor":42,"key":"CultistPotion"},{"floor":45,"key":"BlessingOfTheForge"}],"is_trial":false,"path_per_floor":["M","?","M","$","M","R","E","R","T","R","M","?","E","M","R","B",null,"M","M","$","M","$","R","?","E","T","E","T","?","R","M","R","B",null,"M","?","T","M","$","E","M","E","T","M","M","R","T","?","R","B",null],"character_chosen":"THE_SILENT","items_purchased":["SpeedPotion","Vajra","Cloak And Dagger","Well Laid Plans","Blade Dance","Infinite Blades","Apotheosis","Quick Slash"],"campfire_rested":5,"item_purchase_floors":[4,20,20,22,22,39,39,39],"current_hp_per_floor":[60,53,50,50,48,48,35,35,45,45,38,38,14,8,32,10,63,37,36,36,10,10,34,34,30,30,6,6,6,30,29,29,29,67,64,80,80,69,80,53,51,39,39,37,21,45,45,45,69,50],"gold":247,"neow_bonus":"BOSS_RELIC","is_daily":false,"chose_seed":false,"campfire_upgraded":4,"win_rate":0.0,"timestamp":1607679015,"path_taken":["M","?","M","$","M","R","E","R","T","R","M","?","E","M","R","BOSS","M","M","$","M","$","R","?","E","T","E","?","?","R","M","R","BOSS","M","?","?","M","$","E","?","E","T","M","M","R","?","?","R","BOSS"],"items_purchased_type":["Potion","Relic","Card","Card","Card","Card","Card","Card"],"build_version":"2020-11-30","purchased_purges":2,"victory":true,"max_hp_per_floor":[70,70,70,70,70,70,70,70,80,80,80,80,80,80,80,80,80,80,80,80,80,80,80,80,80,80,80,80,80,80,80,80,80,80,80,80,80,80,80,80,80,80,80,80,80,80,80,80,80,80],"card_choices":[{"not_picked":["Tactician","Acrobatics"],"picked":"Accuracy","floor":1},{"not_picked":["Prepared","Calculated Gamble"],"picked":"Dagger Spray","floor":3},{"not_picked":["Sucker Punch","Dodge and Roll"],"picked":"Dash","floor":5},{"not_picked":["Prepared","Blade Dance"],"picked":"Envenom","floor":7},{"not_picked":["Underhanded Strike","Prepared"],"picked":"Poisoned Stab","floor":11},{"not_picked":["Slice","Choke"],"picked":"Terror","floor":13},{"not_picked":["Prepared","Slice","Blur"],"picked":"SKIP","floor":14},{"not_picked":["Burst","Storm of Steel"],"picked":"After Image","floor":16},{"not_picked":["Terror","Deadly Poison"],"picked":"Blade Dance+1","floor":18},{"not_picked":["Dagger Throw+1","Slice"],"picked":"Endless Agony","floor":19},{"not_picked":["Bane","Acrobatics"],"picked":"Backflip","floor":21},{"not_picked":["Cloak And Dagger","Flying Knee"],"picked":"Dash+1","floor":25},{"not_picked":["Prepared+1","Dodge and Roll"],"picked":"Malaise","floor":27},{"not_picked":["Bane","Backflip"],"picked":"Calculated Gamble","floor":31},{"not_picked":["Night Terror","Glass Knife"],"picked":"Phantasmal Killer","floor":33},{"not_picked":["Quick Slash+1","Underhanded Strike+1"],"picked":"Well Laid Plans","floor":35},{"not_picked":["Underhanded Strike+1","Terror"],"picked":"Backflip","floor":38},{"not_picked":["Riddle With Holes","Well Laid Plans"],"picked":"Quick Slash+1","floor":40},{"not_picked":["Slice","Flying Knee"],"picked":"Noxious Fumes","floor":41},{"not_picked":["Deadly Poison+1","Acrobatics+1"],"picked":"After Image","floor":42},{"not_picked":["Slice+1","Calculated Gamble+1"],"picked":"Cloak And Dagger+1","floor":44},{"not_picked":["Underhanded Strike","Reflex+1"],"picked":"Sucker Punch+1","floor":45}],"player_experience":251497,"relics_obtained":[{"floor":7,"key":"Matryoshka"},{"floor":9,"key":"Akabeko"},{"floor":9,"key":"Pear"},{"floor":13,"key":"Centennial Puzzle"},{"floor":25,"key":"Mummified Hand"},{"floor":26,"key":"War Paint"},{"floor":26,"key":"Art of War"},{"floor":27,"key":"Ninja Scroll"},{"floor":28,"key":"Paper Crane"},{"floor":37,"key":"MealTicket"},{"floor":40,"key":"Torii"},{"floor":42,"key":"Toxic Egg 2"},{"floor":43,"key":"Anchor"},{"floor":47,"key":"Kunai"}],"event_choices":[{"cards_removed":["Strike_G"],"damage_healed":0,"gold_gain":0,"player_choice":"Card Removal","damage_taken":7,"max_hp_gain":0,"max_hp_loss":0,"event_name":"Golden Wing","floor":2,"gold_loss":0},{"damage_healed":0,"gold_gain":175,"player_choice":"AGREE","damage_taken":0,"max_hp_gain":0,"max_hp_loss":0,"event_name":"Liars Game","floor":12,"gold_loss":0,"cards_obtained":["Doubt"]},{"damage_healed":0,"gold_gain":0,"player_choice":"Simplicity","damage_taken":0,"max_hp_gain":0,"max_hp_loss":0,"event_name":"Back to Basics","floor":24,"gold_loss":0,"cards_upgraded":["Strike_G","Strike_G","Strike_G","Strike_G","Defend_G","Defend_G","Defend_G","Defend_G"]},{"damage_healed":0,"gold_gain":0,"player_choice":"Ignored","damage_taken":0,"max_hp_gain":0,"max_hp_loss":0,"event_name":"Cursed Tome","floor":29,"gold_loss":0},{"damage_healed":20,"gold_gain":0,"player_choice":"Writhe","damage_taken":0,"max_hp_gain":0,"max_hp_loss":0,"event_name":"Winding Halls","floor":36,"gold_loss":0,"cards_obtained":["Writhe"]},{"damage_healed":0,"gold_gain":100,"player_choice":"Pray","damage_taken":0,"max_hp_gain":0,"max_hp_loss":0,"event_name":"Golden Shrine","floor":48,"gold_loss":0}],"is_beta":false,"boss_relics":[{"not_picked":["Tiny House","Velvet Choker"],"picked":"SlaversCollar"},{"not_picked":["Calling Bell","Empty Cage"],"picked":"Fusion Hammer"}],"items_purged_floors":[4,22],"is_endless":false,"potions_floor_spawned":[1,11,13,21,31,35,42,45],"ascension_level":6}}