{"host":"z9grmtg2w0nmz8n1","time":1607673187,"event":{"mods":["BaseMod","Better Third Choice","BetterRewards","CCEM","Colored Map","GifTheSpireLib","Hubris","Infinite Spire","Jedi Mod","Jorbs\u0027s Wanderer Trilogy","Minty Spire (QoL Compilation)","Permanent Neow","Replay The Spire","StSLib","Stuff the Spire","The Bug Knight"],"gold_per_floor":[214,214,289,299,314,349,360,386,386,386,386,386],"floor_reached":11,"playtime":524,"items_purged":[],"score":83,"play_id":"619ec5de-4d0c-4370-8d03-ca54e4481844","local_time":"20201211055307","is_ascension_mode":false,"campfire_choices":[{"floor":10,"key":"REST"}],"circlet_count":0,"master_deck":["Strike_G","Strike_G","Strike_G","Strike_G","Strike_G","Defend_G","Defend_G","Defend_G","Defend_G","Defend_G","Survivor","Neutralize","Bouncing Flask","Flying Knee","Flying Knee"],"relics":["Ring of the Snake","jedi:archwizardhat","hubris:BottledRain","CCEMRelics:GrapeVine"],"acts_visited":["Exordium"],"potions_floor_usage":[6,11],"damage_taken":[{"damage":1,"enemies":"Cultist","floor":1,"turns":4},{"damage":3,"enemies":"Jaw Worm","floor":4,"turns":4},{"damage":2,"enemies":"Small Slimes","floor":5,"turns":4},{"damage":30,"enemies":"3 Sentries","floor":6,"turns":11},{"damage":0,"enemies":"2 Fungi Beasts","floor":7,"turns":4},{"damage":16,"enemies":"Gremlin Nob","floor":8,"turns":4},{"damage":31,"enemies":"3 Sentries","floor":11,"turns":6}],"seed_played":"-6191465380938088210","potions_obtained":[{"floor":4,"key":"DuplicationPotion"},{"floor":8,"key":"BlessingOfTheForge"}],"is_trial":false,"path_per_floor":["M","T","?","M","M","E","M","E","T","R","E"],"character_chosen":"THE_SILENT","items_purchased":[],"campfire_rested":1,"item_purchase_floors":[],"current_hp_per_floor":[69,69,58,55,53,23,23,7,7,28,0,0],"gold":386,"neow_bonus":"HUNDRED_GOLD","is_daily":false,"chose_seed":false,"campfire_upgraded":0,"win_rate":0.0,"timestamp":1607673187,"path_taken":["M","?","?","M","M","E","M","E","T","R","E"],"items_purchased_type":[],"build_version":"2020-11-30","purchased_purges":0,"victory":false,"max_hp_per_floor":[70,70,70,70,70,70,70,70,70,70,70,70],"card_choices":[{"not_picked":["Sucker Punch","Concentrate"],"picked":"Bouncing Flask","floor":1},{"not_picked":["hubris:TrickCloak","Blade Dance"],"picked":"Flying Knee","floor":4},{"not_picked":["PiercingWail","Blade Dance"],"picked":"Flying Knee","floor":5},{"not_picked":["Deflect","Bane","StuffTheSpire:ClusterCrunch"],"picked":"SKIP","floor":6},{"not_picked":["Underhanded Strike","Bane","StuffTheSpire:BumpUp"],"picked":"SKIP","floor":7},{"not_picked":["Fluid Movement","Setup","Bane"],"picked":"SKIP","floor":8}],"player_experience":530085,"relics_obtained":[{"floor":6,"key":"jedi:archwizardhat"},{"floor":8,"key":"hubris:BottledRain"},{"floor":9,"key":"CCEMRelics:GrapeVine"}],"event_choices":[{"damage_healed":0,"gold_gain":75,"player_choice":"Gold","damage_taken":11,"max_hp_gain":0,"max_hp_loss":0,"event_name":"betterThird:BetterGoop","floor":3,"gold_loss":0}],"is_beta":false,"boss_relics":[],"items_purged_floors":[],"is_endless":false,"potions_floor_spawned":[4,8],"killed_by":"3 Sentries","ascension_level":0}}