{"host":"cz3p2o9n3b1gdmkz","time":1607648895,"event":{"mods":["AchievementEnabler","BaseMod","CapriCore","GungeonMod","Minty Spire (QoL Compilation)","Replay The Spire","Shop Mod","StSLib","SuperFastMode","The Cursed","The Jungle"],"gold_per_floor":[116,131,56,56,70,98,98,108,131,165,177,177,127,127,127,224,224,238,238,249,320,333,333,333,361,385,285,310,310,55,85,97,205,217,246,9,60,60,75,109,109,125,125,125,125,159,159,159,159,159,159,159,4,34,34],"floor_reached":56,"playtime":4470,"items_purged":["DemoMod:Strike_Huntress","DemoMod:Defend_Huntress"],"score":1972,"play_id":"459f719f-54a2-4012-beb9-da0be115b6f6","local_time":"20201211100815","is_ascension_mode":true,"campfire_choices":[{"data":"DemoMod:HungryBullets","floor":7.0,"key":"SMITH"},{"data":"DemoMod:BlankBullets","floor":12.0,"key":"SMITH"},{"data":"DemoMod:CombinedRifle","floor":15.0,"key":"SMITH"},{"data":"DemoMod:ManualReload","floor":23.0,"key":"SMITH"},{"data":"DemoMod:BlankBullets","floor":32.0,"key":"SMITH"},{"data":"DemoMod:DoubleSwitch","floor":41.0,"key":"SMITH"},{"floor":49,"key":"RECALL"},{"data":"DemoMod:BattleInHaste","floor":52,"key":"SMITH"}],"circlet_count":0,"master_deck":["DemoMod:Roll","DemoMod:ManualReload+1","DemoMod:RustySidearm","DemoMod:CrossBow","DemoMod:CombinedRifle+1","DemoMod:MachoBrace","DemoMod:BlankBullets+1","DemoMod:HungryBullets+1","DemoMod:Evolver","DemoMod:Eureka","DemoMod:Camera","DemoMod:BlankBullets+1","CurseOfTheBell","DemoMod:MachoBrace+1","DemoMod:HardPowerCard+1","DemoMod:Polaris","DemoMod:GunstockTap+1","DemoMod:BlackHoleGun+1","DemoMod:BattleInHaste+1","DemoMod:Unity+1","DemoMod:PracticeMakesPerfect+1","DemoMod:DoubleSwitch+1","DemoMod:LifeOrb+1"],"relics":["Honey Jar","InkBottle","Juzu Bracelet","ReplayTheSpireMod:Lightbulb","Calling Bell","Replay:Towering Pillar of Hats","Anchor","Mercury Hourglass","DemoMod:WhiteGuonStone","DemoMod:Limited","Pantograph","Sundial","Replay:Mystery Machine","Red Mask","Molten Egg 2","MawBank","Empty Cage","DemoMod:CrisisStone","Calipers","Smiling Mask","Bag of Preparation","Ring of Chaos","Ring of Fury","Toy Ornithopter","Replay:Accelerometer","DemoMod:ClearGuonStone","DemoMod:AgedBell"],"acts_visited":["Exordium","TheCity","TheBeyond","TheEnding"],"potions_floor_usage":[50,54,55,55,55,55,55,55,55],"damage_taken":[{"damage":0.0,"enemies":"Cultist","floor":1.0,"turns":3.0},{"damage":0.0,"enemies":"Small Slimes","floor":2.0,"turns":3.0},{"damage":0.0,"enemies":"Jaw Worm","floor":5.0,"turns":3.0},{"damage":0.0,"enemies":"Gremlin Nob","floor":6.0,"turns":4.0},{"damage":0.0,"enemies":"2 Fungi Beasts","floor":8.0,"turns":3.0},{"damage":0.0,"enemies":"Replay:BlueRogue","floor":10.0,"turns":7.0},{"damage":0.0,"enemies":"Exordium Wildlife","floor":11.0,"turns":4.0},{"damage":0.0,"enemies":"Slime Boss","floor":16.0,"turns":11.0},{"damage":0.0,"enemies":"2 Thieves","floor":18.0,"turns":5.0},{"damage":19.0,"enemies":"Spheric Guardian","floor":20.0,"turns":5.0},{"damage":4.0,"enemies":"3 Cultists","floor":22.0,"turns":4.0},{"damage":0.0,"enemies":"Replay:Snechameleon","floor":25.0,"turns":7.0},{"damage":0.0,"enemies":"Masked Bandits","floor":28.0,"turns":3.0},{"damage":3.0,"enemies":"Book of Stabbing","floor":31.0,"turns":4.0},{"damage":1.0,"enemies":"Pondfish","floor":33.0,"turns":11.0},{"damage":6.0,"enemies":"3 Shapes","floor":35.0,"turns":4.0},{"damage":0.0,"enemies":"2 Orb Walkers","floor":37.0,"turns":4.0},{"damage":0.0,"enemies":"Orb Walker","floor":39.0,"turns":2.0},{"damage":0.0,"enemies":"R_Hoarder","floor":40.0,"turns":7.0},{"damage":0.0,"enemies":"Maw","floor":42.0,"turns":6.0},{"damage":0.0,"enemies":"Nemesis","floor":46.0,"turns":4.0},{"damage":0,"enemies":"Donu and Deca","floor":50,"turns":8},{"damage":19,"enemies":"Shield and Spear","floor":54,"turns":5},{"damage":0,"enemies":"The Heart","floor":55,"turns":12}],"seed_played":"6993689689761235047","potions_obtained":[{"floor":1.0,"key":"SkillPotion"},{"floor":5.0,"key":"LifebloodPotion"},{"floor":10.0,"key":"Dexterity Potion"},{"floor":18.0,"key":"Toxic Potion"},{"floor":20.0,"key":"Weak Potion"},{"floor":35.0,"key":"PowerPotion"},{"floor":37.0,"key":"Energy Potion"},{"floor":46.0,"key":"EntropicBrew"}],"is_trial":false,"path_per_floor":["M","M","$","?","M","E","R","M","T","E","M","R","?","?","R","B",null,"M","?","M","T","M","R","?","E","T","$","?","?","$","E","R","B",null,"M","$","?","?","M","E","R","M","T","?","?","E","$","?","R","B",null,"R","$","E","B",null],"character_chosen":"HUNTRESS","items_purchased":["Molten Egg 2","DemoMod:CrisisStone","DemoMod:ClearGuonStone"],"campfire_rested":0,"item_purchase_floors":[30,36,53],"current_hp_per_floor":[70,70,70,75,75,75,75,75,75,75,75,75,75,68,68,68,75,75,75,56,56,52,52,52,52,52,52,52,52,52,49,49,73,75,69,69,69,69,69,69,69,69,69,69,69,69,69,69,69,71,71,71,71,52,71],"gold":34,"neow_bonus":"BOSS_RELIC","is_daily":false,"chose_seed":false,"campfire_upgraded":7,"win_rate":0.0,"timestamp":1607648895,"path_taken":["M","M","?","?","M","E","R","M","T","E","M","R","?","?","R","BOSS","M","?","M","?","M","R","?","E","T","?","?","?","$","E","R","BOSS","M","$","?","?","M","E","R","M","T","?","?","E","?","?","R","BOSS","R","$","E","BOSS"],"items_purchased_type":["Relic","Relic","Relic"],"build_version":"2020-11-30","purchased_purges":2,"victory":true,"max_hp_per_floor":[70,70,70,75,75,75,75,75,75,75,75,75,75,75,75,75,75,75,75,75,75,75,75,75,75,75,75,75,75,75,75,75,75,75,75,75,75,75,75,75,75,75,75,75,75,75,75,71,71,71,71,71,71,71,71],"card_choices":[{"not_picked":["DemoMod:MegaHand","DemoMod:HardPowerCard","DemoMod:SpreadAmmo"],"picked":"DemoMod:CombinedRifle","floor":1.0},{"not_picked":["DemoMod:Unmoved","DemoMod:TableSutra","DemoMod:SniperShot"],"picked":"DemoMod:MachoBrace","floor":2.0},{"not_picked":["DemoMod:ConditionalReflex","DemoMod:ProbeStrike","DemoMod:TeaPot"],"picked":"DemoMod:BlankBullets","floor":5.0},{"not_picked":["DemoMod:AC15","DemoMod:StickyCrossBow","DemoMod:Rummage"],"picked":"DemoMod:HungryBullets","floor":6.0},{"not_picked":["DemoMod:TripleGun","DemoMod:HungryBullets","DemoMod:AbyssalTentacle"],"picked":"DemoMod:Evolver","floor":8.0},{"not_picked":["DemoMod:DoubleSwitch","DemoMod:StickyCrossBow","DemoMod:FortunesFavor"],"picked":"DemoMod:Eureka","floor":10.0},{"not_picked":["DemoMod:Ejector","DemoMod:FortunesFavor","DemoMod:MachoBrace"],"picked":"DemoMod:Camera","floor":11.0},{"not_picked":["DemoMod:Elimentaler","DemoMod:FinishedGun","DemoMod:DoubleVision"],"picked":"DemoMod:BlankBullets","floor":16.0},{"not_picked":["DemoMod:SkilledReload","DemoMod:BoxingGlove","DemoMod:CombinedRifle"],"picked":"DemoMod:BSG","floor":18.0},{"not_picked":["DemoMod:BoxingGlove+1","DemoMod:Unmoved","DemoMod:PotionOfGunFriendShip"],"picked":"DemoMod:MachoBrace+1","floor":20.0},{"not_picked":["DemoMod:CombinedRifle","DemoMod:FeignSurrender","DemoMod:PotionOfGunFriendShip"],"picked":"DemoMod:HardPowerCard+1","floor":22.0},{"not_picked":["DemoMod:FortunesFavor","DemoMod:Ejector+1","DemoMod:Evolver","DemoMod:JK47"],"picked":"SKIP","floor":25.0},{"not_picked":["DemoMod:BoxingGlove","DemoMod:HighKaliber","DemoMod:TableSutra"],"picked":"DemoMod:Polaris","floor":28.0},{"not_picked":["DemoMod:FortunesFavor","DemoMod:TeaPot+1","DemoMod:Unmoved+1"],"picked":"DemoMod:GunstockTap+1","floor":31.0},{"not_picked":["DemoMod:ThirdPartyController+1","DemoMod:SuppressiveFire","DemoMod:DarkMarker+1"],"picked":"DemoMod:BlackHoleGun+1","floor":33.0},{"not_picked":["DemoMod:HardPowerCard+1","DemoMod:SAA+1","DemoMod:CursedBullets"],"picked":"DemoMod:BattleInHaste","floor":35.0},{"not_picked":["DemoMod:BattleInHaste+1","DemoMod:CursedBullets+1","DemoMod:HuntsMan+1"],"picked":"DemoMod:Unity+1","floor":37.0},{"not_picked":["DemoMod:ZorGun+1","DemoMod:HardPowerCard+1","DemoMod:JK47+1"],"picked":"DemoMod:PracticeMakesPerfect+1","floor":39.0},{"not_picked":["DemoMod:JK47+1","DemoMod:GunShield","DemoMod:Unmoved"],"picked":"DemoMod:DoubleSwitch","floor":40.0},{"not_picked":["DemoMod:SkilledReload","DemoMod:HuntsMan+1","DemoMod:FeignSurrender","DemoMod:JK47+1"],"picked":"SKIP","floor":42.0},{"not_picked":["DemoMod:Rummage","DemoMod:RadGun+1","DemoMod:AbyssalTentacle+1"],"picked":"DemoMod:LifeOrb+1","floor":46.0},{"not_picked":["DemoMod:Desperate","DemoMod:GunstockTap+1","DemoMod:Purify+1","DemoMod:Camera+1"],"picked":"SKIP","floor":54}],"player_experience":708429,"relics_obtained":[{"floor":6.0,"key":"InkBottle"},{"floor":9.0,"key":"Juzu Bracelet"},{"floor":10.0,"key":"ReplayTheSpireMod:Lightbulb"},{"floor":17.0,"key":"Replay:Towering Pillar of Hats"},{"floor":17.0,"key":"Anchor"},{"floor":17.0,"key":"Mercury Hourglass"},{"floor":21.0,"key":"Pantograph"},{"floor":25.0,"key":"Sundial"},{"floor":26.0,"key":"Replay:Mystery Machine"},{"floor":28.0,"key":"Red Mask"},{"floor":31.0,"key":"MawBank"},{"floor":37.0,"key":"Calipers"},{"floor":38.0,"key":"Smiling Mask"},{"floor":40.0,"key":"Bag of Preparation"},{"floor":44.0,"key":"Ring of Chaos"},{"floor":44.0,"key":"Ring of Fury"},{"floor":46.0,"key":"Replay:Accelerometer"},{"floor":54,"key":"DemoMod:AgedBell"}],"event_choices":[{"damage_healed":0.0,"max_hp_gain":5.0,"max_hp_loss":0.0,"gold_gain":0.0,"event_name":"Big Fish","player_choice":"Donut","floor":4.0,"gold_loss":0.0,"damage_taken":0.0},{"cards_removed":["DemoMod:Strike_Huntress"],"damage_healed":0.0,"max_hp_gain":0.0,"max_hp_loss":0.0,"gold_gain":0.0,"event_name":"The Cleric","player_choice":"Card Removal","floor":13.0,"gold_loss":50.0,"damage_taken":0.0},{"cards_removed":["DemoMod:Defend_Huntress"],"damage_healed":0.0,"max_hp_gain":0.0,"max_hp_loss":0.0,"gold_gain":0.0,"event_name":"Golden Wing","player_choice":"Card Removal","floor":14.0,"gold_loss":0.0,"damage_taken":7.0},{"damage_healed":0.0,"max_hp_gain":0.0,"max_hp_loss":0.0,"gold_gain":0.0,"event_name":"Ghosts","player_choice":"Ignored","floor":24.0,"gold_loss":0.0,"damage_taken":0.0},{"damage_healed":0.0,"max_hp_gain":0.0,"max_hp_loss":0.0,"gold_gain":0.0,"event_name":"Masked Bandits","player_choice":"Fought Bandits","floor":28.0,"gold_loss":0.0,"damage_taken":0.0},{"cards_removed":["DemoMod:Defend_Huntress"],"damage_healed":0.0,"max_hp_gain":0.0,"max_hp_loss":0.0,"gold_gain":0.0,"event_name":"Back to Basics","player_choice":"Elegance","floor":29.0,"gold_loss":0.0,"damage_taken":0.0},{"damage_healed":0.0,"max_hp_gain":0.0,"max_hp_loss":0.0,"gold_gain":0.0,"event_name":"Mysterious Sphere","player_choice":"Fight","floor":37.0,"gold_loss":0.0,"damage_taken":0.0},{"damage_healed":0.0,"max_hp_gain":0.0,"max_hp_loss":0.0,"gold_gain":0.0,"event_name":"Wheel of Change","player_choice":"Relic","floor":38.0,"gold_loss":0.0,"damage_taken":0.0},{"cards_removed":["DemoMod:BSG"],"damage_healed":0.0,"max_hp_gain":0.0,"max_hp_loss":0.0,"gold_gain":0.0,"event_name":"WeMeetAgain","player_choice":"Gave Card","floor":45.0,"gold_loss":0.0,"damage_taken":0.0,"relics_obtained":["Toy Ornithopter"]},{"damage_healed":0.0,"max_hp_gain":0.0,"max_hp_loss":4.0,"gold_gain":0.0,"event_name":"Winding Halls","player_choice":"Max HP","floor":48.0,"gold_loss":0.0,"damage_taken":0.0}],"is_beta":false,"boss_relics":[{"not_picked":["Replay:Fungal Core","Philosopher\u0027s Stone"],"picked":"Calling Bell"},{"not_picked":["Coffee Dripper","Velvet Choker"],"picked":"Empty Cage"}],"items_purged_floors":[3,27],"is_endless":false,"potions_floor_spawned":[1,5,10,18,20,35,37,46],"ascension_level":2}}