{"host":"ve1tu2pxpq596wfw","time":1607705254,"event":{"mods":["AchievementEnabler","BaseMod","Highlight Path","Infinite Spire","Minty Spire (QoL Compilation)","Random Character Button","Replay The Spire","Shop Mod","StSLib","The Blue Laboratory","The Jungle","Wandering Minibosses"],"gold_per_floor":[112,127,147,147,147,173,173,206,257,222,210,242,257,267,267,363,363,382,382,382,401,401,401],"floor_reached":22,"playtime":1869,"items_purged":[],"score":237,"play_id":"be791f01-213c-4975-bc5c-55458888e25e","local_time":"20201211164734","is_ascension_mode":true,"campfire_choices":[{"floor":7,"key":"RECALL"},{"floor":15,"key":"REST"}],"circlet_count":0,"master_deck":["Strike_R","Strike_R","Strike_R","Strike_R","Defend_R+1","Defend_R","Defend_R","Bash","Flex","Double Tap","Heavy Blade+1","Clothesline+1","Dropkick","Heavy Blade","ReplayTheSpireMod:LeadingStrike","Iron Wave","Heavy Blade","Armaments","ReplayTheSpireMod:Muscle Training","Demonic Infusion","infinitespire:UltimateForm","ReplayTheSpireMod:LeadingStrike"],"relics":["Burning Blood","Replay:Accelerometer","Happy Flower","Mark of Pain","infinitespire:BottledMercury","Replay:Rubber Ducky","Nloth\u0027s Gift","wanderingMiniBosses:ThiefScarf","Divine Protection","Toy Ornithopter"],"acts_visited":["Exordium","TheCity"],"potions_floor_usage":[8,8,21],"damage_taken":[{"damage":8,"enemies":"infinitespire:Voidling","floor":1,"turns":6},{"damage":12,"enemies":"Small Slimes","floor":2,"turns":4},{"damage":1,"enemies":"Cultist","floor":3,"turns":3},{"damage":24,"enemies":"Gremlin Nob","floor":6,"turns":4},{"damage":29,"enemies":"3 Sentries","floor":8,"turns":6},{"damage":17,"enemies":"Looter","floor":11,"turns":5},{"damage":12,"enemies":"Gremlin Nob","floor":12,"turns":4},{"damage":15,"enemies":"Lots of Slimes","floor":13,"turns":4},{"damage":7,"enemies":"Blue Slaver","floor":14,"turns":3},{"damage":22,"enemies":"Hexaghost","floor":16,"turns":9},{"damage":34,"enemies":"3 Byrds","floor":18,"turns":7},{"damage":35,"enemies":"2 Thieves","floor":21,"turns":6},{"damage":47,"enemies":"Cultist and Chosen","floor":22,"turns":6}],"seed_played":"-5080233524470807405","potions_obtained":[{"floor":2,"key":"PowerPotion"},{"floor":6,"key":"blueLaboratory:EmptyBottle"},{"floor":14,"key":"Swift Potion"}],"is_trial":false,"path_per_floor":["M","M","M","?","?","E","R","E","T","?","M","E","M","M","R","B",null,"M","?","AVR","M","M"],"character_chosen":"IRONCLAD","items_purchased":[],"campfire_rested":1,"item_purchase_floors":[],"current_hp_per_floor":[86,80,85,85,67,49,49,26,26,48,37,31,22,21,47,31,88,60,60,60,31,0,0],"gold":401,"neow_bonus":"TEN_PERCENT_HP_BONUS","is_daily":false,"chose_seed":false,"campfire_upgraded":0,"win_rate":0.0,"timestamp":1607705254,"path_taken":["M","?","M","?","?","E","R","E","T","?","M","E","M","?","R","BOSS","M","?","AVR","M","M"],"items_purchased_type":[],"build_version":"2020-11-30","purchased_purges":0,"victory":false,"max_hp_per_floor":[88,88,88,88,88,88,88,88,88,88,88,88,88,88,88,88,88,88,88,88,88,88,88],"card_choices":[{"not_picked":["True Grit","Anger"],"picked":"Flex","floor":1},{"not_picked":["Perfected Strike","Havoc"],"picked":"Double Tap","floor":2},{"not_picked":["Combust","Perfected Strike"],"picked":"Heavy Blade","floor":3},{"not_picked":["Impervious","Wild Strike"],"picked":"Dropkick","floor":6},{"not_picked":["True Grit","Wild Strike"],"picked":"Heavy Blade","floor":8},{"not_picked":["Dual Wield","Second Wind"],"picked":"ReplayTheSpireMod:LeadingStrike","floor":11},{"not_picked":["Cleave","Defy Death"],"picked":"Iron Wave","floor":12},{"not_picked":["Warcry","ReplayTheSpireMod:Strike From Hell"],"picked":"Heavy Blade","floor":13},{"not_picked":["Second Wind","Intimidate"],"picked":"Armaments","floor":14},{"not_picked":["Corruption","Fiend Fire"],"picked":"Demonic Infusion","floor":16},{"not_picked":["True Grit","Clash","Replay:Undeath\u0027s Touch"],"picked":"SKIP","floor":18},{"not_picked":["Run Through+1","Body Slam"],"picked":"ReplayTheSpireMod:LeadingStrike","floor":21}],"player_experience":190246,"relics_obtained":[{"floor":6,"key":"Replay:Accelerometer"},{"floor":8,"key":"Replay:Rubber Ducky"},{"floor":9,"key":"Happy Flower"},{"floor":12,"key":"Replay:PocketPolymizer"},{"floor":21,"key":"Replay:Rubber Ducky"},{"floor":21,"key":"Nloth\u0027s Gift"},{"floor":21,"key":"wanderingMiniBosses:ThiefScarf"}],"event_choices":[{"damage_healed":0,"gold_gain":0,"player_choice":"Entered Light","damage_taken":18,"max_hp_gain":0,"max_hp_loss":0,"event_name":"Shining Light","floor":5,"gold_loss":0,"cards_upgraded":["Heavy Blade","Defend_R"]},{"damage_healed":22,"gold_gain":0,"player_choice":"Healed","damage_taken":0,"max_hp_gain":0,"max_hp_loss":0,"event_name":"The Cleric","floor":10,"gold_loss":35},{"damage_healed":0,"gold_gain":0,"player_choice":"Traded Relic","damage_taken":0,"relics_obtained":["Nloth\u0027s Gift"],"max_hp_gain":0,"max_hp_loss":0,"event_name":"N\u0027loth","floor":19,"relics_lost":["Replay:PocketPolymizer"],"gold_loss":0}],"is_beta":false,"boss_relics":[{"not_picked":["Replay:Wanted Poster","Tiny House"],"picked":"Mark of Pain"}],"items_purged_floors":[],"is_endless":false,"potions_floor_spawned":[2,6,14],"killed_by":"Cultist and Chosen","ascension_level":3}}