{"host":"jqa9y4qkalbx8qgz","time":1607656911,"event":{"mods":["2.2 Compatiblity","BaseMod","Bestiary","BetterRewards","CCEM","Downfall","Infinite Spire","Minty Spire (QoL Compilation)","Permanent Neow","Relic Stats","Replay The Spire","StSLib","Wandering Minibosses"],"gold_per_floor":[117,117,143,143,4,29,29,46,69,69,82,107,126,159,159,257,257,272,272,290,302,315,315,315],"floor_reached":23,"playtime":1642,"items_purged":["theextravagant:SlyStrike","ReplayTheSpireMod:Splinters"],"score":236,"play_id":"5b1b5ab6-91c6-4b7e-b16d-8df439403450","local_time":"20201211062151","is_ascension_mode":false,"campfire_choices":[{"data":"theextravagant:ManifestIllusion","floor":10.0,"key":"SMITH"},{"data":"theextravagant:Urgency","floor":15.0,"key":"SMITH"}],"circlet_count":0,"master_deck":["theextravagant:SlyStrike","theextravagant:SlyStrike","theextravagant:Fence","theextravagant:Fence","theextravagant:Fence","theextravagant:Fence","theextravagant:QuickAttack","theextravagant:Triumph","theextravagant:Urgency+1","theextravagant:ManifestIllusion+1","theextravagant:ZeroHero","theextravagant:ShootingStar","theextravagant:SharpTalons","theextravagant:SharpTalons","theextravagant:AuroraForm","theextravagant:RustyBuckler","theextravagant:Shove","theextravagant:GlyphOfSight","theextravagant:ShieldCharm","theextravagant:Pushthrough","theextravagant:Pushthrough","theextravagant:Foil+1","theextravagant:Vintage","theextravagant:ArtisticDisplay+1"],"relics":["theextravagant:TranslucentFeather","FossilizedHelix","Pear","ReplayTheSpireMod:Ninjato","Ancient Tea Set","Nunchaku","infinitespire:Lucky Rock","Replay:Wax Seal","CCEMRelics:OverlyComfyChair","Coffee Dripper"],"acts_visited":["Exordium","TheCity"],"potions_floor_usage":[22,22,22],"damage_taken":[{"damage":0.0,"enemies":"Jaw Worm","floor":1.0,"turns":4.0},{"damage":16.0,"enemies":"Gremlin Nob","floor":6.0,"turns":4.0},{"damage":0.0,"enemies":"Small Slimes","floor":8.0,"turns":4.0},{"damage":0.0,"enemies":"2 Louse","floor":11.0,"turns":2.0},{"damage":7.0,"enemies":"Lagavulin","floor":12.0,"turns":7.0},{"damage":0.0,"enemies":"Gremlin Gang","floor":13.0,"turns":5.0},{"damage":0.0,"enemies":"Replay:BlueRogue","floor":14.0,"turns":5.0},{"damage":19.0,"enemies":"Hexaghost","floor":16.0,"turns":9.0},{"damage":13.0,"enemies":"3 Byrds","floor":18.0,"turns":6.0},{"damage":1.0,"enemies":"Shell Parasite","floor":20.0,"turns":6.0},{"damage":66.0,"enemies":"3 Cultists","floor":21.0,"turns":6.0},{"damage":0,"enemies":"Sentry and Sphere","floor":22,"turns":4},{"damage":9,"enemies":"Replay:Snechameleon","floor":23,"turns":6}],"seed_played":"6898126980832205963","potions_obtained":[{"floor":1.0,"key":"sneckomod:MuddlingPotion"},{"floor":12.0,"key":"EssenceOfSteel"},{"floor":13.0,"key":"Energy Potion"},{"floor":21.0,"key":"AttackPotion"}],"is_trial":false,"path_per_floor":["M","?","T","?","$","E","?","M","T","R","M","E","M","E","R","B",null,"M","?","M","M","M","E"],"character_chosen":"THE_EXTRAVAGANT","items_purchased":["theextravagant:Urgency","theextravagant:ManifestIllusion","theextravagant:ZeroHero","Pear","PowerPotion","theextravagant:SharpTalons"],"campfire_rested":0,"item_purchase_floors":[0,0,0,0,0,5],"current_hp_per_floor":[50,47,47,47,47,31,31,31,31,31,31,24,24,24,24,5,85,72,72,71,7,7,0,0],"gold":315,"neow_bonus":"","is_daily":false,"chose_seed":false,"campfire_upgraded":2,"win_rate":0.0,"timestamp":1607656911,"path_taken":["M","?","?","?","$","E","?","?","T","R","M","E","M","E","R","BOSS","M","?","?","M","M","E"],"items_purchased_type":["Card","Card","Card","Relic","Potion","Card"],"build_version":"2020-11-30","purchased_purges":2,"victory":false,"max_hp_per_floor":[85,85,85,85,85,85,85,85,85,85,85,85,85,85,85,85,85,85,85,85,85,85,85,85],"relic_stats":{"Nunchaku":[20],"counters":[145,680],"obtain_stats":[{"Golden Egg":54,"Replay:Accelerometer":24,"Whetstone":28,"Boot":13,"Sling":0,"Old Coin":44,"CCEMRelics:DerglesHeadphones":3,"HandDrill":53,"Replay:Wax Seal":44,"Replay:Bottled Steam":9,"Pear":0,"Pen Nib":43,"Guardian:PocketSentry":15,"SlaversCollar":17,"MutagenicStrength":19,"Unceasing Top":13,"Abe\u0027s Treasure":17,"Regal Pillow":40,"CCEMRelics:WrappedPresent":29,"Magic Flower":39,"Blue Doll":0,"wanderingMiniBosses:AbyssPearl":35,"Replay:Multitool":47,"Bag of Preparation":3,"Ancient Tea Set":29,"Burning Blood":20,"Pet Ghost":42,"Replay:Rubber Ducky":40,"Shovel":14,"Toolbox":0,"Replay:Bottled Eggs":46,"CCEMRelics:WhiteRose":9,"InkBottle":40,"Potion Belt":23,"Replay:M_StaffOfTheSnake":4,"Damaru":23,"PreservedInsect":11,"Omamori":7,"Ring of Greed":44,"infinitespire:Lucky Rock":9,"MawBank":46,"Replay:Arrowhead":31,"sneckomod:BabySnecko":28,"Ornamental Fan":7,"Ring of Misfortune":44,"Garlic":42,"Durian":0,"Art of War":47,"ReplayTheSpireMod:Lightbulb":29,"Toy Ornithopter":41,"wanderingMiniBosses:Inkheart":31,"Nilry\u0027s Codex":31,"CeramicFish":40,"Vajra":21,"HornCleat":53,"Strawberry":9,"Honey Jar":34,"Prayer Wheel":41,"Iron Hammer":54,"Toxic Egg 2":41,"Happy Flower":43,"Oddly Smooth Stone":38,"Ring of Chaos":17,"Charon\u0027s Ashes":0,"theextravagant:TranslucentFeather":0,"War Paint":30,"OrangePellets":0,"ReplayTheSpireMod:Shallot":13,"Bronze Scales":11,"Simple Rune":46,"Black Star":34,"Nloth\u0027s Gift":28,"ReplayTheSpireMod:TigerMarble":43,"Grinning Jar":11,"Pocketwatch":0,"ReplayFunnel":42,"Replay:PocketPolymizer":30,"Melange":38,"Mango":7,"CloakClasp":0,"Incense Burner":0,"Juzu Bracelet":47,"Replay:Mystery Machine":45,"ClockworkSouvenir":0,"Replay:Bandana":39,"Nunchaku":45,"Mummified Hand":27,"CCEMRelics:OverlyComfyChair":14,"Pantograph":45,"Gambling Chip":44,"Tiny Chest":25,"Red Mask":25,"Red Skull":26,"CCEMRelics:Barrel":47,"ReplayTheSpireMod:Ninjato":2,"White Beast Statue":44,"CCEMRelics:SpiritsEdge":36,"Anchor":9,"CaptainsWheel":42,"Snack Pack":0,"Coffee Dripper":17,"PureWater":0,"FossilizedHelix":0,"ReplayTheSpireMod:ShopPack":45},{"Golden Egg":27,"Replay:Accelerometer":70,"Whetstone":98,"Boot":36,"Sling":55,"Old Coin":79,"CCEMRelics:DerglesHeadphones":108,"HandDrill":26,"Replay:Wax Seal":79,"Replay:Bottled Steam":33,"Pear":132,"Pen Nib":22,"Guardian:PocketSentry":7,"SlaversCollar":8,"MutagenicStrength":39,"Unceasing Top":63,"Abe\u0027s Treasure":93,"Regal Pillow":127,"CCEMRelics:WrappedPresent":122,"Magic Flower":101,"Blue Doll":55,"wanderingMiniBosses:AbyssPearl":125,"Replay:Multitool":81,"Bag of Preparation":85,"Ancient Tea Set":122,"Burning Blood":94,"Pet Ghost":129,"Replay:Rubber Ducky":20,"Shovel":7,"Toolbox":83,"Replay:Bottled Eggs":24,"CCEMRelics:WhiteRose":110,"InkBottle":127,"Potion Belt":42,"Replay:M_StaffOfTheSnake":57,"Damaru":13,"PreservedInsect":90,"Omamori":88,"Ring of Greed":79,"infinitespire:Lucky Rock":135,"MawBank":24,"Replay:Arrowhead":15,"sneckomod:BabySnecko":14,"Ornamental Fan":3,"Ring of Misfortune":79,"Garlic":22,"Durian":28,"Art of War":54,"ReplayTheSpireMod:Lightbulb":72,"Toy Ornithopter":51,"wanderingMiniBosses:Inkheart":74,"Nilry\u0027s Codex":98,"CeramicFish":20,"Vajra":11,"HornCleat":26,"Strawberry":89,"Honey Jar":75,"Prayer Wheel":79,"Iron Hammer":27,"Toxic Egg 2":51,"Happy Flower":79,"Oddly Smooth Stone":77,"Ring of Chaos":38,"Charon\u0027s Ashes":107,"theextravagant:TranslucentFeather":0,"War Paint":98,"OrangePellets":28,"ReplayTheSpireMod:Shallot":114,"Bronze Scales":5,"Simple Rune":104,"Black Star":16,"Nloth\u0027s Gift":43,"ReplayTheSpireMod:TigerMarble":52,"Grinning Jar":61,"Pocketwatch":28,"ReplayFunnel":22,"Replay:PocketPolymizer":45,"Melange":77,"Mango":110,"CloakClasp":0,"Incense Burner":28,"Juzu Bracelet":54,"Replay:Mystery Machine":53,"ClockworkSouvenir":28,"Replay:Bandana":19,"Nunchaku":80,"Mummified Hand":71,"CCEMRelics:OverlyComfyChair":139,"Pantograph":53,"Gambling Chip":130,"Tiny Chest":14,"Red Mask":43,"Red Skull":121,"CCEMRelics:Barrel":130,"ReplayTheSpireMod:Ninjato":133,"White Beast Statue":130,"CCEMRelics:SpiritsEdge":125,"Anchor":3,"CaptainsWheel":129,"Snack Pack":28,"Coffee Dripper":65,"PureWater":0,"FossilizedHelix":132,"ReplayTheSpireMod:ShopPack":130},{"Golden Egg":172,"Replay:Accelerometer":347,"Whetstone":439,"Boot":206,"Sling":288,"Old Coin":380,"CCEMRelics:DerglesHeadphones":478,"HandDrill":164,"Replay:Wax Seal":380,"Replay:Bottled Steam":198,"Pear":612,"Pen Nib":133,"Guardian:PocketSentry":41,"SlaversCollar":53,"MutagenicStrength":220,"Unceasing Top":314,"Abe\u0027s Treasure":423,"Regal Pillow":585,"CCEMRelics:WrappedPresent":557,"Magic Flower":454,"Blue Doll":288,"wanderingMiniBosses:AbyssPearl":575,"Replay:Multitool":386,"Bag of Preparation":401,"Ancient Tea Set":557,"Burning Blood":426,"Pet Ghost":595,"Replay:Rubber Ducky":122,"Shovel":41,"Toolbox":394,"Replay:Bottled Eggs":147,"CCEMRelics:WhiteRose":486,"InkBottle":585,"Potion Belt":227,"Replay:M_StaffOfTheSnake":292,"Damaru":79,"PreservedInsect":413,"Omamori":406,"Ring of Greed":380,"infinitespire:Lucky Rock":624,"MawBank":147,"Replay:Arrowhead":90,"sneckomod:BabySnecko":86,"Ornamental Fan":19,"Ring of Misfortune":380,"Garlic":133,"Durian":181,"Art of War":281,"ReplayTheSpireMod:Lightbulb":356,"Toy Ornithopter":260,"wanderingMiniBosses:Inkheart":364,"Nilry\u0027s Codex":439,"CeramicFish":122,"Vajra":70,"HornCleat":164,"Strawberry":409,"Honey Jar":371,"Prayer Wheel":380,"Iron Hammer":172,"Toxic Egg 2":260,"Happy Flower":380,"Oddly Smooth Stone":375,"Ring of Chaos":217,"Charon\u0027s Ashes":474,"theextravagant:TranslucentFeather":0,"War Paint":439,"OrangePellets":181,"ReplayTheSpireMod:Shallot":506,"Bronze Scales":28,"Simple Rune":461,"Black Star":98,"Nloth\u0027s Gift":229,"ReplayTheSpireMod:TigerMarble":267,"Grinning Jar":309,"Pocketwatch":181,"ReplayFunnel":133,"Replay:PocketPolymizer":237,"Melange":375,"Mango":486,"CloakClasp":0,"Incense Burner":181,"Juzu Bracelet":281,"Replay:Mystery Machine":274,"ClockworkSouvenir":181,"Replay:Bandana":115,"Nunchaku":383,"Mummified Hand":351,"CCEMRelics:OverlyComfyChair":643,"Pantograph":274,"Gambling Chip":601,"Tiny Chest":86,"Red Mask":229,"Red Skull":552,"CCEMRelics:Barrel":601,"ReplayTheSpireMod:Ninjato":616,"White Beast Statue":601,"CCEMRelics:SpiritsEdge":575,"Anchor":19,"CaptainsWheel":595,"Snack Pack":181,"Coffee Dripper":327,"PureWater":0,"FossilizedHelix":612,"ReplayTheSpireMod:ShopPack":601}]},"card_choices":[{"not_picked":["theextravagant:Shove","theextravagant:Riot"],"picked":"theextravagant:ShootingStar","floor":1.0},{"not_picked":["theextravagant:Shatter","theextravagant:SpontaneousStrike"],"picked":"theextravagant:AuroraForm","floor":6.0},{"not_picked":["theextravagant:Comeback","theextravagant:PerfectTheBasics","theextravagant:Riot"],"picked":"SKIP","floor":8.0},{"not_picked":["theextravagant:StepBack","theextravagant:GarbageCannon"],"picked":"theextravagant:RustyBuckler","floor":11.0},{"not_picked":["theextravagant:Defy","theextravagant:Flashback"],"picked":"theextravagant:Shove","floor":12.0},{"not_picked":["theextravagant:SpontaneousStrike","theextravagant:Firework","theextravagant:Supersonic"],"picked":"SKIP","floor":13.0},{"not_picked":["theextravagant:Flashback","theextravagant:SharpTalons"],"picked":"theextravagant:GlyphOfSight","floor":14.0},{"not_picked":["theextravagant:DAMNATION","theextravagant:WhiffOfMagic"],"picked":"theextravagant:ShieldCharm","floor":16.0},{"not_picked":["theextravagant:Twitch","theextravagant:GlyphOfPower+1"],"picked":"theextravagant:Pushthrough","floor":18.0},{"not_picked":["theextravagant:Tension","theextravagant:SharpTalons"],"picked":"theextravagant:Foil+1","floor":20.0},{"not_picked":["theextravagant:Repell+1","theextravagant:Precaution"],"picked":"theextravagant:Vintage","floor":21.0},{"not_picked":["theextravagant:ShootingStar","theextravagant:Pushthrough"],"picked":"theextravagant:ArtisticDisplay+1","floor":22}],"player_experience":179409,"relics_obtained":[{"floor":3.0,"key":"Ancient Tea Set"},{"floor":6.0,"key":"Nunchaku"},{"floor":9.0,"key":"infinitespire:Lucky Rock"},{"floor":12.0,"key":"Replay:Wax Seal"},{"floor":14.0,"key":"CCEMRelics:OverlyComfyChair"}],"event_choices":[{"damage_healed":0.0,"max_hp_gain":0.0,"max_hp_loss":0.0,"gold_gain":0.0,"event_name":"Scrap Ooze","player_choice":"Success","floor":2.0,"gold_loss":0.0,"damage_taken":3.0,"relics_obtained":["ReplayTheSpireMod:Ninjato"]},{"cards_removed":["Clumsy"],"damage_healed":0.0,"max_hp_gain":0.0,"max_hp_loss":0.0,"gold_gain":0.0,"event_name":"Purifier","player_choice":"Purged","floor":7.0,"gold_loss":0.0,"damage_taken":0.0},{"damage_healed":0.0,"max_hp_gain":0.0,"max_hp_loss":0.0,"gold_gain":0.0,"cards_transformed":["theextravagant:SlyStrike"],"event_name":"Transmorgrifier","player_choice":"Transformed","floor":19.0,"gold_loss":0.0,"damage_taken":0.0,"cards_obtained":["theextravagant:Pushthrough"]}],"is_beta":false,"boss_relics":[{"not_picked":["Abe\u0027s Treasure","Tiny House"],"picked":"Coffee Dripper"}],"items_purged_floors":[0,5],"is_endless":false,"potions_floor_spawned":[1,12,13,18,21],"killed_by":"Replay:Snechameleon","ascension_level":0}}