{"host":"9ndbo4kgsfoemf7y","time":1607679481,"event":{"mods":["BaseMod","AchievementEnabler","Colored Map","DeckTracker","Minty Spire (QoL Compilation)","Permanent Neow","Quick Restart","StSLib","SuperFastMode","Keyboard Shortcuts","Relic Stats"],"gold_per_floor":[113,113,263,14,14,14,14],"floor_reached":6,"playtime":146,"items_purged":["Doubt"],"score":56,"play_id":"8a84c927-3272-422d-a387-9fdaa033f01e","local_time":"20201211183801","is_ascension_mode":true,"campfire_choices":[],"circlet_count":0,"master_deck":["AscendersBane","Strike_G","Strike_G","Strike_G","Strike_G","Strike_G","Defend_G","Defend_G","Defend_G","Defend_G","Defend_G","Survivor","Neutralize","Apotheosis","Heel Hook","Acrobatics"],"special_seed":0,"relics":["Ring of the Snake","Medical Kit","Vajra"],"acts_visited":["Exordium"],"potions_floor_usage":[],"damage_taken":[{"damage":0.0,"enemies":"Cultist","floor":1.0,"turns":5.0},{"damage":46,"enemies":"3 Sentries","floor":6,"turns":10}],"seed_played":"6207874002804895727","potions_obtained":[],"is_trial":false,"path_per_floor":["M","?","?","$","?","E"],"character_chosen":"THE_SILENT","items_purchased":["Medical Kit","Acrobatics"],"campfire_rested":0,"item_purchase_floors":[4,4],"current_hp_per_floor":[59,64,64,64,46,0,0],"gold":14,"neow_bonus":"RANDOM_COLORLESS_2","is_daily":false,"chose_seed":false,"campfire_upgraded":0,"win_rate":0,"timestamp":1607679481,"path_taken":["M","?","?","$","?","E"],"build_version":"2020-11-30","purchased_purges":1,"victory":false,"max_hp_per_floor":[60,65,65,65,65,65,65],"relic_stats":{"counters":[2,15],"Medical Kit":[5],"obtain_stats":[{"Vajra":5,"Medical Kit":4,"Ring of the Snake":0},{"Vajra":1,"Medical Kit":1,"Ring of the Snake":0},{"Vajra":5,"Medical Kit":5,"Ring of the Snake":0}],"Ring of the Snake":[4]},"card_choices":[{"not_picked":["Sadistic Nature","Thinking Ahead"],"picked":"Apotheosis","floor":0.0},{"not_picked":["Blade Dance","Acrobatics"],"picked":"Heel Hook","floor":1.0}],"player_experience":669241,"relics_obtained":[],"event_choices":[{"damage_healed":0.0,"max_hp_gain":5.0,"max_hp_loss":0.0,"gold_gain":0.0,"event_name":"Big Fish","player_choice":"Donut","floor":2.0,"gold_loss":0.0,"damage_taken":0.0},{"damage_healed":0.0,"max_hp_gain":0.0,"max_hp_loss":0.0,"gold_gain":150.0,"event_name":"Liars Game","player_choice":"AGREE","floor":3.0,"gold_loss":0.0,"damage_taken":0.0,"cards_obtained":["Doubt"]},{"damage_healed":0.0,"max_hp_gain":0.0,"max_hp_loss":0.0,"gold_gain":0.0,"event_name":"Scrap Ooze","player_choice":"Success","floor":5.0,"gold_loss":0.0,"damage_taken":18.0,"relics_obtained":["Vajra"]}],"is_beta":false,"boss_relics":[],"items_purged_floors":[4],"is_endless":false,"potions_floor_spawned":[],"killed_by":"3 Sentries","ascension_level":15}}