{"host":"2461dio7vetlq1z3","time":1607690707,"event":{"mods":["AchievementEnabler","BaseMod","Hermit","Lobotomy","Minty Spire (QoL Compilation)","Relic Stats","StSLib","Waifu the Spire"],"gold_per_floor":[270,285,302,157,157,157,157],"floor_reached":6,"playtime":313,"items_purged":["Strike_P"],"score":45,"play_id":"b4fc490f-5515-4709-a3fc-37284543f212","local_time":"20201211134507","is_ascension_mode":true,"campfire_choices":[],"circlet_count":0,"master_deck":["Strike_P","Strike_P","Defend_P","Defend_P","Defend_P","Defend_P","Eruption","Vigilance","MeatLantern","FollowUp","FairyFestival","DevaForm","Fasting2","LessonLearned"],"relics":["PureWater","CogitoBucket"],"acts_visited":["Exordium"],"potions_floor_usage":[],"damage_taken":[{"damage":2,"enemies":"2 Louse","floor":1,"turns":4},{"damage":5,"enemies":"Cultist","floor":2,"turns":4},{"damage":0,"enemies":"Jaw Worm","floor":3,"turns":5},{"damage":115,"enemies":"Gremlin Nob","floor":6,"turns":7}],"seed_played":"6102926141068380737","potions_obtained":[],"is_trial":false,"path_per_floor":["M","M","M","$","?","E"],"character_chosen":"WATCHER","items_purchased":["Fasting2"],"campfire_rested":0,"item_purchase_floors":[4],"current_hp_per_floor":[70,65,70,70,70,0,0],"gold":157,"neow_bonus":"","is_daily":false,"chose_seed":false,"campfire_upgraded":0,"win_rate":0.0,"timestamp":1607690707,"path_taken":["M","M","M","$","?","E"],"items_purchased_type":["Card"],"build_version":"2020-11-30","purchased_purges":1,"victory":false,"max_hp_per_floor":[72,72,72,72,72,72,72],"relic_stats":{"counters":[4,20],"obtain_stats":[{"CogitoBucket":0,"PureWater":0},{"CogitoBucket":0,"PureWater":0},{"CogitoBucket":0,"PureWater":0}]},"card_choices":[{"not_picked":["MHz","Scarecrow"],"picked":"MeatLantern","floor":1},{"not_picked":["ForeignInfluence","InnerPeace"],"picked":"FollowUp","floor":1},{"not_picked":["WallGazer","Murderer"],"picked":"FairyFestival","floor":2},{"not_picked":["FearNoEvil","Protect"],"picked":"DevaForm","floor":2},{"not_picked":["FearNoEvil","Nirvana","CutThroughFate"],"picked":"SKIP","floor":3}],"player_experience":621111,"relics_obtained":[],"event_choices":[{"damage_healed":0,"gold_gain":0,"cards_transformed":["Strike_P"],"player_choice":"Transformed","damage_taken":0,"max_hp_gain":0,"max_hp_loss":0,"event_name":"Transmorgrifier","floor":5,"gold_loss":0,"cards_obtained":["LessonLearned"]}],"is_beta":false,"boss_relics":[],"items_purged_floors":[4],"is_endless":false,"potions_floor_spawned":[],"killed_by":"Gremlin Nob","ascension_level":5}}