{"host":"4par9lyhj7bf4dsa","time":1607725699,"event":{"mods":["AchievementEnabler","BaseMod","Colored Map","Minty Spire (QoL Compilation)","Relic Stats","StSLib"],"gold_per_floor":[113,113,124,74,94,94,121,131,178,193,193,193,221,235,235,330,330,347,151,135,146,146,146,146],"floor_reached":23,"playtime":1240,"items_purged":["Strike_G"],"score":405,"play_id":"ac904923-0310-4e7b-be93-f818165837ad","local_time":"20201212092819","is_ascension_mode":true,"campfire_choices":[{"data":"Neutralize","floor":6,"key":"SMITH"},{"floor":12,"key":"REST"},{"floor":15,"key":"REST"}],"circlet_count":0,"master_deck":["AscendersBane","Strike_G","Strike_G","Strike_G","Defend_G","Defend_G","Defend_G+1","Defend_G","Defend_G+1","Survivor+1","Neutralize+1","Noxious Fumes","Deadly Poison","Bouncing Flask","Dagger Spray","Dodge and Roll+1","Burst","CurseOfTheBell","Dodge and Roll","Caltrops"],"relics":["Ring of the Snake","Singing Bowl","Lantern","War Paint","Blue Candle","Calling Bell","Art of War","Shuriken","Calipers"],"acts_visited":["Exordium","TheCity"],"potions_floor_usage":[13,14,16,23,23,23,23],"damage_taken":[{"damage":8,"enemies":"Jaw Worm","floor":1,"turns":7},{"damage":4,"enemies":"Small Slimes","floor":3,"turns":4},{"damage":1,"enemies":"Cultist","floor":5,"turns":5},{"damage":12,"enemies":"Lagavulin","floor":7,"turns":5},{"damage":10,"enemies":"2 Fungi Beasts","floor":8,"turns":3},{"damage":0,"enemies":"3 Louse","floor":10,"turns":3},{"damage":10,"enemies":"Gremlin Nob","floor":13,"turns":4},{"damage":8,"enemies":"Exordium Thugs","floor":14,"turns":6},{"damage":0,"enemies":"Hexaghost","floor":16,"turns":10},{"damage":1,"enemies":"Shell Parasite","floor":18,"turns":6},{"damage":16,"enemies":"2 Thieves","floor":20,"turns":5},{"damage":12,"enemies":"Snecko","floor":21,"turns":7},{"damage":55,"enemies":"Gremlin Leader","floor":23,"turns":6}],"seed_played":"8580023360051055351","potions_obtained":[{"floor":1,"key":"Weak Potion"},{"floor":5,"key":"LiquidBronze"},{"floor":10,"key":"Dexterity Potion"},{"floor":13,"key":"PowerPotion"},{"floor":14,"key":"Dexterity Potion"},{"floor":16,"key":"Strength Potion"},{"floor":18,"key":"CultistPotion"},{"floor":20,"key":"EntropicBrew"}],"is_trial":false,"path_per_floor":["M","?","M","?","M","R","E","M","T","M","?","R","E","M","R","B",null,"M","$","M","M","?","E"],"character_chosen":"THE_SILENT","items_purchased":["Caltrops","Dexterity Potion"],"campfire_rested":2,"item_purchase_floors":[19,19],"current_hp_per_floor":[62,50,46,46,45,45,33,25,25,25,9,32,24,18,42,42,73,72,72,58,48,42,0,0],"gold":146,"neow_bonus":"TEN_PERCENT_HP_BONUS","is_daily":false,"chose_seed":false,"campfire_upgraded":1,"win_rate":0.0,"timestamp":1607725699,"path_taken":["M","?","M","?","M","R","E","M","T","M","?","R","E","M","R","BOSS","M","$","M","M","?","E"],"items_purchased_type":["Card","Potion"],"build_version":"2020-11-30","purchased_purges":1,"victory":false,"max_hp_per_floor":[77,77,77,77,77,77,77,79,79,79,79,79,81,83,83,83,83,83,83,85,87,87,87,87],"relic_stats":{"Singing Bowl":10,"counters":[13,71],"Shuriken":[2],"Blue Candle":[3],"Art of War":[12],"War Paint":["Survivor","Defend_G"],"obtain_stats":[{"Calling Bell":17,"Lantern":7,"Calipers":17,"Singing Bowl":2,"Shuriken":17,"Blue Candle":13,"Art of War":17,"War Paint":9,"Ring of the Snake":0},{"Calling Bell":9,"Lantern":4,"Calipers":9,"Singing Bowl":1,"Shuriken":9,"Blue Candle":7,"Art of War":9,"War Paint":5,"Ring of the Snake":0},{"Calling Bell":47,"Lantern":21,"Calipers":47,"Singing Bowl":7,"Shuriken":47,"Blue Candle":31,"Art of War":47,"War Paint":24,"Ring of the Snake":0}],"Ring of the Snake":[26]},"card_choices":[{"not_picked":["PiercingWail","Cloak And Dagger"],"picked":"Noxious Fumes","floor":1},{"not_picked":["Acrobatics","Riddle With Holes"],"picked":"Deadly Poison","floor":3},{"not_picked":["Prepared","Expertise"],"picked":"Bouncing Flask","floor":5},{"not_picked":["Phantasmal Killer","Expertise"],"picked":"Dagger Spray","floor":7},{"not_picked":["Quick Slash","Deflect","Dagger Spray"],"picked":"Singing Bowl","floor":8},{"not_picked":["Expertise","Flechettes"],"picked":"Dodge and Roll","floor":10},{"not_picked":["A Thousand Cuts","Phantasmal Killer","Poisoned Stab"],"picked":"Singing Bowl","floor":13},{"not_picked":["Heel Hook","Setup","Reflex"],"picked":"Singing Bowl","floor":14},{"not_picked":["Doppelganger","Venomology"],"picked":"Burst","floor":16},{"not_picked":["Tactician+1","Deflect"],"picked":"Dodge and Roll","floor":18},{"not_picked":["Masterful Stab","Quick Slash","Noxious Fumes"],"picked":"Singing Bowl","floor":20},{"not_picked":["Quick Slash","Heel Hook","Underhanded Strike"],"picked":"Singing Bowl","floor":21}],"player_experience":826583,"relics_obtained":[{"floor":7,"key":"Lantern"},{"floor":9,"key":"War Paint"},{"floor":13,"key":"Blue Candle"},{"floor":17,"key":"Art of War"},{"floor":17,"key":"Shuriken"},{"floor":17,"key":"Calipers"}],"event_choices":[{"damage_healed":0,"gold_gain":0,"player_choice":"Success","damage_taken":12,"relics_obtained":["Singing Bowl"],"max_hp_gain":0,"max_hp_loss":0,"event_name":"Scrap Ooze","floor":2,"gold_loss":0},{"cards_removed":["Strike_G"],"damage_healed":0,"gold_gain":0,"player_choice":"Card Removal","damage_taken":0,"max_hp_gain":0,"max_hp_loss":0,"event_name":"The Cleric","floor":4,"gold_loss":50},{"damage_healed":0,"gold_gain":0,"player_choice":"Entered Light","damage_taken":16,"max_hp_gain":0,"max_hp_loss":0,"event_name":"Shining Light","floor":11,"gold_loss":0,"cards_upgraded":["Defend_G","Dodge and Roll"]},{"damage_healed":0,"gold_gain":0,"player_choice":"","damage_taken":6,"max_hp_gain":0,"max_hp_loss":0,"event_name":"Knowing Skull","floor":22,"potions_obtained":[],"gold_loss":0,"cards_obtained":[]}],"is_beta":false,"boss_relics":[{"not_picked":["Tiny House","Busted Crown"],"picked":"Calling Bell"}],"items_purged_floors":[19],"is_endless":false,"potions_floor_spawned":[1,5,10,13,14,16,18,20,21],"killed_by":"Gremlin Leader","ascension_level":10}}