{"host":"5gc11emcm5chfr5t","time":1607727324,"event":{"mods":["2.2 Compatiblity","AchievementEnabler","BaseMod","Bestiary","Better Note","Colored Map","Colored Powertips","Googly Eyes","Minty Spire (QoL Compilation)","Rare Cards Sparkle","StSLib"],"gold_per_floor":[109,119,134,209,209,209,228,228,228],"floor_reached":8,"playtime":278,"items_purged":[],"score":55,"play_id":"2e57c951-f5c8-4419-aa66-2ec00f44a145","local_time":"20201211175524","is_ascension_mode":true,"campfire_choices":[{"floor":6,"key":"REST"}],"circlet_count":0,"master_deck":["Strike_R","Strike_R","Strike_R","Strike_R","Strike_R","Defend_R","Defend_R","Defend_R","Defend_R","Bash","Transmutation","Infernal Blade","Iron Wave","Perfected Strike","Armaments","Headbutt"],"relics":["Burning Blood","Dream Catcher"],"acts_visited":["Exordium"],"potions_floor_usage":[7],"damage_taken":[{"damage":17,"enemies":"Jaw Worm","floor":1,"turns":6},{"damage":9,"enemies":"Small Slimes","floor":2,"turns":4},{"damage":20,"enemies":"Cultist","floor":3,"turns":5},{"damage":14,"enemies":"3 Louse","floor":7,"turns":4},{"damage":35,"enemies":"Gremlin Nob","floor":8,"turns":2}],"seed_played":"-5124001409802907739","potions_obtained":[{"floor":2,"key":"DuplicationPotion"},{"floor":7,"key":"SmokeBomb"}],"is_trial":false,"path_per_floor":["M","M","M","?","?","R","M","E"],"character_chosen":"IRONCLAD","items_purchased":[],"campfire_rested":1,"item_purchase_floors":[],"current_hp_per_floor":[45,42,28,17,5,29,21,0,0],"gold":228,"neow_bonus":"RANDOM_COLORLESS_2","is_daily":false,"chose_seed":false,"campfire_upgraded":0,"win_rate":0.0,"timestamp":1607727324,"path_taken":["M","M","M","?","?","R","M","E"],"items_purchased_type":[],"build_version":"2020-11-30","purchased_purges":0,"victory":false,"max_hp_per_floor":[80,80,80,80,80,80,80,80,80],"card_choices":[{"not_picked":["Secret Technique","Secret Weapon"],"picked":"Transmutation","floor":0},{"not_picked":["Evolve","Armaments"],"picked":"Infernal Blade","floor":1},{"not_picked":["Body Slam","True Grit"],"picked":"Iron Wave","floor":2},{"not_picked":["Flame Barrier","Iron Wave"],"picked":"Perfected Strike","floor":3},{"not_picked":["Twin Strike","Second Wind"],"picked":"Armaments","floor":6},{"not_picked":["Entrench","Armaments"],"picked":"Headbutt","floor":7}],"player_experience":317200,"relics_obtained":[],"event_choices":[{"damage_healed":0,"gold_gain":75,"player_choice":"Gather Gold","damage_taken":11,"max_hp_gain":0,"max_hp_loss":0,"event_name":"World of Goop","floor":4,"gold_loss":0},{"damage_healed":0,"gold_gain":0,"player_choice":"Success","damage_taken":12,"relics_obtained":["Dream Catcher"],"max_hp_gain":0,"max_hp_loss":0,"event_name":"Scrap Ooze","floor":5,"gold_loss":0}],"is_beta":false,"boss_relics":[],"items_purged_floors":[],"is_endless":false,"potions_floor_spawned":[2,7],"killed_by":"Gremlin Nob","ascension_level":3}}