{"host":"68ryiucqar8jyfi2","time":1607719335,"event":{"mods":["2.2 Compatiblity","Act Like it!","Aspiration","BaseMod","Better Match","Better Note","Better Skull","Better Third Choice","CapriCore","Curses Come First","Defuse TimeMaze Blight","Displayed Cursed Tome","Emptier Cage","Energized Spire","Friendly Minions","HexUI Lib","Hubris","Hyrulean Relics","Minty Spire (QoL Compilation)","Permanent Neow","RNG Fix","Replay The Spire","Robot Space Explorer","StSLib","Trackpad","Transform Curses","Uncapped","Wandering Minibosses"],"gold_per_floor":[118,135,150,147,153,153,153,166,166,198,208,201,201,201],"floor_reached":13,"playtime":586,"items_purged":[],"score":166,"play_id":"efb0a0f2-976a-4cac-9d95-12751f313ec4","local_time":"20201211204215","daily_mods":["Vintage","Heirloom","Flight"],"is_ascension_mode":false,"campfire_choices":[{"data":"Eruption","floor":6,"key":"SMITH"},{"data":"Vigilance","floor":7,"key":"SMITH"}],"circlet_count":0,"master_deck":["Strike_P","Strike_P","Strike_P","Strike_P","Defend_P","Defend_P","Defend_P","Defend_P","Eruption+1","Vigilance+1"],"relics":["PureWater","FossilizedHelix","Golden Egg","MealTicket","trackpad:IceCube","HornCleat","Vajra","zeldaRelics:CouragePiece","Replay:Accelerometer","Matryoshka"],"acts_visited":["Exordium"],"potions_floor_usage":[5,12],"damage_taken":[{"damage":0,"enemies":"Jaw Worm","floor":1,"turns":2},{"damage":0,"enemies":"Cultist","floor":2,"turns":3},{"damage":0,"enemies":"Small Slimes","floor":3,"turns":3},{"damage":16,"enemies":"Exordium Wildlife","floor":4,"turns":5},{"damage":31,"enemies":"Exordium Thugs","floor":5,"turns":12},{"damage":0,"enemies":"Looter","floor":8,"turns":2},{"damage":0,"enemies":"Replay:BlueRogue","floor":10,"turns":3},{"damage":0,"enemies":"Large Slime","floor":11,"turns":4},{"damage":0,"enemies":"Gremlin Gang","floor":12,"turns":5},{"damage":25,"enemies":"3 Sentries","floor":13,"turns":4}],"seed_played":"-4165228891813672870","potions_obtained":[{"floor":4,"key":"Weak Potion"},{"floor":5,"key":"FearPotion"},{"floor":8,"key":"Elixir"}],"is_trial":true,"path_per_floor":["M","M","M","M","M","R","R","M","T","E","M","M","E"],"character_chosen":"WATCHER","items_purchased":[],"campfire_rested":0,"item_purchase_floors":[],"current_hp_per_floor":[72,72,72,56,25,25,25,25,25,25,25,25,0,0],"gold":201,"neow_bonus":"","is_daily":false,"chose_seed":false,"campfire_upgraded":2,"win_rate":0.0,"timestamp":1607719335,"path_taken":["M","M","M","M","M","R","R","M","T","E","M","M","E"],"items_purchased_type":[],"build_version":"2020-11-30","purchased_purges":0,"victory":false,"max_hp_per_floor":[72,72,72,72,72,72,72,72,72,72,72,72,72,72],"card_choices":[{"not_picked":["Replay:Vibes","Replay:AllIn","CrushJoints"],"picked":"SKIP","floor":10}],"player_experience":153141,"relics_obtained":[{"floor":1,"key":"Golden Egg"},{"floor":2,"key":"MealTicket"},{"floor":4,"key":"trackpad:IceCube"},{"floor":5,"key":"HornCleat"},{"floor":8,"key":"Vajra"},{"floor":9,"key":"zeldaRelics:CouragePiece"},{"floor":10,"key":"zeldaRelics:CouragePiece"},{"floor":11,"key":"Replay:Accelerometer"},{"floor":12,"key":"Matryoshka"}],"event_choices":[],"is_beta":false,"boss_relics":[],"items_purged_floors":[],"is_endless":true,"potions_floor_spawned":[4,5,8],"killed_by":"3 Sentries","ascension_level":0}}