{"host":"h5acbxt0wmjo1kpm","time":1607682734,"event":{"mods":["2.2 Compatiblity","Act Like it!","AlwaysNeverKeys","Aspiration","Bartender","BaseMod","Better Third Choice","Colored Map","Elementarium","Gensokyo","GifTheSpireLib","Hallownest","Marisa????????","Minty Spire (QoL Compilation)","Permanent Neow","Potionbrewer","Relic Filter","Replay The Spire","Robot Space Explorer","RumiaBox-????????","Shade Mod","Spicy Shops","StSLib","The Blackbeard","The Dragon Tamer","The Forsaken","The Gatherer","The Problem Sleuth","The Servant 0.9.4","Wandering Minibosses","vexMod"],"gold_per_floor":[113,53,69,82,82,82,208,208,208,225,249,276,276,19,19,115,115,128,128,53,53,65,100,100,120,144,159,178,191,220,598,598,694,794,813,840,780,429,446,446,478,478,525,553,553,553,553,496,496,592,592,592,370,402,401],"floor_reached":56,"playtime":3930,"items_purged":["Decay","theSleuth:OglogMRubbit"],"score":1903,"play_id":"eb22c345-c233-425f-9557-c5fc6add0f47","local_time":"20201211023214","is_ascension_mode":true,"campfire_choices":[{"data":"potionbrewer:BeatDown","floor":6.0,"key":"SMITH"},{"data":"potionbrewer:BalancedFormula","floor":8.0,"key":"SMITH"},{"floor":15.0,"key":"REST"},{"floor":24,"key":"REST"},{"data":"potionbrewer:QuickStep","floor":32,"key":"SMITH"},{"data":"potionbrewer:Catalyze","floor":40,"key":"SMITH"},{"data":"potionbrewer:Experimentation","floor":45,"key":"SMITH"},{"data":"Adrenaline","floor":49,"key":"SMITH"},{"data":"potionbrewer:ChainReaction","floor":52,"key":"SMITH"}],"circlet_count":0,"master_deck":["potionbrewer:Collect+1","potionbrewer:ChemicalSpill","potionbrewer:QuickStep+1","potionbrewer:EmptyBottle+1","potionbrewer:Contingency+1","potionbrewer:ChainReaction+1","potionbrewer:BeatDown+1","potionbrewer:BalancedFormula+1","potionbrewer:ChemicalWeapons","potionbrewer:Prototype","potionbrewer:WizBang","potionbrewer:Experimentation+1","potionbrewer:IronFlesh","Gensokyo:ImpossibleRequest","potionbrewer:Smokescreen+1","potionbrewer:Catalyze+1","potionbrewer:Prototype","potionbrewer:QuickStep+1","potionbrewer:TestSubject+1","Skewer","Adrenaline+1","potionbrewer:AnotherRound+1","potionbrewer:PotentialEnergy+1","potionbrewer:Bribery+1","potionbrewer:IronHeart+1","potionbrewer:Bribery+1","potionbrewer:ChemicalShroud"],"relics":["potionbrewer:PotionKit","aspiration:DSix","Replay:PocketPolymizer","Tiny Chest","Hallownest:DreamNailRelic","Regal Pillow","Simple Rune","Hallownest:SalubrasBlessingRelic","Bag of Preparation","Replay:Ancient Bell","Gremlin Food","ReplayTheSpireMod:Shallot","vexMod:RedPlottingStone","Anchor","Kunai","Cleaning_Rag","Orichalcum","Bag of Marbles","potionbrewer:Torch","Replay:Grab Bag","aspiration:RandomNobGenerator","Replay:Wanted Poster","AddBug","SacredBark","potionbrewer:PotionKit","Pen Nib","Frozen Egg 2","Centennial Puzzle","PreservedInsect","Replay:Bottled Eggs","SSSystem","Blood Vial","potionbrewer:ToyAutogyro","Oddly Smooth Stone"],"acts_visited":["Hallownest:Greenpath","TheCity","Hallownest:KingdomsEdge","TheEnding"],"potions_floor_usage":[27,29,30,31,31,33,33,35,39,41,41,41,44,50,50,54,55,55,55],"damage_taken":[{"damage":12.0,"enemies":"Hallownest:2_Baldur","floor":1.0,"turns":4.0},{"damage":0.0,"enemies":"2_ Uuma","floor":3.0,"turns":6.0},{"damage":0.0,"enemies":"Hallownest:monsterHuskWarrior","floor":4.0,"turns":4.0},{"damage":2.0,"enemies":"Hallownest:MossCreep_and_Mosskin","floor":7.0,"turns":8.0},{"damage":13.0,"enemies":"Hallownest:1_Ooma_and_2_Uuma","floor":10.0,"turns":5.0},{"damage":12.0,"enemies":"Hallownest:eliteVengeflyKing","floor":12.0,"turns":6.0},{"damage":0.0,"enemies":"Hallownest:BossFalseKnight","floor":16.0,"turns":5.0},{"damage":9.0,"enemies":"Chosen","floor":18.0,"turns":2.0},{"damage":0.0,"enemies":"Spheric Guardian","floor":22.0,"turns":1.0},{"damage":21.0,"enemies":"Book of Stabbing","floor":23.0,"turns":4.0},{"damage":0,"enemies":"Snecko","floor":25,"turns":3},{"damage":0,"enemies":"Centurion and Healer","floor":27,"turns":4},{"damage":0,"enemies":"Cultist and Chosen","floor":28,"turns":4},{"damage":0,"enemies":"Chosen and Byrds","floor":29,"turns":4},{"damage":1,"enemies":"Replay:Snechameleon","floor":30,"turns":5},{"damage":3,"enemies":"3 Cultists","floor":31,"turns":6},{"damage":0,"enemies":"Champ","floor":33,"turns":8},{"damage":4,"enemies":"Hallownest:Shield_Heavy","floor":35,"turns":4},{"damage":0,"enemies":"Hallownest:2_Littles","floor":39,"turns":4},{"damage":0,"enemies":"Hallownest:eliteCollector","floor":41,"turns":6},{"damage":0,"enemies":"Hallownest:eliteHiveKnight","floor":44,"turns":3},{"damage":3,"enemies":"Hallownest:BossGreyPrinceZote","floor":50,"turns":5},{"damage":0,"enemies":"Shield and Spear","floor":54,"turns":5},{"damage":33,"enemies":"The Heart","floor":55,"turns":8}],"seed_played":"-3225795979191515968","potions_obtained":[{"floor":3.0,"key":"Block Potion"},{"floor":4.0,"key":"Explosive Potion"},{"floor":10.0,"key":"Strength Potion"},{"floor":16.0,"key":"Elixir"},{"floor":25,"key":"LiquidBronze"},{"floor":30,"key":"DuplicationPotion"},{"floor":33,"key":"CultistPotion"},{"floor":39,"key":"DuplicationPotion"},{"floor":44,"key":"Dexterity Potion"},{"floor":50,"key":"potionbrewer:DiscountPotion"},{"floor":54,"key":"DuplicationPotion"}],"is_trial":false,"path_per_floor":["M","$","M","M","?","R","M","R","T","M","T","E","?","$","R","B",null,"M","?","$","T","M","E","R","M","T","M","M","M","E","M","R","B",null,"M","T","?","$","M","R","E","$","T","E","R","?","T","$","R","B",null,"R","$","E","B",null],"character_chosen":"POTIONBREWER","items_purchased":["potionbrewer:EmptyBottle+1","potionbrewer:WizBang","Bag of Preparation","Frozen Egg 2","potionbrewer:AnotherRound+1","potionbrewer:ToyAutogyro","potionbrewer:Bribery+1"],"campfire_rested":2,"item_purchase_floors":[2,14,14,38,48,53,53],"current_hp_per_floor":[56,56,56,56,56,56,54,54,54,41,41,29,29,29,68,68,75,66,59,59,59,59,38,78,78,78,78,78,78,77,74,74,74,78,74,74,81,81,81,81,81,81,81,81,81,81,81,81,81,78,84,84,84,86,53],"gold":401,"neow_bonus":"DSIX","is_daily":false,"chose_seed":false,"campfire_upgraded":7,"win_rate":0.0,"timestamp":1607682734,"path_taken":["M","$","M","M","?","R","?","R","T","?","?","E","?","?","R","BOSS","M","?","$","?","?","E","R","?","T","M","?","M","E","M","R","BOSS","M","?","?","$","?","R","E","$","T","E","R","?","?","?","R","BOSS","R","$","E","BOSS"],"items_purchased_type":["Potion","Card","Relic","Relic","Potion","Relic","Potion"],"build_version":"2020-11-30","purchased_purges":2,"victory":true,"max_hp_per_floor":[75,75,75,75,75,75,75,75,75,75,75,75,75,75,77,77,77,77,77,77,77,77,77,79,79,79,79,79,79,79,79,79,79,79,79,79,86,86,86,86,86,86,86,86,86,86,86,86,86,86,86,86,86,86,86],"card_choices":[{"not_picked":["potionbrewer:Brandish","potionbrewer:Biohazard"],"picked":"potionbrewer:QuickStep","floor":1.0},{"not_picked":["potionbrewer:Toxicity","potionbrewer:BalancedFormula"],"picked":"potionbrewer:Contingency","floor":3.0},{"not_picked":["potionbrewer:WizBang","potionbrewer:PortableLab"],"picked":"potionbrewer:ChainReaction","floor":4.0},{"not_picked":["potionbrewer:LeftoverSpecimen","potionbrewer:BlindingSpray"],"picked":"potionbrewer:BalancedFormula","floor":7.0},{"not_picked":["potionbrewer:TimeBomb","potionbrewer:AnotherRound","potionbrewer:OneTwoPunch"],"picked":"potionbrewer:Prototype","floor":10.0},{"not_picked":["potionbrewer:Smack","potionbrewer:PrivateReserves","potionbrewer:Smokescreen"],"picked":"SKIP","floor":12.0},{"not_picked":["potionbrewer:Transmute","potionbrewer:PotentialEnergy"],"picked":"potionbrewer:IronFlesh","floor":16.0},{"not_picked":["ReplayTheSpireMod:Restless Dread","CurseOfTheBell"],"picked":"theSleuth:OglogMRubbit","floor":17.0},{"not_picked":["theForsaken:PlagueCurse","AbeCurse"],"picked":"Decay","floor":17.0},{"not_picked":["Doubt","Spreading Infection"],"picked":"Gensokyo:ImpossibleRequest","floor":17.0},{"not_picked":["potionbrewer:BlindingSpray","potionbrewer:UnstableFormula"],"picked":"potionbrewer:Smokescreen+1","floor":18.0},{"not_picked":["potionbrewer:FlashPowder","potionbrewer:Brandish","potionbrewer:MicrobeSpray","potionbrewer:Prototype"],"picked":"SKIP","floor":22.0},{"not_picked":["potionbrewer:Smokescreen","potionbrewer:FuelCell","potionbrewer:PortableLab+1"],"picked":"SKIP","floor":23},{"not_picked":["potionbrewer:Discombobulate","potionbrewer:CausticBarrier","potionbrewer:Brandish+1"],"picked":"SKIP","floor":25},{"not_picked":["potionbrewer:RefinedProcess","potionbrewer:Fuel","potionbrewer:AcidCloud"],"picked":"potionbrewer:Prototype","floor":27},{"not_picked":["potionbrewer:BlindingSpray+1","potionbrewer:Fuel","potionbrewer:Shovel"],"picked":"SKIP","floor":28},{"not_picked":["potionbrewer:Refill","potionbrewer:Biohazard","potionbrewer:OneTwoPunch+1"],"picked":"SKIP","floor":29},{"not_picked":["potionbrewer:LeftoverSpecimen+1","potionbrewer:OneTwoPunch+1","potionbrewer:TestFormula"],"picked":"SKIP","floor":30},{"not_picked":["potionbrewer:CausticBarrier","potionbrewer:Contingency","potionbrewer:OneTwoPunch"],"picked":"SKIP","floor":31},{"not_picked":["potionbrewer:Smokescreen","potionbrewer:Brandish","potionbrewer:VolatileSolution+1"],"picked":"SKIP","floor":35},{"not_picked":["potionbrewer:Smokescreen","potionbrewer:ChemicalRage+1"],"picked":"potionbrewer:TestSubject+1","floor":39},{"not_picked":["potionbrewer:ResearchResults","potionbrewer:QuickStep","potionbrewer:BlindingSpray+1","potionbrewer:Prototype"],"picked":"SKIP","floor":41},{"not_picked":["potionbrewer:Accelerant","potionbrewer:ChainReaction+1","potionbrewer:Brandish+1","potionbrewer:Prototype"],"picked":"SKIP","floor":44},{"not_picked":["potionbrewer:EquivalentExchange+1","potionbrewer:Transmute","potionbrewer:Prototype"],"picked":"potionbrewer:Bribery+1","floor":50},{"not_picked":["potionbrewer:CausticBarrier+1","potionbrewer:OneTwoPunch","potionbrewer:Prototype"],"picked":"potionbrewer:ChemicalShroud","floor":54}],"player_experience":1902582,"relics_obtained":[{"floor":1.0,"key":"Replay:PocketPolymizer"},{"floor":1.0,"key":"Tiny Chest"},{"floor":11.0,"key":"Regal Pillow"},{"floor":12.0,"key":"Simple Rune"},{"floor":21.0,"key":"Kunai"},{"floor":23,"key":"Cleaning_Rag"},{"floor":26,"key":"Orichalcum"},{"floor":30,"key":"Bag of Marbles"},{"floor":31,"key":"potionbrewer:Torch"},{"floor":35,"key":"potionbrewer:PotionKit"},{"floor":36,"key":"Pen Nib"},{"floor":41,"key":"Centennial Puzzle"},{"floor":43,"key":"PreservedInsect"},{"floor":44,"key":"Replay:Bottled Eggs"},{"floor":47,"key":"SSSystem"},{"floor":50,"key":"Blood Vial"},{"floor":54,"key":"Oddly Smooth Stone"}],"event_choices":[{"damage_healed":0.0,"max_hp_gain":0.0,"max_hp_loss":0.0,"gold_gain":0.0,"event_name":"blackbeard:ShipwreckEvent","player_choice":"Anchor","floor":19.0,"gold_loss":0.0,"damage_taken":0.0,"relics_obtained":["Anchor"]}],"is_beta":false,"boss_relics":[{"not_picked":["vexMod:CursedCompass","Cursed Key"],"picked":"Replay:Ancient Bell"},{"not_picked":["Ccalipers","Pet Ghost"],"picked":"Gremlin Food"},{"not_picked":["LastBattle","aspiration:StickyExplosives_weak"],"picked":"ReplayTheSpireMod:Shallot"},{"not_picked":["aspiration:HatOfInfinitePower","StoneCalendar"],"picked":"vexMod:RedPlottingStone"},{"not_picked":["Replay:Bronze Core","Silver_Glasses"],"picked":"Replay:Grab Bag"},{"not_picked":["vexMod:EndlessSickness","Velvet Choker"],"picked":"aspiration:RandomNobGenerator"},{"not_picked":["theForsaken:PaleLantern","Busted Crown"],"picked":"Replay:Wanted Poster"},{"not_picked":["Astrolabe","aspiration:PoetsPen_weak"],"picked":"AddBug"},{"not_picked":["aspiration:ServantSkillbook","aspiration:PoetsPen"],"picked":"SacredBark"}],"items_purged_floors":[20,38],"is_endless":false,"potions_floor_spawned":[3,4,10,16,25,30,33,39,44,50,54],"ascension_level":9}}