{"host":"diimjn7l8zzl9nqr","time":1607675609,"event":{"mods":["BaseMod","DeckTracker","Keyboard Shortcuts","Minty Spire (QoL Compilation)","Permanent Neow","Quick Restart","StSLib","SuperFastMode"],"gold_per_floor":[112,112,131,131,150,150,176,176,176,196,210,244,244,261,261,362,362,351,451,463,463,478,478,478,510,534,544,299,299,331,151,151,151,151],"floor_reached":33,"playtime":1252,"items_purged":["Defend_G","Regret"],"score":354,"play_id":"ba82134b-78da-4f34-8670-37f334004cb5","local_time":"20201211173329","is_ascension_mode":true,"campfire_choices":[{"data":"Footwork","floor":6,"key":"SMITH"},{"floor":8,"key":"REST"},{"floor":13,"key":"REST"},{"data":"Envenom","floor":15,"key":"SMITH"},{"floor":23,"key":"REST"},{"floor":32,"key":"REST"}],"circlet_count":0,"master_deck":["Strike_G","Strike_G","Strike_G","Strike_G","Strike_G","Defend_G","Defend_G","Defend_G+1","Defend_G+1","Survivor","Neutralize","Dramatic Entrance","Outmaneuver","Footwork+1","Poisoned Stab","Deadly Poison","Acrobatics","Flying Knee","Backflip","Envenom+1","After Image","PiercingWail+1","Bane+1","Noxious Fumes","Cloak And Dagger+1","Bandage Up","Bandage Up","Leg Sweep"],"relics":["Ring of the Snake","Bottled Lightning","Gremlin Horn","Juzu Bracelet","Cursed Key","Orichalcum","Art of War","Ancient Tea Set"],"acts_visited":["Exordium","TheCity"],"potions_floor_usage":[12,16,16,30],"damage_taken":[{"damage":0,"enemies":"2 Louse","floor":1,"turns":1},{"damage":2,"enemies":"Jaw Worm","floor":3,"turns":7},{"damage":1,"enemies":"Cultist","floor":5,"turns":4},{"damage":25,"enemies":"Lagavulin","floor":7,"turns":10},{"damage":4,"enemies":"Gremlin Gang","floor":10,"turns":4},{"damage":12,"enemies":"Large Slime","floor":11,"turns":5},{"damage":4,"enemies":"3 Sentries","floor":12,"turns":8},{"damage":1,"enemies":"Red Slaver","floor":14,"turns":3},{"damage":2,"enemies":"The Guardian","floor":16,"turns":12},{"damage":12,"enemies":"2 Thieves","floor":18,"turns":4},{"damage":6,"enemies":"Spheric Guardian","floor":20,"turns":8},{"damage":12,"enemies":"Snake Plant","floor":22,"turns":6},{"damage":48,"enemies":"Slavers","floor":25,"turns":7},{"damage":4,"enemies":"Centurion and Healer","floor":27,"turns":7},{"damage":9,"enemies":"Gremlin Leader","floor":30,"turns":7},{"damage":62,"enemies":"Collector","floor":33,"turns":9}],"seed_played":"-5189965161135663124","potions_obtained":[{"floor":1,"key":"AttackPotion"},{"floor":7,"key":"BlessingOfTheForge"},{"floor":11,"key":"Explosive Potion"},{"floor":12,"key":"Fire Potion"},{"floor":18,"key":"FairyPotion"}],"is_trial":false,"path_per_floor":["M","?","M","?","M","R","E","R","T","M","M","E","R","M","R","B",null,"M","?","M","?","M","R","?","E","T","M","$","?","E","$","R","B"],"character_chosen":"THE_SILENT","items_purchased":["DistilledChaos","Bandage Up","Leg Sweep"],"campfire_rested":4,"item_purchase_floors":[28,28,31],"current_hp_per_floor":[70,56,54,54,53,53,28,49,49,45,33,29,50,49,49,47,70,58,58,52,45,33,54,54,6,6,2,2,2,1,1,22,0,0],"gold":151,"neow_bonus":"RANDOM_COLORLESS","is_daily":false,"chose_seed":false,"campfire_upgraded":2,"win_rate":0.0,"timestamp":1607675609,"path_taken":["M","?","M","?","M","R","E","R","T","M","M","E","R","M","R","BOSS","M","?","M","?","M","R","?","E","T","M","$","?","E","$","R","BOSS"],"items_purchased_type":["Potion","Card","Card"],"build_version":"2020-11-30","purchased_purges":2,"victory":false,"max_hp_per_floor":[70,70,70,70,70,70,70,70,70,70,70,70,70,70,70,70,70,70,70,70,70,70,70,70,70,70,70,70,70,70,70,70,70,70],"card_choices":[{"not_picked":["Blind","Deep Breath"],"picked":"Dramatic Entrance","floor":0},{"not_picked":["Tactician","All Out Attack"],"picked":"Outmaneuver","floor":1},{"not_picked":["Dagger Spray","Dash"],"picked":"Footwork","floor":3},{"not_picked":["Prepared","Distraction"],"picked":"Poisoned Stab","floor":5},{"not_picked":["Distraction","Flying Knee"],"picked":"Deadly Poison","floor":7},{"not_picked":["Grand Finale","Deadly Poison"],"picked":"Acrobatics","floor":10},{"not_picked":["Slice","Deflect"],"picked":"Flying Knee","floor":11},{"not_picked":["Underhanded Strike","Slice"],"picked":"Backflip","floor":12},{"not_picked":["Outmaneuver","Distraction"],"picked":"Envenom","floor":14},{"not_picked":["Tools of the Trade","Wraith Form v2"],"picked":"After Image","floor":16},{"not_picked":["Dodge and Roll","Backflip"],"picked":"PiercingWail+1","floor":18},{"not_picked":["Setup","Venomology","Terror+1"],"picked":"SKIP","floor":20},{"not_picked":["Dagger Spray+1","Underhanded Strike"],"picked":"Bane+1","floor":22},{"not_picked":["Heel Hook","Skewer"],"picked":"Cloak And Dagger+1","floor":25},{"not_picked":["Eviscerate","Skewer","Endless Agony"],"picked":"SKIP","floor":27},{"not_picked":["Prepared","PiercingWail","Die Die Die"],"picked":"SKIP","floor":30}],"player_experience":79311,"relics_obtained":[{"floor":7,"key":"Bottled Lightning"},{"floor":9,"key":"Gremlin Horn"},{"floor":12,"key":"Juzu Bracelet"},{"floor":25,"key":"Orichalcum"},{"floor":26,"key":"Art of War"},{"floor":30,"key":"Ancient Tea Set"}],"event_choices":[{"damage_healed":0,"gold_gain":0,"player_choice":"Entered Light","damage_taken":14,"max_hp_gain":0,"max_hp_loss":0,"event_name":"Shining Light","floor":2,"gold_loss":0,"cards_upgraded":["Defend_G","Defend_G"]},{"damage_healed":0,"gold_gain":0,"player_choice":"Ignored","damage_taken":0,"max_hp_gain":0,"max_hp_loss":0,"event_name":"Golden Wing","floor":4,"gold_loss":0},{"damage_healed":0,"gold_gain":100,"player_choice":"Pray","damage_taken":0,"max_hp_gain":0,"max_hp_loss":0,"event_name":"Golden Shrine","floor":19,"gold_loss":0},{"damage_healed":0,"gold_gain":0,"player_choice":"Damaged","damage_taken":7,"max_hp_gain":0,"max_hp_loss":0,"event_name":"Wheel of Change","floor":21,"gold_loss":0},{"damage_healed":0,"gold_gain":0,"player_choice":"Read","damage_taken":0,"max_hp_gain":0,"max_hp_loss":0,"event_name":"The Library","floor":24,"gold_loss":0,"cards_obtained":["Noxious Fumes"]},{"damage_healed":0,"gold_gain":0,"player_choice":"Copied","damage_taken":0,"max_hp_gain":0,"max_hp_loss":0,"event_name":"Duplicator","floor":29,"gold_loss":0,"cards_obtained":["Bandage Up"]}],"is_beta":false,"boss_relics":[{"not_picked":["Pandora\u0027s Box","Black Star"],"picked":"Cursed Key"}],"items_purged_floors":[28,31],"is_endless":false,"potions_floor_spawned":[1,7,11,12,14,18],"killed_by":"Collector","ascension_level":4}}