{"host":"sum4dy402bbv9y4o","time":1607723283,"event":{"mods":["Aspiration","BaseMod","Conspire","Highlight Path","Minty Spire (QoL Compilation)","StSLib"],"gold_per_floor":[115,115,26,38,38,38,64,84,84,97,97,111,146,158,158,232,232,244,244,257,274,37,37,37,37,37,48,59,70,70,95,95,95,95],"floor_reached":33,"playtime":1150,"items_purged":["Writhe"],"score":608,"play_id":"30df5f81-ab43-4295-a93d-7daf8dbee296","local_time":"20201212004803","is_ascension_mode":true,"campfire_choices":[{"data":"Eruption","floor":6,"key":"SMITH"},{"data":"Vigilance","floor":11,"key":"SMITH"},{"data":"Perseverance","floor":15,"key":"SMITH"},{"data":"Adaptation","floor":23,"key":"SMITH"},{"data":"Vault","floor":30,"key":"SMITH"},{"floor":32,"key":"REST"}],"circlet_count":0,"master_deck":["AscendersBane","Eruption+1","Vigilance+1","FlurryOfBlows","Tantrum","Halt","FollowUp","Consecrate","Perseverance+1","Consecrate","BowlingBash","EmptyFist","Vault","CrushJoints","Vault+1","ThirdEye","BattleHymn","BowlingBash","BowlingBash","Collect","Adaptation+1","EmptyBody","Perseverance","FlurryOfBlows","FollowUp","FlurryOfBlows","Protect","EmptyMind","FearNoEvil"],"relics":["PureWater","NeowsBlessing","Art of War","Orichalcum","InkBottle","Bottled Lightning","Pandora\u0027s Box","Happy Flower","TeardropLocket","Tiny Chest"],"acts_visited":["Exordium","TheCity"],"potions_floor_usage":[27,31,33,33],"damage_taken":[{"damage":0,"enemies":"Small Slimes","floor":1,"turns":1},{"damage":0,"enemies":"Cultist","floor":4,"turns":1},{"damage":0,"enemies":"Lagavulin","floor":7,"turns":1},{"damage":8,"enemies":"2 Louse","floor":8,"turns":2},{"damage":15,"enemies":"Exordium Wildlife","floor":10,"turns":2},{"damage":0,"enemies":"Exordium Thugs","floor":12,"turns":3},{"damage":15,"enemies":"3 Sentries","floor":13,"turns":4},{"damage":16,"enemies":"3 Louse","floor":14,"turns":2},{"damage":3,"enemies":"Hexaghost","floor":16,"turns":7},{"damage":0,"enemies":"3 Byrds","floor":18,"turns":3},{"damage":0,"enemies":"Chosen","floor":20,"turns":2},{"damage":16,"enemies":"Centurion and Healer","floor":21,"turns":3},{"damage":0,"enemies":"Snecko","floor":27,"turns":3},{"damage":0,"enemies":"Sentry and Sphere","floor":28,"turns":3},{"damage":7,"enemies":"Snake Plant","floor":29,"turns":6},{"damage":1,"enemies":"Slavers","floor":31,"turns":3},{"damage":54,"enemies":"Collector","floor":33,"turns":9}],"seed_played":"-857219152819960826","potions_obtained":[{"floor":1,"key":"Swift Potion"},{"floor":12,"key":"Ancient Potion"},{"floor":13,"key":"FairyPotion"},{"floor":27,"key":"Ambrosia"},{"floor":31,"key":"SkillPotion"}],"is_trial":false,"path_per_floor":["M","?","$","M","?","R","E","M","T","M","R","M","E","M","R","B",null,"M","?","M","M","$","R","?","$","T","M","M","M","R","E","R","B"],"character_chosen":"WATCHER","items_purchased":["Tantrum","FlurryOfBlows","FollowUp","SteroidPotion"],"campfire_rested":1,"item_purchase_floors":[3,22,22,22],"current_hp_per_floor":[61,54,54,54,54,54,54,46,46,31,31,31,16,20,20,17,55,55,55,55,39,39,39,39,39,39,39,39,32,32,31,51,0,0],"gold":95,"neow_bonus":"THREE_ENEMY_KILL","is_daily":false,"chose_seed":false,"campfire_upgraded":5,"win_rate":0.0,"timestamp":1607723283,"path_taken":["M","?","$","M","?","R","E","M","T","M","R","M","E","M","R","BOSS","M","?","M","M","$","R","?","?","T","M","M","?","R","E","R","BOSS"],"items_purchased_type":["Card","Card","Card","Potion"],"build_version":"2020-11-30","purchased_purges":1,"victory":false,"max_hp_per_floor":[68,68,68,68,68,68,68,68,68,68,68,68,68,68,68,68,68,68,68,68,68,68,68,68,68,68,68,68,68,68,68,68,68,68],"card_choices":[{"not_picked":["LikeWater","BowlingBash"],"picked":"FlurryOfBlows","floor":1},{"not_picked":["JustLucky","SashWhip"],"picked":"Halt","floor":4},{"not_picked":["Omniscience","Indignation"],"picked":"FollowUp","floor":7},{"not_picked":["Crescendo","ForeignInfluence"],"picked":"Consecrate","floor":8},{"not_picked":["Collect","Crescendo"],"picked":"Perseverance","floor":10},{"not_picked":["SignatureMove","Crescendo"],"picked":"Consecrate","floor":12},{"not_picked":["CrushJoints","WheelKick"],"picked":"BowlingBash","floor":13},{"not_picked":["Wireheading","InnerPeace"],"picked":"EmptyFist","floor":14},{"not_picked":["Ragnarok","DevaForm"],"picked":"Vault","floor":16},{"not_picked":["JustLucky","Meditate"],"picked":"Adaptation","floor":18},{"not_picked":["EmptyFist","WheelKick"],"picked":"EmptyBody","floor":20},{"not_picked":["Weave","PathToVictory+1"],"picked":"Perseverance","floor":21},{"not_picked":["EmptyFist","Vengeance+1"],"picked":"FlurryOfBlows","floor":27},{"not_picked":["Evaluate","FlyingSleeves"],"picked":"Protect","floor":28},{"not_picked":["EmptyFist","CrushJoints"],"picked":"EmptyMind","floor":29},{"not_picked":["WindmillStrike","JustLucky"],"picked":"FearNoEvil","floor":31}],"player_experience":2776329,"relics_obtained":[{"floor":7,"key":"Orichalcum"},{"floor":9,"key":"InkBottle"},{"floor":13,"key":"Bottled Lightning"},{"floor":26,"key":"TeardropLocket"},{"floor":31,"key":"Tiny Chest"}],"event_choices":[{"cards_removed":["Strike_P"],"damage_healed":0,"gold_gain":0,"player_choice":"Card Removal","damage_taken":7,"max_hp_gain":0,"max_hp_loss":0,"event_name":"Golden Wing","floor":2,"gold_loss":0},{"damage_healed":0,"gold_gain":0,"player_choice":"Gave Potion","damage_taken":0,"relics_obtained":["Art of War"],"max_hp_gain":0,"max_hp_loss":0,"event_name":"WeMeetAgain","floor":5,"gold_loss":0},{"damage_healed":0,"gold_gain":0,"player_choice":"Opened","damage_taken":0,"relics_obtained":["Happy Flower"],"max_hp_gain":0,"max_hp_loss":0,"event_name":"The Mausoleum","floor":19,"gold_loss":0,"cards_obtained":["Writhe"]},{"damage_healed":0,"gold_gain":0,"player_choice":"Ignored","damage_taken":0,"max_hp_gain":0,"max_hp_loss":0,"event_name":"Ghosts","floor":24,"gold_loss":0}],"is_beta":false,"boss_relics":[{"not_picked":["aspiration:RandomNobGenerator","aspiration:PoetsPen"],"picked":"Pandora\u0027s Box"}],"items_purged_floors":[22],"is_endless":false,"potions_floor_spawned":[1,12,13,27,31],"killed_by":"Collector","ascension_level":20}}