{"host":"9tzam4717zt8ei1o","time":1607710016,"event":{"mods":["BaseMod","Colored Map","Keyboard Shortcuts","Minty Spire (QoL Compilation)","Quick Restart","StSLib","SuperFastMode"],"gold_per_floor":[119,69,69,69,69,104,104,129,129,168,168,19,53,68,68,192,192,205,205,99,99,115,146,164,164,232,232,232,251,75,114,114,235,235,265,12,12,25,88,127,127,158,234,234,234,234,234,12,12,12],"floor_reached":51,"playtime":1476,"items_purged":["Strike_G","Strike_G","Strike_G"],"score":1036,"play_id":"47072653-86cc-4851-a2e4-61a747ca5b18","local_time":"20201212030656","is_ascension_mode":true,"campfire_choices":[{"data":"Neutralize","floor":7.0,"key":"SMITH"},{"data":"All Out Attack","floor":11.0,"key":"SMITH"},{"data":"Masterful Stab","floor":15.0,"key":"SMITH"},{"data":"A Thousand Cuts","floor":25,"key":"SMITH"},{"data":"Bouncing Flask","floor":27,"key":"SMITH"},{"data":"Footwork","floor":32,"key":"SMITH"},{"floor":41,"key":"DIG"},{"floor":44,"key":"DIG"},{"floor":47,"key":"DIG"},{"floor":49,"key":"DIG"}],"circlet_count":0,"master_deck":["Defend_G","Defend_G","Defend_G","Defend_G","Survivor","Neutralize+1","PiercingWail","Escape Plan","Masterful Stab+1","All Out Attack+1","Footwork+1","Backstab","A Thousand Cuts+1","Backflip+1","Bouncing Flask+1","Infinite Blades","Cloak And Dagger+1","Well Laid Plans+1","Escape Plan","Corpse Explosion+1","Venomology+1","CurseOfTheBell","Prepared+1","Backflip+1","Dodge and Roll+1","Apotheosis+1"],"relics":["Ring of the Snake","NeowsBlessing","Golden Idol","Pen Nib","PreservedInsect","Gremlin Horn","InkBottle","Potion Belt","Philosopher\u0027s Stone","MutagenicStrength","Regal Pillow","Meat on the Bone","Toxic Egg 2","Calling Bell","MawBank","Pear","Ice Cream","Membership Card","Sundial","Pantograph","Shovel","Omamori","Bronze Scales","Juzu Bracelet","Bottled Flame","Bird Faced Urn","Happy Flower","Lantern","Bag of Marbles"],"acts_visited":["Exordium","TheCity","TheBeyond"],"potions_floor_usage":[16,33,33,33,40,42,42,50,50,50],"damage_taken":[{"damage":0.0,"enemies":"Small Slimes","floor":1.0,"turns":1.0},{"damage":0.0,"enemies":"Lagavulin","floor":6.0,"turns":1.0},{"damage":0.0,"enemies":"2 Louse","floor":8.0,"turns":1.0},{"damage":8.0,"enemies":"Gremlin Nob","floor":10.0,"turns":4.0},{"damage":1.0,"enemies":"3 Sentries","floor":13.0,"turns":4.0},{"damage":0.0,"enemies":"Jaw Worm","floor":14.0,"turns":2.0},{"damage":0,"enemies":"Slime Boss","floor":16,"turns":6},{"damage":0,"enemies":"Spheric Guardian","floor":18,"turns":1},{"damage":2,"enemies":"Chosen","floor":22,"turns":4},{"damage":0,"enemies":"Gremlin Leader","floor":23,"turns":3},{"damage":0,"enemies":"Snake Plant","floor":24,"turns":3},{"damage":4,"enemies":"Sentry and Sphere","floor":29,"turns":4},{"damage":9,"enemies":"Book of Stabbing","floor":31,"turns":4},{"damage":35,"enemies":"Automaton","floor":33,"turns":8},{"damage":7,"enemies":"3 Darklings","floor":35,"turns":2},{"damage":4,"enemies":"3 Shapes","floor":38,"turns":2},{"damage":0,"enemies":"Mind Bloom Boss Battle","floor":39,"turns":7},{"damage":14,"enemies":"Giant Head","floor":40,"turns":6},{"damage":12,"enemies":"Nemesis","floor":42,"turns":5},{"damage":35,"enemies":"Donu and Deca","floor":50,"turns":9}],"seed_played":"4080709260450801461","potions_obtained":[{"floor":6.0,"key":"PowerPotion"},{"floor":10.0,"key":"GamblersBrew"},{"floor":16,"key":"SmokeBomb"},{"floor":18,"key":"LiquidMemories"},{"floor":23,"key":"Poison Potion"},{"floor":24,"key":"SkillPotion"},{"floor":35,"key":"AttackPotion"},{"floor":40,"key":"Energy Potion"}],"is_trial":false,"path_per_floor":["M","?","?","?","T","E","R","M","T","E","R","$","E","M","R","B",null,"M","?","$","?","M","E","M","R","T","R","?","M","$","E","R","B",null,"M","$","?","M","?","E","R","E","T","R","?","?","R","$","R","B",null],"character_chosen":"THE_SILENT","items_purchased":["Footwork","Bouncing Flask","Infinite Blades","Escape Plan","Membership Card","Sundial","Apotheosis+1","Lantern"],"campfire_rested":0,"item_purchase_floors":[12,20,20,30,36,36,48,48],"current_hp_per_floor":[70,70,53,53,53,53,53,53,53,45,45,45,44,44,44,44,70,70,70,70,70,68,68,68,68,68,68,68,64,64,55,55,32,80,73,73,73,69,80,66,66,54,54,54,74,74,74,74,74,52],"gold":12,"neow_bonus":"THREE_ENEMY_KILL","is_daily":false,"chose_seed":false,"campfire_upgraded":6,"win_rate":0.0,"timestamp":1607710016,"path_taken":["M","?","?","?","?","E","R","M","T","E","R","$","E","?","R","BOSS","M","?","?","?","M","E","?","R","T","R","?","M","$","E","R","BOSS","M","$","?","?","?","E","R","E","T","R","?","?","R","$","R","BOSS"],"items_purchased_type":["Card","Card","Card","Card","Relic","Relic","Card","Relic"],"build_version":"2020-11-30","purchased_purges":3,"victory":true,"max_hp_per_floor":[70,70,70,70,70,70,70,70,70,70,70,70,70,70,70,70,70,70,70,70,70,70,70,70,70,70,70,70,70,70,70,70,70,80,80,80,80,80,80,80,80,80,80,80,80,80,80,80,80,80],"card_choices":[{"not_picked":["Sucker Punch","Bane"],"picked":"PiercingWail","floor":1.0},{"not_picked":["Poisoned Stab","Terror"],"picked":"Escape Plan","floor":6.0},{"not_picked":["Deadly Poison","Leg Sweep"],"picked":"Masterful Stab","floor":8.0},{"not_picked":["Dash","Distraction"],"picked":"All Out Attack","floor":10.0},{"not_picked":["Slice","Outmaneuver"],"picked":"Backstab","floor":13.0},{"not_picked":["Poisoned Stab","Footwork","Riddle With Holes"],"picked":"SKIP","floor":14.0},{"not_picked":["Bullet Time","Night Terror"],"picked":"A Thousand Cuts","floor":16},{"not_picked":["Deadly Poison","Slice"],"picked":"Backflip","floor":18},{"not_picked":["Outmaneuver+1","Bane+1"],"picked":"Cloak And Dagger+1","floor":22},{"not_picked":["Cloak And Dagger+1","Slice"],"picked":"Well Laid Plans+1","floor":23},{"not_picked":["Bouncing Flask+1","Flying Knee+1","Dagger Spray"],"picked":"SKIP","floor":24},{"not_picked":["Dagger Throw","Dash","Dodge and Roll"],"picked":"SKIP","floor":29},{"not_picked":["Die Die Die","Heel Hook"],"picked":"Corpse Explosion+1","floor":31},{"not_picked":["Doppelganger+1","Unload"],"picked":"Venomology+1","floor":33},{"not_picked":["PiercingWail+1","Poisoned Stab"],"picked":"Prepared+1","floor":35},{"not_picked":["Bane","Deadly Poison+1"],"picked":"Backflip+1","floor":38},{"not_picked":["All Out Attack+1","Prepared+1","Tools of the Trade"],"picked":"SKIP","floor":40},{"not_picked":["All Out Attack+1","Prepared+1","Tools of the Trade"],"picked":"SKIP","floor":40},{"not_picked":["Dash","Caltrops+1"],"picked":"Dodge and Roll+1","floor":42}],"player_experience":51323,"relics_obtained":[{"floor":5.0,"key":"Pen Nib"},{"floor":6.0,"key":"PreservedInsect"},{"floor":9.0,"key":"Gremlin Horn"},{"floor":10.0,"key":"InkBottle"},{"floor":13.0,"key":"Potion Belt"},{"floor":23,"key":"Regal Pillow"},{"floor":26,"key":"Meat on the Bone"},{"floor":31,"key":"Toxic Egg 2"},{"floor":34,"key":"MawBank"},{"floor":34,"key":"Pear"},{"floor":34,"key":"Ice Cream"},{"floor":37,"key":"Pantograph"},{"floor":39,"key":"Shovel"},{"floor":40,"key":"Omamori"},{"floor":41,"key":"Bronze Scales"},{"floor":42,"key":"Juzu Bracelet"},{"floor":43,"key":"Bottled Flame"},{"floor":44,"key":"Bird Faced Urn"},{"floor":47,"key":"Happy Flower"},{"floor":49,"key":"Bag of Marbles"}],"event_choices":[{"cards_removed":["Strike_G"],"damage_healed":0.0,"max_hp_gain":0.0,"max_hp_loss":0.0,"gold_gain":0.0,"event_name":"The Cleric","player_choice":"Card Removal","floor":2.0,"gold_loss":50.0,"damage_taken":0.0},{"damage_healed":0.0,"max_hp_gain":0.0,"max_hp_loss":0.0,"gold_gain":0.0,"event_name":"Golden Idol","player_choice":"Take Damage","floor":3.0,"gold_loss":0.0,"damage_taken":17.0,"relics_obtained":["Golden Idol"]},{"cards_removed":["Defend_G"],"damage_healed":0.0,"max_hp_gain":0.0,"max_hp_loss":0.0,"gold_gain":0.0,"event_name":"Living Wall","player_choice":"Forget","floor":4.0,"gold_loss":0.0,"damage_taken":0.0},{"damage_healed":0,"gold_gain":0,"player_choice":"Inject Mutagens","damage_taken":0,"relics_obtained":["MutagenicStrength"],"max_hp_gain":0,"max_hp_loss":0,"event_name":"Drug Dealer","floor":19,"gold_loss":0},{"cards_removed":["Strike_G"],"damage_healed":0,"gold_gain":0,"player_choice":"Purged","damage_taken":0,"max_hp_gain":0,"max_hp_loss":0,"event_name":"Purifier","floor":21,"gold_loss":0},{"damage_healed":0,"gold_gain":0,"player_choice":"Ignored","damage_taken":0,"max_hp_gain":0,"max_hp_loss":0,"event_name":"N\u0027loth","floor":28,"gold_loss":0},{"damage_healed":0,"gold_gain":0,"player_choice":"Relic","damage_taken":0,"max_hp_gain":0,"max_hp_loss":0,"event_name":"Wheel of Change","floor":37,"gold_loss":0},{"damage_healed":0,"gold_gain":0,"player_choice":"Fight","damage_taken":0,"max_hp_gain":0,"max_hp_loss":0,"event_name":"MindBloom","floor":39,"gold_loss":0},{"damage_healed":20,"gold_gain":0,"player_choice":"Writhe","damage_taken":0,"max_hp_gain":0,"max_hp_loss":0,"event_name":"Winding Halls","floor":45,"gold_loss":0,"cards_obtained":["Writhe"]},{"damage_healed":0,"gold_gain":0,"player_choice":"Upgraded","damage_taken":0,"max_hp_gain":0,"max_hp_loss":0,"event_name":"Upgrade Shrine","floor":46,"gold_loss":0,"cards_upgraded":["Backflip"]}],"is_beta":false,"boss_relics":[{"not_picked":["Coffee Dripper","SacredBark"],"picked":"Philosopher\u0027s Stone"},{"not_picked":["Snecko Eye","SlaversCollar"],"picked":"Calling Bell"}],"items_purged_floors":[12,30,48],"is_endless":false,"potions_floor_spawned":[6,10,16,18,23,24,35,39,40],"ascension_level":2}}