{"host":"2461dio7vetlq1z3","time":1607685912,"event":{"mods":["AchievementEnabler","BaseMod","Hermit","Lobotomy","Minty Spire (QoL Compilation)","Relic Stats","StSLib","Waifu the Spire"],"gold_per_floor":[218,143,157,0,9,9,45,45,45,82,82,91,91,133,133,320,320,362,377,88,116,151,151,192,192,192,261,57,135,135,234,234,421,421,453,462,42,1059,1072,1138,1154,1167,1167,1167,1167],"floor_reached":44,"playtime":2594,"items_purged":["hermit:Strike_Hermit","hermit:Strike_Hermit","hermit:Strike_Hermit"],"score":665,"play_id":"bf2c75bd-91fd-4636-92e0-7e9ef18ac94f","local_time":"20201211122512","is_ascension_mode":true,"campfire_choices":[{"data":"hermit:Deadeye","floor":6,"key":"SMITH"},{"data":"hermit:Adapt","floor":8,"key":"SMITH"},{"data":"hermit:Horror","floor":11,"key":"SMITH"},{"data":"hermit:FatalDesire","floor":13,"key":"SMITH"},{"data":"hermit:DeadOrAlive","floor":15,"key":"SMITH"},{"floor":23,"key":"REST"},{"data":"hermit:HeroicBravado","floor":25,"key":"SMITH"},{"floor":30,"key":"REST"},{"data":"hermit:Covet","floor":32,"key":"SMITH"}],"circlet_count":0,"master_deck":["hermit:Defend_Hermit","hermit:Defend_Hermit","hermit:Defend_Hermit","hermit:Defend_Hermit","hermit:Snapshot","hermit:Covet+1","hermit:Deadeye+1","hermit:Horror+1","hermit:FatalDesire+1","hermit:Adapt+1","hermit:BodyArmor","Regret","hermit:DeadOrAlive+1","hermit:HeroicBravado+1","hermit:GoldenBullet+1","hermit:TakeAim","hermit:Horror","hermit:Gambit","hermit:FlashPowder","hermit:Magnum","Good Instincts","hermit:ShadowCloak","Normality","Normality"],"relics":["hermit:Momento","CeramicFish","Vajra","Mercury Hourglass","Blue Candle","Smiling Mask","Busted Crown","Potion Belt","Matryoshka","Bronze Scales","TheAbacus","MealTicket","hermit:BartenderGlass","Sling","Bag of Marbles","Mummified Hand","HornCleat","Darkstone Periapt"],"acts_visited":["Exordium","TheCity","TheBeyond"],"potions_floor_usage":[29,39,39,40,41,42,42,44],"damage_taken":[{"damage":7.0,"enemies":"Jaw Worm","floor":1.0,"turns":3.0},{"damage":0,"enemies":"2 Louse","floor":3,"turns":1},{"damage":25,"enemies":"3 Sentries","floor":7,"turns":8},{"damage":10,"enemies":"Lagavulin","floor":10,"turns":5},{"damage":10,"enemies":"Gremlin Nob","floor":14,"turns":3},{"damage":16,"enemies":"The Guardian","floor":16,"turns":12},{"damage":10,"enemies":"3 Byrds","floor":18,"turns":5},{"damage":10,"enemies":"Shell Parasite","floor":19,"turns":5},{"damage":2,"enemies":"3 Cultists","floor":21,"turns":5},{"damage":19,"enemies":"Centurion and Healer","floor":22,"turns":5},{"damage":7,"enemies":"Shelled Parasite and Fungi","floor":24,"turns":4},{"damage":17,"enemies":"Slavers","floor":27,"turns":4},{"damage":1,"enemies":"Gremlin Leader","floor":29,"turns":6},{"damage":10,"enemies":"Automaton","floor":33,"turns":11},{"damage":21,"enemies":"3 Shapes","floor":35,"turns":4},{"damage":8,"enemies":"3 Darklings","floor":39,"turns":3},{"damage":2,"enemies":"Giant Head","floor":40,"turns":9},{"damage":18,"enemies":"Transient","floor":41,"turns":5},{"damage":17,"enemies":"Writhing Mass","floor":42,"turns":5},{"damage":14,"enemies":"Reptomancer","floor":44,"turns":2}],"seed_played":"-841752087197093150","potions_obtained":[{"floor":7,"key":"Ancient Potion"},{"floor":14,"key":"Ancient Potion"},{"floor":22,"key":"GamblersBrew"},{"floor":27,"key":"Block Potion"},{"floor":29,"key":"Fruit Juice"},{"floor":33,"key":"DuplicationPotion"},{"floor":42,"key":"ColorlessPotion"}],"is_trial":false,"path_per_floor":["M","$","M","$","?","R","E","R","T","E","R","?","R","E","R","B",null,"M","M","$","M","M","R","M","R","T","E","$","E","R","?","R","B",null,"M","?","$","?","M","E","M","M","T","E"],"character_chosen":"HERMIT","items_purchased":["CeramicFish","hermit:TakeAim","hermit:Horror","Potion Belt","TheAbacus","hermit:ShadowCloak","Sling","Bag of Marbles"],"campfire_rested":2,"item_purchase_floors":[4,20,20,20,28,37,37,37],"current_hp_per_floor":[68,68,68,68,68,68,43,43,43,33,33,33,33,23,23,7,58,48,38,38,36,17,39,32,32,32,15,15,14,36,36,36,26,63,42,37,52,52,49,47,29,12,12,0,0],"gold":1167,"neow_bonus":"HUNDRED_GOLD","is_daily":false,"chose_seed":false,"campfire_upgraded":7,"win_rate":0.0,"timestamp":1607685912,"path_taken":["M","$","M","$","?","R","E","R","T","E","R","?","R","E","R","BOSS","M","M","$","M","M","R","M","R","T","E","$","E","R","?","R","BOSS","M","?","$","?","M","E","?","M","T","E"],"items_purchased_type":["Relic","Card","Card","Relic","Relic","Card","Relic","Relic"],"build_version":"2020-11-30","purchased_purges":3,"victory":false,"max_hp_per_floor":[75,75,75,75,75,75,75,75,75,75,75,75,75,75,75,75,75,75,75,75,75,75,75,75,75,75,75,75,75,75,75,75,75,75,75,75,75,75,80,80,80,80,80,80,80],"relic_stats":{"Darkstone Periapt":0,"Busted Crown":48,"TheAbacus":[174],"counters":[20,104],"Mummified Hand":[11],"CeramicFish":144,"Blue Candle":[6],"Bronze Scales":[126],"MealTicket":15,"Smiling Mask":125,"obtain_stats":[{"Potion Belt":20,"Darkstone Periapt":43,"CeramicFish":4,"Blue Candle":12,"Vajra":7,"Smiling Mask":14,"Sling":37,"Mercury Hourglass":10,"Busted Crown":17,"Matryoshka":26,"TheAbacus":28,"HornCleat":43,"Mummified Hand":40,"Bronze Scales":27,"MealTicket":29,"hermit:BartenderGlass":34,"Bag of Marbles":37,"hermit:Momento":0},{"Potion Belt":8,"Darkstone Periapt":19,"CeramicFish":2,"Blue Candle":4,"Vajra":3,"Smiling Mask":5,"Sling":15,"Mercury Hourglass":4,"Busted Crown":6,"Matryoshka":11,"TheAbacus":12,"HornCleat":19,"Mummified Hand":17,"Bronze Scales":12,"MealTicket":13,"hermit:BartenderGlass":14,"Bag of Marbles":15,"hermit:Momento":0},{"Potion Belt":42,"Darkstone Periapt":102,"CeramicFish":4,"Blue Candle":17,"Vajra":12,"Smiling Mask":20,"Sling":80,"Mercury Hourglass":17,"Busted Crown":32,"Matryoshka":55,"TheAbacus":59,"HornCleat":102,"Mummified Hand":92,"Bronze Scales":59,"MealTicket":65,"hermit:BartenderGlass":76,"Bag of Marbles":80,"hermit:Momento":0}],"Mercury Hourglass":[342]},"card_choices":[{"not_picked":["hermit:Quickdraw","hermit:Coalescence"],"picked":"hermit:Deadeye","floor":1.0},{"not_picked":["hermit:HighCaliber","hermit:ItchyTrigger"],"picked":"hermit:Horror","floor":3},{"not_picked":["hermit:SprayPray","hermit:Glare"],"picked":"hermit:Adapt","floor":7},{"not_picked":["hermit:Ricochet","hermit:ShadowCloak"],"picked":"hermit:BodyArmor","floor":10},{"not_picked":["hermit:Quickdraw","hermit:LuckOfTheDraw"],"picked":"hermit:DeadOrAlive","floor":14},{"not_picked":["hermit:Reprieve","hermit:FinalCanter"],"picked":"hermit:HeroicBravado","floor":16},{"not_picked":[],"picked":"hermit:GoldenBullet+1","floor":18},{"not_picked":["hermit:Glare"],"picked":"SKIP","floor":19},{"not_picked":["hermit:Quickdraw"],"picked":"SKIP","floor":21},{"not_picked":["hermit:Snipe"],"picked":"SKIP","floor":22},{"not_picked":[],"picked":"hermit:Gambit","floor":24},{"not_picked":["hermit:Glare"],"picked":"SKIP","floor":27},{"not_picked":[],"picked":"hermit:FlashPowder","floor":29},{"not_picked":[],"picked":"hermit:Magnum","floor":33},{"not_picked":["hermit:Snipe"],"picked":"SKIP","floor":35},{"not_picked":[],"picked":"Good Instincts","floor":36},{"not_picked":["hermit:Desperado"],"picked":"SKIP","floor":39},{"not_picked":["hermit:Desperado"],"picked":"SKIP","floor":40},{"not_picked":["hermit:Feint+1"],"picked":"SKIP","floor":41},{"not_picked":["hermit:Maintenance"],"picked":"SKIP","floor":42}],"player_experience":616671,"relics_obtained":[{"floor":7,"key":"Vajra"},{"floor":10,"key":"Mercury Hourglass"},{"floor":14,"key":"Smiling Mask"},{"floor":26,"key":"Matryoshka"},{"floor":27,"key":"Bronze Scales"},{"floor":29,"key":"MealTicket"},{"floor":40,"key":"Mummified Hand"},{"floor":43,"key":"HornCleat"},{"floor":43,"key":"Darkstone Periapt"}],"event_choices":[{"damage_healed":0,"gold_gain":0,"cards_transformed":["hermit:Strike_Hermit"],"player_choice":"Change","damage_taken":0,"max_hp_gain":0,"max_hp_loss":0,"event_name":"Living Wall","floor":5,"gold_loss":0,"cards_obtained":["hermit:FatalDesire"]},{"damage_healed":0,"gold_gain":0,"player_choice":"Box","damage_taken":0,"relics_obtained":["Blue Candle"],"max_hp_gain":0,"max_hp_loss":0,"event_name":"Big Fish","floor":12,"gold_loss":0,"cards_obtained":["Regret"]},{"damage_healed":0,"gold_gain":99,"player_choice":"Stole From Cult","damage_taken":0,"max_hp_gain":0,"max_hp_loss":0,"event_name":"Nest","floor":31,"gold_loss":0},{"damage_healed":0,"gold_gain":0,"player_choice":"Memory 2","damage_taken":5,"max_hp_gain":0,"max_hp_loss":0,"event_name":"SensoryStone","floor":36,"gold_loss":0},{"damage_healed":0,"gold_gain":999,"player_choice":"Gold","damage_taken":0,"max_hp_gain":0,"max_hp_loss":0,"event_name":"MindBloom","floor":38,"gold_loss":0,"cards_obtained":["Normality","Normality"]}],"is_beta":false,"boss_relics":[{"not_picked":["Ectoplasm","Empty Cage"],"picked":"Busted Crown"},{"not_picked":["Tiny House","SlaversCollar"],"picked":"hermit:BartenderGlass"}],"items_purged_floors":[2,28,37],"is_endless":false,"potions_floor_spawned":[7,14,22,27,29,33,39,42],"killed_by":"Reptomancer","ascension_level":5}}