{"host":"1sep654oresgee70","time":1607726568,"event":{"mods":["2.2 Compatiblity","Aspiration","BaseMod","Better Altar","Better Match","Better Note","Better Sensory Stone","Better Skull","Better Third Choice","Better Vampires","Better-Laid Plans","BetterRewards","Block Reminder","Conspire","Displayed Cursed Tome","Gold Saver","Hubris","Infinite Spire","Minty Spire (QoL Compilation)","Potion Indicator Mod","Quick Restart","Red Circlet Mod","Replay The Spire","Shop Mod","Spicy Shops","StSLib","Thieving Mod","Transform Curses","UnlockEverythingMod"],"gold_per_floor":[905,58,73,73,88,58,88,103,103,103,118,118,71,86,86,186,186,201,201,201,216,216,216,216,246,246,261,261,261,276,7,7,107,107,122,28,28,13,13,13,13,13],"floor_reached":41,"playtime":1790,"items_purged":["conspire:Blindness"],"score":482,"play_id":"0c7f7a18-d2b2-4516-8176-b32cb2b2b313","local_time":"20201211234248","daily_mods":["Heirloom","Green Cards","DeadlyEvents"],"is_ascension_mode":false,"campfire_choices":[{"floor":10,"key":"REST"},{"floor":12,"key":"REST"},{"floor":15,"key":"REST"},{"floor":23,"key":"REST"},{"floor":28,"key":"REST"},{"floor":32,"key":"REST"},{"floor":40,"key":"REST"}],"circlet_count":0,"master_deck":["Strike_P+1","Strike_P+1","Strike_P+1","Strike_P+1","Defend_P+1","Defend_P+1","Defend_P+1","Defend_P+1","Eruption","Vigilance","EmptyBody","Noxious Fumes","Atom Bomb","ReplayTheSpireMod:Necrosis","Pot Of Greed","Pot Of Greed","Vault","Halt","Poisoned Stab","Fluid Movement","Bouncing Flask","MasterReality","Flying Knee+1","PiercingWail","ThirdEye","Storm of Steel","Pot Of Greed","Prostrate+1","Replay:DivineShield","infinitespire:Punishment","Nirvana+1","Finisher","Necronomicurse","Blade Dance","DevaForm","Apotheosis","Trip","Finesse","Ragnarok","Pot Of Greed","EmptyBody+1","Noxious Fumes","Noxious Fumes","Hidden Blade","Dagger Spray"],"relics":["Sizzling Blood","aspiration:DSix","ReplayTheSpireMod:CursedCoin","Strange Spoon","conspire:DecoderRing","Blue Doll","Grinning Jar","infinitespire:Cubic Diamond","Boot","Snack Pack","hubris:GrandSneckoEye","betterThird:NestCultRelic","StrikeDummy","hubris:TenFootPole","Replay:Bottled Snecko","Necronomicon","ReplayTheSpireMod:ShopPack","Busted Crown"],"acts_visited":["Exordium","TheCity","TheBeyond"],"potions_floor_usage":[7,11,18,25,25],"damage_taken":[{"damage":0,"enemies":"2 Louse","floor":1,"turns":3},{"damage":2,"enemies":"Small Slimes","floor":3,"turns":5},{"damage":12,"enemies":"Jaw Worm","floor":5,"turns":6},{"damage":4,"enemies":"Looter","floor":6,"turns":5},{"damage":30,"enemies":"Lagavulin","floor":7,"turns":7},{"damage":13,"enemies":"3 Louse","floor":8,"turns":5},{"damage":13,"enemies":"Large Slime","floor":11,"turns":8},{"damage":10,"enemies":"Lots of Slimes","floor":14,"turns":5},{"damage":23,"enemies":"Fading Forest","floor":16,"turns":11},{"damage":37,"enemies":"3 Byrds","floor":18,"turns":6},{"damage":12,"enemies":"Chosen","floor":21,"turns":4},{"damage":17,"enemies":"Book of Stabbing","floor":25,"turns":4},{"damage":10,"enemies":"Sentry and Sphere","floor":27,"turns":3},{"damage":22,"enemies":"Centurion and Healer","floor":30,"turns":4},{"damage":25,"enemies":"Champ","floor":33,"turns":9},{"damage":63,"enemies":"3 Darklings","floor":35,"turns":6},{"damage":72,"enemies":"Reptomancer","floor":41,"turns":3}],"seed_played":"-551933171069321123","potions_obtained":[{"floor":3,"key":"BlessingOfTheForge"},{"floor":7,"key":"SteroidPotion"},{"floor":14,"key":"SpeedPotion"},{"floor":16,"key":"Strength Potion"},{"floor":18,"key":"Languid Potion"},{"floor":21,"key":"Toxic Potion"},{"floor":33,"key":"SteroidPotion"}],"is_trial":false,"path_per_floor":["M","$","M","?","M","M","E","M","T","R","M","R","$","M","R","B",null,"M","?","?","M","AVR","R","T","E","T","M","R","?","M","$","R","B",null,"M","$","?","$","?","R","E"],"character_chosen":"WATCHER","items_purchased":["ReplayTheSpireMod:CursedCoin","Strange Spoon","conspire:DecoderRing","Noxious Fumes","Atom Bomb","ReplayTheSpireMod:Necrosis","Blue Doll","Grinning Jar","Flying Knee+1","PiercingWail","ReplayTheSpireMod:ShopPack","DevaForm","Noxious Fumes","Hidden Blade","Dagger Spray"],"campfire_rested":7,"item_purchase_floors":[2,2,2,2,2,2,2,2,13,13,31,31,36,36,38],"current_hp_per_floor":[72,72,70,70,62,62,36,27,27,48,39,60,60,54,72,65,72,39,39,39,35,35,56,56,45,45,39,60,53,39,39,60,43,72,17,17,24,24,27,49,0,0],"gold":13,"neow_bonus":"","is_daily":true,"chose_seed":false,"campfire_upgraded":0,"win_rate":0.0,"timestamp":1607726568,"path_taken":["M","$","M","?","M","M","E","M","T","R","M","R","$","M","R","BOSS","M","?","?","M","AVR","R","?","?","T","?","R","?","M","?","R","BOSS","M","?","?","$","?","R","?"],"items_purchased_type":["Relic","Relic","Relic","Card","Card","Card","Relic","Relic","Undefined","Card","Relic","Card","Card","Card","Card"],"build_version":"2020-11-30","purchased_purges":1,"victory":false,"max_hp_per_floor":[72,72,72,72,72,72,72,72,72,72,72,72,72,72,72,72,72,72,72,72,72,72,72,72,72,72,72,72,72,72,72,72,72,72,72,72,72,72,75,75,75,75],"card_choices":[{"not_picked":["Replay:BluntJabs","EmptyFist"],"picked":"EmptyBody","floor":1},{"not_picked":["Replay:ManipulateFuture","CutThroughFate"],"picked":"Vault","floor":3},{"not_picked":["Replay:Poison Smokescreen","Replay:Hum"],"picked":"Halt","floor":5},{"not_picked":["Dodge and Roll","JustLucky"],"picked":"Poisoned Stab","floor":6},{"not_picked":["Calculated Gamble","Blade Dance"],"picked":"Fluid Movement","floor":7},{"not_picked":["Endless Agony","hubris:Sniper"],"picked":"Bouncing Flask","floor":8},{"not_picked":["FlyingSleeves","SashWhip"],"picked":"MasterReality","floor":11},{"not_picked":["Flechettes","Underhanded Strike"],"picked":"ThirdEye","floor":14},{"not_picked":["Blasphemy","Unload"],"picked":"Storm of Steel","floor":16},{"not_picked":["PathToVictory+1","FollowUp"],"picked":"Prostrate+1","floor":18},{"not_picked":["ReplayTheSpireMod:The Works","ThirdEye"],"picked":"Replay:DivineShield","floor":21},{"not_picked":["Wraith Form v2","Crescendo"],"picked":"Nirvana+1","floor":25},{"not_picked":["Replay:Vibes","Halt"],"picked":"Finisher","floor":27},{"not_picked":["Adaptation","Collect"],"picked":"Blade Dance","floor":30},{"not_picked":["Mayhem","Sadistic Nature"],"picked":"Apotheosis","floor":31},{"not_picked":["ReplayTheSpireMod:Uncanny Aura","Panacea"],"picked":"Trip","floor":31},{"not_picked":["Replay:Bootleg Shield Generator","Purity"],"picked":"Finesse","floor":31},{"not_picked":["Burst","Atom Bomb"],"picked":"Ragnarok","floor":33},{"not_picked":[],"picked":"EmptyBody+1","floor":35}],"player_experience":2258179,"relics_obtained":[{"floor":7,"key":"Boot"},{"floor":9,"key":"Snack Pack"},{"floor":24,"key":"StrikeDummy"},{"floor":25,"key":"hubris:TenFootPole"},{"floor":26,"key":"Replay:Bottled Snecko"}],"event_choices":[{"damage_healed":0,"gold_gain":0,"player_choice":"Madness","damage_taken":0,"relics_obtained":["betterThird:NestCultRelic"],"max_hp_gain":0,"max_hp_loss":0,"event_name":"betterThird:BetterNest","floor":19,"gold_loss":0},{"damage_healed":0,"gold_gain":0,"player_choice":"Simplicity","damage_taken":0,"max_hp_gain":0,"max_hp_loss":8,"event_name":"betterThird:BetterWriting","floor":20,"gold_loss":0},{"damage_healed":0,"gold_gain":0,"player_choice":"Obtained Book","damage_taken":16,"max_hp_gain":0,"max_hp_loss":0,"event_name":"Cursed Tome","floor":29,"gold_loss":0}],"is_beta":false,"boss_relics":[{"not_picked":["VioletLotus","conspire:SpecialSausage"],"picked":"hubris:GrandSneckoEye"},{"not_picked":["Replay:Ancient Bell","hubris:CrackedHourglass"],"picked":"Busted Crown"}],"items_purged_floors":[2],"is_endless":false,"potions_floor_spawned":[3,7,14,16,18,21,33],"killed_by":"Reptomancer","ascension_level":0}}