{"host":"htrf3ac8hcpiz3aq","time":1607660043,"event":{"mods":["Act Like it!","BaseMod","Colored Map","Colored Powertips","Highlight Path","Marisa£®ÏF”Í°°ƒß¿Ì…≥£©","Minty Spire (QoL Compilation)","Reimu£®≤©¿ˆ¡È√Œ£©","Replay The Spire","StSLib"],"gold_per_floor":[111,111,124,124,124,124,154,154,154,170,170,189,209,209,209,310,310,325,338,338,338,372,372,383,383,383,383,401,401,414,447,447,546,546,561,561,611,143,143,143,143,170,170,188,202,217,217,243,243,243],"floor_reached":51,"playtime":1519,"items_purged":["Wraith"],"score":858,"play_id":"62226c48-d6ef-4222-989a-1c3b6a105b22","local_time":"20201211121403","is_ascension_mode":true,"campfire_choices":[{"data":"Neutralize","floor":6.0,"key":"SMITH"},{"floor":8.0,"key":"REST"},{"floor":11.0,"key":"REST"},{"floor":15.0,"key":"REST"},{"floor":23.0,"key":"REST"},{"floor":25.0,"key":"REST"},{"data":"Unload","floor":27.0,"key":"SMITH"},{"data":"Bullet Time","floor":29.0,"key":"SMITH"},{"floor":32.0,"key":"REST"},{"data":"Burst","floor":41,"key":"SMITH"},{"floor":47,"key":"REST"},{"floor":49,"key":"REST"}],"circlet_count":0,"master_deck":["Strike_G","Strike_G","Strike_G","Defend_G","Defend_G","Survivor","Neutralize+1","Unload+1","Eviscerate+1","Tactician","Terror","Slice","Cloak And Dagger","Underhanded Strike","Burst+1","Cloak And Dagger","Cloak And Dagger+1","Bullet Time+1","Quick Slash","Sucker Punch+1","Grand Finale","All Out Attack","Flying Knee","Dagger Spray+1","Slice"],"relics":["Ring of the Snake","Thread and Needle","Boot","Busted Crown","ReplayTheSpireMod:Ring of Challenge","Ring of Misfortune","Red Mask","Lantern","Byrd Skull","Replay:Drink Me","Peace Pipe","Ornamental Fan","Blood Vial","Incense Burner","Chameleon Ring","Dream Catcher"],"acts_visited":["TheBeyond"],"potions_floor_usage":[50,50,50],"damage_taken":[{"damage":8.0,"enemies":"Small Slimes","floor":1.0,"turns":3.0},{"damage":8.0,"enemies":"Jaw Worm","floor":3.0,"turns":4.0},{"damage":52.0,"enemies":"Lagavulin","floor":7.0,"turns":7.0},{"damage":0.0,"enemies":"Cultist","floor":10.0,"turns":2.0},{"damage":0.0,"enemies":"Exordium Thugs","floor":12.0,"turns":3.0},{"damage":0.0,"enemies":"Blue Slaver","floor":13.0,"turns":3.0},{"damage":35.0,"enemies":"Slime Boss","floor":16.0,"turns":11.0},{"damage":15.0,"enemies":"Shell Parasite","floor":18.0,"turns":4.0},{"damage":0.0,"enemies":"Chosen","floor":19.0,"turns":3.0},{"damage":8.0,"enemies":"Masked Bandits","floor":22.0,"turns":5.0},{"damage":24.0,"enemies":"3 Cultists","floor":24.0,"turns":6.0},{"damage":0.0,"enemies":"Shelled Parasite and Fungi","floor":28.0,"turns":5.0},{"damage":21.0,"enemies":"Sentry and Sphere","floor":30.0,"turns":6.0},{"damage":14.0,"enemies":"Gremlin Leader","floor":31.0,"turns":7.0},{"damage":65,"enemies":"Champ","floor":33,"turns":12},{"damage":0,"enemies":"Orb Walker","floor":35,"turns":2},{"damage":0,"enemies":"Mind Bloom Boss Battle","floor":37,"turns":3},{"damage":8,"enemies":"Nemesis","floor":42,"turns":7},{"damage":2,"enemies":"3 Shapes","floor":44,"turns":3},{"damage":0,"enemies":"Maw","floor":45,"turns":7},{"damage":16,"enemies":"4 Shapes","floor":46,"turns":5},{"damage":12,"enemies":"Reptomancer","floor":48,"turns":6},{"damage":2,"enemies":"Donu and Deca","floor":50,"turns":7}],"seed_played":"-7718398571631043879","potions_obtained":[{"floor":3.0,"key":"Venom Potion"},{"floor":13.0,"key":"Regen Potion"},{"floor":16.0,"key":"BlessingOfTheForge"},{"floor":19.0,"key":"PowerPotion"},{"floor":33,"key":"SteroidPotion"},{"floor":37,"key":"Toxic Potion"},{"floor":40,"key":"CunningPotion"},{"floor":45,"key":"CunningPotion"},{"floor":48,"key":"Strength Potion"}],"is_trial":false,"path_per_floor":["M","?","M","?","$","R","E","R","T","M","R","M","M","$","R","B",null,"M","M","?","?","?","R","M","R","T","R","M","R","M","E","R","B",null,"M","?","?","$","?","?","R","E","T","M","M","M","R","E","R","B",null],"character_chosen":"THE_SILENT","items_purchased":["Ornamental Fan","Blood Vial"],"campfire_rested":8,"item_purchase_floors":[38,38],"current_hp_per_floor":[62,62,54,54,54,54,2,23,23,23,44,44,44,44,65,30,70,55,55,55,55,47,68,44,65,65,65,65,65,44,45,66,1,53,53,53,53,53,53,53,53,45,45,45,47,33,48,38,53,51],"gold":243,"neow_bonus":"ONE_RANDOM_RARE_CARD","is_daily":false,"chose_seed":false,"campfire_upgraded":4,"win_rate":0.0,"timestamp":1607660043,"path_taken":["M","?","M","?","$","R","E","R","T","?","R","M","M","?","R","BOSS","M","M","?","?","?","R","M","R","T","R","M","R","M","E","R","BOSS","M","?","?","$","?","?","R","E","T","?","?","M","R","E","R","BOSS"],"items_purchased_type":["Relic","Relic"],"build_version":"2020-11-30","purchased_purges":1,"victory":true,"max_hp_per_floor":[70,70,70,70,70,70,70,70,70,70,70,70,70,70,70,70,70,70,70,70,70,70,70,70,70,70,70,70,70,70,70,70,70,53,53,53,53,53,53,53,53,53,53,53,53,53,53,53,53,53],"card_choices":[{"not_picked":["PiercingWail","Poisoned Stab"],"picked":"Flying Knee","floor":1.0},{"not_picked":["Dagger Spray","Noxious Fumes"],"picked":"Tactician","floor":3.0},{"not_picked":["Fluid Movement","ReplayTheSpireMod:Exploit Weakness"],"picked":"Terror","floor":7.0},{"not_picked":["Choke","ReplayTheSpireMod:Tripwire"],"picked":"Slice","floor":10.0},{"not_picked":["Slice","Dagger Spray"],"picked":"Cloak And Dagger","floor":12.0},{"not_picked":["Sucker Punch","Hidden Blade"],"picked":"Underhanded Strike","floor":13.0},{"not_picked":["Glass Knife","Night Terror"],"picked":"Burst","floor":16.0},{"not_picked":[],"picked":"Cloak And Dagger","floor":18.0},{"not_picked":[],"picked":"Cloak And Dagger+1","floor":19.0},{"not_picked":["Poisoned Stab+1"],"picked":"SKIP","floor":24.0},{"not_picked":[],"picked":"Bullet Time","floor":28.0},{"not_picked":[],"picked":"Quick Slash","floor":30.0},{"not_picked":[],"picked":"Sucker Punch+1","floor":31.0},{"not_picked":[],"picked":"Grand Finale","floor":33},{"not_picked":["Sucker Punch"],"picked":"SKIP","floor":35},{"not_picked":[],"picked":"All Out Attack","floor":37},{"not_picked":["Crippling Poison"],"picked":"SKIP","floor":42},{"not_picked":[],"picked":"Flying Knee","floor":44},{"not_picked":[],"picked":"Dagger Spray+1","floor":45},{"not_picked":["Dagger Spray"],"picked":"SKIP","floor":46},{"not_picked":["ReplayTheSpireMod:From All Sides"],"picked":"SKIP","floor":48},{"not_picked":[],"picked":"Slice","floor":49}],"player_experience":455994,"relics_obtained":[{"floor":7.0,"key":"Thread and Needle"},{"floor":9.0,"key":"Boot"},{"floor":21.0,"key":"ReplayTheSpireMod:Ring of Challenge"},{"floor":21.0,"key":"Ring of Misfortune"},{"floor":22.0,"key":"Red Mask"},{"floor":26.0,"key":"Lantern"},{"floor":31.0,"key":"Byrd Skull"},{"floor":37,"key":"Peace Pipe"},{"floor":42,"key":"Incense Burner"},{"floor":43,"key":"Chameleon Ring"},{"floor":48,"key":"Dream Catcher"}],"event_choices":[{"cards_removed":["Defend_G"],"damage_healed":0.0,"max_hp_gain":0.0,"max_hp_loss":0.0,"gold_gain":0.0,"event_name":"Purifier","player_choice":"Purged","floor":4.0,"gold_loss":0.0,"damage_taken":0.0},{"damage_healed":0.0,"max_hp_gain":0.0,"max_hp_loss":0.0,"gold_gain":0.0,"event_name":"Vampires","player_choice":"Ignored","floor":20.0,"gold_loss":0.0,"damage_taken":0.0},{"damage_healed":0.0,"max_hp_gain":0.0,"max_hp_loss":0.0,"gold_gain":0.0,"event_name":"Masked Bandits","player_choice":"Fought Bandits","floor":22.0,"gold_loss":0.0,"damage_taken":0.0},{"damage_healed":0,"gold_gain":0,"player_choice":"Ignored","damage_taken":0,"max_hp_gain":0,"max_hp_loss":0,"event_name":"OrinTheCat","floor":36,"gold_loss":0},{"damage_healed":0,"gold_gain":0,"player_choice":"Fight","damage_taken":0,"max_hp_gain":0,"max_hp_loss":0,"event_name":"MindBloom","floor":37,"gold_loss":0},{"cards_removed":["Defend_G"],"damage_healed":0,"gold_gain":0,"player_choice":"Removed Skill","damage_taken":0,"max_hp_gain":0,"max_hp_loss":0,"event_name":"Falling","floor":39,"gold_loss":0},{"damage_healed":0,"gold_gain":0,"player_choice":"Got Potions","damage_taken":0,"max_hp_gain":0,"max_hp_loss":0,"event_name":"Lab","floor":40,"gold_loss":0}],"is_beta":false,"boss_relics":[{"not_picked":["Ring of Chaos","Philosopher\u0027s Stone"],"picked":"Busted Crown"},{"not_picked":["Runic Dome","Velvet Choker"],"picked":"Replay:Drink Me"}],"items_purged_floors":[38],"is_endless":false,"potions_floor_spawned":[3,13,16,19,33,37,45,48],"ascension_level":4}}