{"host":"5gc11emcm5chfr5t","time":1607665082,"event":{"mods":["2.2 Compatiblity","AchievementEnabler","BaseMod","Bestiary","Better Note","Colored Map","Colored Powertips","Googly Eyes","Minty Spire (QoL Compilation)","Rare Cards Sparkle","StSLib"],"gold_per_floor":[114,130,305,580,595,595,605,623,694,694,707,765,765,765],"floor_reached":13,"playtime":320,"items_purged":[],"score":89,"play_id":"8f00eefe-722e-4c23-9e7e-64c920b5ce98","local_time":"20201211003802","is_ascension_mode":true,"campfire_choices":[{"data":"Bash","floor":6,"key":"SMITH"},{"data":"Armaments","floor":10,"key":"SMITH"}],"circlet_count":0,"master_deck":["Strike_R","Strike_R","Strike_R","Strike_R","Strike_R","Defend_R","Defend_R","Defend_R","Defend_R","Bash+1","Clash","Intimidate","Doubt","Regret","Hemokinesis","Reaper","Armaments+1","Shrug It Off","Heavy Blade"],"relics":["Burning Blood","NeowsBlessing","Matryoshka","Ice Cream"],"acts_visited":["Exordium"],"potions_floor_usage":[7,12,13,13],"damage_taken":[{"damage":0,"enemies":"Jaw Worm","floor":1,"turns":1},{"damage":0,"enemies":"Cultist","floor":2,"turns":1},{"damage":0,"enemies":"2 Louse","floor":5,"turns":1},{"damage":14,"enemies":"Looter","floor":7,"turns":3},{"damage":16,"enemies":"Lots of Slimes","floor":8,"turns":4},{"damage":27,"enemies":"Exordium Thugs","floor":11,"turns":5},{"damage":46,"enemies":"Gremlin Nob","floor":12,"turns":5},{"damage":29,"enemies":"Gremlin Nob","floor":13,"turns":4}],"seed_played":"-5440541315881722407","potions_obtained":[{"floor":5,"key":"Strength Potion"},{"floor":7,"key":"Strength Potion"},{"floor":8,"key":"Strength Potion"},{"floor":11,"key":"SpeedPotion"}],"is_trial":false,"path_per_floor":["M","M","?","?","M","R","M","M","T","R","M","?","E"],"character_chosen":"IRONCLAD","items_purchased":[],"campfire_rested":0,"item_purchase_floors":[],"current_hp_per_floor":[80,80,80,80,80,80,72,71,71,71,54,14,0,0],"gold":765,"neow_bonus":"THREE_ENEMY_KILL","is_daily":false,"chose_seed":false,"campfire_upgraded":2,"win_rate":0.0,"timestamp":1607665082,"path_taken":["M","M","?","?","M","R","M","?","T","R","M","?","E"],"items_purchased_type":[],"build_version":"2020-11-30","purchased_purges":0,"victory":false,"max_hp_per_floor":[80,80,80,80,80,80,80,80,80,80,80,80,80,80],"card_choices":[{"not_picked":["Clothesline","Anger"],"picked":"Clash","floor":1},{"not_picked":["Dual Wield","Entrench"],"picked":"Intimidate","floor":2},{"not_picked":["Wild Strike","Armaments"],"picked":"Hemokinesis","floor":5},{"not_picked":["Cleave","Shrug It Off"],"picked":"Reaper","floor":7},{"not_picked":["Wild Strike","Perfected Strike"],"picked":"Armaments","floor":8},{"not_picked":["Heavy Blade","Twin Strike"],"picked":"Shrug It Off","floor":11},{"not_picked":["Perfected Strike","Reaper"],"picked":"Heavy Blade","floor":12}],"player_experience":311712,"relics_obtained":[{"floor":9,"key":"Matryoshka"},{"floor":12,"key":"Ice Cream"}],"event_choices":[{"damage_healed":0,"gold_gain":175,"player_choice":"AGREE","damage_taken":0,"max_hp_gain":0,"max_hp_loss":0,"event_name":"Liars Game","floor":3,"gold_loss":0,"cards_obtained":["Doubt"]},{"damage_healed":0,"gold_gain":275,"player_choice":"Desecrate","damage_taken":0,"max_hp_gain":0,"max_hp_loss":0,"event_name":"Golden Shrine","floor":4,"gold_loss":0,"cards_obtained":["Regret"]},{"damage_healed":0,"gold_gain":0,"player_choice":"Searched \u00272\u0027 times","damage_taken":0,"max_hp_gain":0,"max_hp_loss":0,"event_name":"Dead Adventurer","floor":12,"gold_loss":0}],"is_beta":false,"boss_relics":[],"items_purged_floors":[],"is_endless":false,"potions_floor_spawned":[5,7,8,11],"killed_by":"Gremlin Nob","ascension_level":3}}