{"host":"rantoq7h0pygex6x","time":1607709920,"event":{"mods":["AchievementEnabler","BaseMod","BetterRewards","Minty Spire (QoL Compilation)"],"gold_per_floor":[119,131,151,151,168,168,168,168,168,168,185,4,15,35,35,113,113,124,124,94,94,108,108,108],"floor_reached":23,"playtime":617,"items_purged":[],"score":395,"play_id":"d569e6d6-0556-4f99-8db4-135d7ae8152f","local_time":"20201212020520","is_ascension_mode":true,"campfire_choices":[{"data":"Blade Dance","floor":6.0,"key":"SMITH"},{"data":"Dagger Throw","floor":8.0,"key":"SMITH"},{"data":"Neutralize","floor":10.0,"key":"SMITH"},{"floor":15.0,"key":"REST"}],"circlet_count":0,"master_deck":["AscendersBane","Defend_G","Defend_G","Defend_G","Defend_G","Defend_G","Survivor","Neutralize+1","Blade Dance+1","Dagger Throw+1","Prepared+1","Blur+1","Dagger Spray+1","Poisoned Stab","Noxious Fumes","Bandage Up","Accuracy","Cloak And Dagger","Escape Plan","Bite","Bite","Bite","Bite","Bite","Dagger Spray+1"],"relics":["Ring of the Snake","Blue Candle","Coffee Dripper"],"acts_visited":["Exordium","TheCity"],"potions_floor_usage":[23],"damage_taken":[{"damage":0.0,"enemies":"Cultist","floor":1.0,"turns":4.0},{"damage":1.0,"enemies":"Small Slimes","floor":2.0,"turns":3.0},{"damage":4.0,"enemies":"2 Louse","floor":3.0,"turns":3.0},{"damage":2.0,"enemies":"Red Slaver","floor":5.0,"turns":5.0},{"damage":1.0,"enemies":"Blue Slaver","floor":11.0,"turns":3.0},{"damage":12.0,"enemies":"Gremlin Gang","floor":13.0,"turns":5.0},{"damage":4.0,"enemies":"3 Louse","floor":14.0,"turns":3.0},{"damage":7.0,"enemies":"The Guardian","floor":16.0,"turns":10.0},{"damage":19.0,"enemies":"Spheric Guardian","floor":18.0,"turns":4.0},{"damage":12.0,"enemies":"2 Thieves","floor":20.0,"turns":4.0},{"damage":25,"enemies":"Chosen and Byrds","floor":22,"turns":7},{"damage":35,"enemies":"Book of Stabbing","floor":23,"turns":5}],"seed_played":"-7405416136097029925","potions_obtained":[{"floor":1.0,"key":"Block Potion"},{"floor":13.0,"key":"Dexterity Potion"},{"floor":14.0,"key":"Energy Potion"}],"is_trial":false,"path_per_floor":["M","M","M","?","M","R","?","R","T","R","M","$","M","M","R","B",null,"M","?","M","?","M","E"],"character_chosen":"THE_SILENT","items_purchased":["Blade Dance","Dagger Throw","Noxious Fumes","Bandage Up"],"campfire_rested":1,"item_purchase_floors":[0,0,12,12],"current_hp_per_floor":[59,58,54,34,32,32,32,32,32,32,31,31,23,23,42,39,59,44,38,30,30,21,0,0],"gold":108,"neow_bonus":"","is_daily":false,"chose_seed":false,"campfire_upgraded":3,"win_rate":0.0,"timestamp":1607709920,"path_taken":["M","?","?","?","M","R","?","R","T","R","M","$","M","?","R","BOSS","M","?","?","?","M","E"],"items_purchased_type":["Card","Card","Card","Card"],"build_version":"2020-11-30","purchased_purges":0,"victory":false,"max_hp_per_floor":[66,66,66,66,66,66,66,66,66,66,66,66,66,66,66,66,66,66,66,66,46,46,46,46],"card_choices":[{"not_picked":["Flying Knee","Riddle With Holes"],"picked":"Prepared","floor":1.0},{"not_picked":["Predator","Riddle With Holes"],"picked":"Blur","floor":2.0},{"not_picked":["Backstab","PiercingWail"],"picked":"Dagger Spray","floor":3.0},{"not_picked":["Calculated Gamble","Expertise","Riddle With Holes"],"picked":"SKIP","floor":5.0},{"not_picked":["Terror","Cloak And Dagger"],"picked":"Poisoned Stab","floor":11.0},{"not_picked":["Concentrate","PiercingWail","Prepared"],"picked":"SKIP","floor":13.0},{"not_picked":["Outmaneuver","Quick Slash"],"picked":"Accuracy","floor":14.0},{"not_picked":["Setup","Riddle With Holes"],"picked":"Cloak And Dagger","floor":18.0},{"not_picked":["Quick Slash","Acrobatics"],"picked":"Escape Plan","floor":20.0},{"not_picked":["Prepared","Outmaneuver"],"picked":"Dagger Spray+1","floor":22}],"player_experience":966599,"relics_obtained":[{"floor":9.0,"key":"Blue Candle"}],"event_choices":[{"damage_healed":0.0,"max_hp_gain":0.0,"max_hp_loss":0.0,"gold_gain":0.0,"event_name":"Shining Light","player_choice":"Entered Light","floor":4.0,"gold_loss":0.0,"damage_taken":20.0,"cards_upgraded":["Prepared","Blur"]},{"damage_healed":0.0,"max_hp_gain":0.0,"max_hp_loss":0.0,"gold_gain":0.0,"event_name":"Upgrade Shrine","player_choice":"Upgraded","floor":7.0,"gold_loss":0.0,"damage_taken":0.0,"cards_upgraded":["Dagger Spray"]},{"damage_healed":0.0,"max_hp_gain":0.0,"max_hp_loss":0.0,"gold_gain":0.0,"event_name":"Knowing Skull","player_choice":"","floor":19.0,"potions_obtained":[],"gold_loss":0.0,"damage_taken":6.0,"cards_obtained":[]},{"damage_healed":0.0,"max_hp_gain":0.0,"max_hp_loss":20.0,"gold_gain":0.0,"event_name":"Vampires","player_choice":"Became a vampire","floor":21.0,"gold_loss":0.0,"damage_taken":0.0,"cards_obtained":["Bite","Bite","Bite","Bite","Bite"]}],"is_beta":false,"boss_relics":[{"not_picked":["Ectoplasm","Pandora\u0027s Box"],"picked":"Coffee Dripper"}],"items_purged_floors":[],"is_endless":false,"potions_floor_spawned":[1,13,14,18,22],"killed_by":"Book of Stabbing","ascension_level":20}}