{"host":"msfr2axb1w9025n0","time":1607675953,"event":{"mods":["BaseMod","Colored Map","DeckTracker","Minty Spire (QoL Compilation)"],"gold_per_floor":[368,88,104,54,67,67,98,98,171,188,214,214,246,256,256,351,351,368,379,28,28,28],"floor_reached":21,"playtime":692,"items_purged":["Strike_R"],"score":318,"play_id":"c3763a78-6f70-4577-b3f8-14f010edb581","local_time":"20201211153913","is_ascension_mode":true,"campfire_choices":[{"data":"Apotheosis","floor":6.0,"key":"SMITH"},{"data":"True Grit","floor":8.0,"key":"SMITH"},{"data":"Blood for Blood","floor":15.0,"key":"SMITH"}],"circlet_count":0,"master_deck":["AscendersBane","Strike_R","Strike_R","Strike_R","Defend_R","Defend_R","Defend_R","Defend_R","Bash","True Grit+1","Apotheosis+1","Combust","Blood for Blood+1","Spot Weakness+1","Hemokinesis","Limit Break","Cleave","Offering","Limit Break"],"relics":["Black Blood","Boot","Pear","Singing Bowl","Smiling Mask","DollysMirror","Tiny Chest"],"acts_visited":["Exordium","TheCity"],"potions_floor_usage":[21],"damage_taken":[{"damage":8.0,"enemies":"Jaw Worm","floor":1.0,"turns":5.0},{"damage":5.0,"enemies":"Small Slimes","floor":3.0,"turns":2.0},{"damage":5.0,"enemies":"Cultist","floor":5.0,"turns":4.0},{"damage":27.0,"enemies":"3 Sentries","floor":7.0,"turns":6.0},{"damage":11.0,"enemies":"Blue Slaver","floor":10.0,"turns":3.0},{"damage":29.0,"enemies":"Lagavulin","floor":11.0,"turns":6.0},{"damage":10.0,"enemies":"Gremlin Nob","floor":13.0,"turns":3.0},{"damage":4.0,"enemies":"Exordium Wildlife","floor":14.0,"turns":4.0},{"damage":19,"enemies":"Hexaghost","floor":16,"turns":9},{"damage":36,"enemies":"Spheric Guardian","floor":18,"turns":7},{"damage":36,"enemies":"3 Byrds","floor":19,"turns":5},{"damage":28,"enemies":"Snake Plant","floor":21,"turns":2}],"seed_played":"-8550756546314650948","potions_obtained":[{"floor":3.0,"key":"AttackPotion"},{"floor":5.0,"key":"Weak Potion"},{"floor":14.0,"key":"BlessingOfTheForge"}],"is_trial":false,"path_per_floor":["M","$","M","?","M","R","E","R","T","M","E","?","E","M","R","B",null,"M","M","$","M"],"character_chosen":"IRONCLAD","items_purchased":["Apotheosis","Combust","Blood for Blood","DollysMirror","Tiny Chest"],"campfire_rested":0,"item_purchase_floors":[2,2,2,20,20],"current_hp_per_floor":[70,70,71,71,72,72,51,51,61,56,35,35,33,37,37,24,72,48,24,24,0,0],"gold":28,"neow_bonus":"TWO_FIFTY_GOLD","is_daily":false,"chose_seed":false,"campfire_upgraded":3,"win_rate":0.0,"timestamp":1607675953,"path_taken":["M","$","M","?","M","R","E","R","T","M","E","?","E","M","R","BOSS","M","M","$","M"],"items_purchased_type":["Card","Card","Card","Relic","Relic"],"build_version":"2020-11-30","purchased_purges":1,"victory":false,"max_hp_per_floor":[72,72,72,72,72,72,72,72,82,82,84,84,86,88,88,88,88,88,88,88,88,88],"card_choices":[{"not_picked":["Heavy Blade","Infernal Blade"],"picked":"True Grit","floor":1.0},{"not_picked":["Dropkick","Armaments","Dual Wield"],"picked":"SKIP","floor":3.0},{"not_picked":["Flex","Clash"],"picked":"Spot Weakness","floor":5.0},{"not_picked":["Heavy Blade","Berserk"],"picked":"Hemokinesis","floor":7.0},{"not_picked":["True Grit","Perfected Strike","Shockwave"],"picked":"SKIP","floor":10.0},{"not_picked":["Combust","Flex","Bludgeon"],"picked":"Singing Bowl","floor":11.0},{"not_picked":["Clothesline","Armaments","Perfected Strike"],"picked":"Singing Bowl","floor":13.0},{"not_picked":["Rage","True Grit","Warcry"],"picked":"Singing Bowl","floor":14.0},{"not_picked":["Feed","Bludgeon"],"picked":"Limit Break","floor":16},{"not_picked":["Flex","Anger"],"picked":"Cleave","floor":18},{"not_picked":["Dark Embrace","Carnage"],"picked":"Offering","floor":19}],"player_experience":238930,"relics_obtained":[{"floor":7.0,"key":"Boot"},{"floor":9.0,"key":"Pear"},{"floor":11.0,"key":"Singing Bowl"},{"floor":13.0,"key":"Smiling Mask"}],"event_choices":[{"cards_removed":["Strike_R"],"damage_healed":0.0,"max_hp_gain":0.0,"max_hp_loss":0.0,"gold_gain":0.0,"event_name":"The Cleric","player_choice":"Card Removal","floor":4.0,"gold_loss":50.0,"damage_taken":0.0},{"damage_healed":0.0,"max_hp_gain":0.0,"max_hp_loss":0.0,"gold_gain":0.0,"event_name":"Living Wall","player_choice":"Grow","floor":12.0,"gold_loss":0.0,"damage_taken":0.0,"cards_upgraded":["Spot Weakness"]}],"is_beta":false,"boss_relics":[{"not_picked":["Snecko Eye","SacredBark"],"picked":"Black Blood"}],"items_purged_floors":[20],"is_endless":false,"potions_floor_spawned":[3,5,7,11,14,19],"killed_by":"Snake Plant","ascension_level":12}}