{"host":"2lo6hma6kymb0g9i","time":1607697721,"event":{"mods":["BaseMod","Colored Map","DeckTracker","Minty Spire (QoL Compilation)"],"gold_per_floor":[118,118,134,134,152,180,196,207,207,223,256,270,182,209,209,304,304,324,341,359,374,294,326,356,278,290,322,366,303,341,363,375,387,387],"floor_reached":33,"playtime":2477,"items_purged":["Strike_G","Strike_G"],"score":501,"play_id":"b34ccb1f-d21b-4a74-bf0d-891f1b66376c","local_time":"20201211234201","is_ascension_mode":true,"campfire_choices":[{"floor":15,"key":"REST"},{"data":"Choke","floor":32,"key":"SMITH"}],"circlet_count":0,"master_deck":["Defend_G","Defend_G+1","Defend_G","Defend_G","Defend_G","Survivor","Neutralize","Dagger Throw","Underhanded Strike","Footwork","Backstab","Acrobatics","Corpse Explosion","Acrobatics","Backstab","Terror","Well Laid Plans","Night Terror","Choke+1","Crippling Poison","Backflip+1"],"relics":["Ring of the Snake","NeowsBlessing","Regal Pillow","The Courier","Meat on the Bone","Sundial","Snecko Eye","MawBank","Frozen Egg 2","Paper Crane","CeramicFish"],"acts_visited":["Exordium","TheCity"],"potions_floor_usage":[6,16,20,21,23,23,30],"damage_taken":[{"damage":0,"enemies":"Cultist","floor":1,"turns":1},{"damage":0,"enemies":"2 Louse","floor":3,"turns":1},{"damage":0,"enemies":"Small Slimes","floor":5,"turns":1},{"damage":21,"enemies":"3 Sentries","floor":6,"turns":11},{"damage":8,"enemies":"Red Slaver","floor":7,"turns":4},{"damage":0,"enemies":"Blue Slaver","floor":8,"turns":3},{"damage":0,"enemies":"Exordium Thugs","floor":10,"turns":2},{"damage":31,"enemies":"Lagavulin","floor":11,"turns":6},{"damage":0,"enemies":"3 Louse","floor":12,"turns":1},{"damage":13,"enemies":"Gremlin Nob","floor":14,"turns":4},{"damage":16,"enemies":"Hexaghost","floor":16,"turns":9},{"damage":12,"enemies":"3 Byrds","floor":18,"turns":2},{"damage":2,"enemies":"Chosen","floor":19,"turns":3},{"damage":0,"enemies":"Centurion and Healer","floor":20,"turns":3},{"damage":9,"enemies":"Chosen and Byrds","floor":21,"turns":4},{"damage":18,"enemies":"Gremlin Leader","floor":23,"turns":5},{"damage":14,"enemies":"Shelled Parasite and Fungi","floor":24,"turns":3},{"damage":1,"enemies":"Centurion and Healer","floor":27,"turns":2},{"damage":18,"enemies":"Slavers","floor":28,"turns":2},{"damage":6,"enemies":"Gremlin Leader","floor":30,"turns":4},{"damage":0,"enemies":"Sentry and Sphere","floor":31,"turns":2},{"damage":54,"enemies":"Automaton","floor":33,"turns":6}],"seed_played":"-2803287117567605967","potions_obtained":[{"floor":1,"key":"Block Potion"},{"floor":7,"key":"BlessingOfTheForge"},{"floor":11,"key":"Explosive Potion"},{"floor":14,"key":"ColorlessPotion"},{"floor":19,"key":"Fire Potion"},{"floor":21,"key":"ColorlessPotion"},{"floor":23,"key":"SmokeBomb"},{"floor":24,"key":"Block Potion"}],"is_trial":false,"path_per_floor":["M","$","M","?","M","E","M","M","T","M","E","M","$","E","R","B",null,"M","M","M","M","$","E","M","?","T","M","E","?","E","M","R","B"],"character_chosen":"THE_SILENT","items_purchased":["Well Laid Plans"],"campfire_rested":1,"item_purchase_floors":[13],"current_hp_per_floor":[63,63,63,63,63,42,34,34,34,34,3,15,15,14,50,46,64,52,50,50,41,41,35,33,33,33,44,38,38,44,44,44,0,0],"gold":387,"neow_bonus":"THREE_ENEMY_KILL","is_daily":false,"chose_seed":false,"campfire_upgraded":1,"win_rate":0.0,"timestamp":1607697721,"path_taken":["M","?","?","?","M","E","?","?","T","M","E","M","$","E","R","BOSS","M","M","M","M","$","E","M","?","T","?","E","?","E","M","R","BOSS"],"items_purchased_type":["Card"],"build_version":"2020-11-30","purchased_purges":2,"victory":false,"max_hp_per_floor":[70,70,70,70,70,70,70,70,70,70,70,70,70,70,70,70,70,70,70,70,70,70,70,70,70,70,70,70,70,70,70,70,70,70],"card_choices":[{"not_picked":["Heel Hook","Deadly Poison"],"picked":"Dagger Throw","floor":1},{"not_picked":["Deflect","Prepared"],"picked":"Underhanded Strike","floor":3},{"not_picked":["Blade Dance","Slice"],"picked":"Footwork","floor":5},{"not_picked":["Sucker Punch","Deadly Poison"],"picked":"Backstab","floor":6},{"not_picked":["Well Laid Plans","Poisoned Stab"],"picked":"Acrobatics","floor":7},{"not_picked":["Dagger Throw","Prepared"],"picked":"Corpse Explosion","floor":8},{"not_picked":["Masterful Stab","Dagger Spray"],"picked":"Acrobatics","floor":10},{"not_picked":["Deflect","Distraction"],"picked":"Backstab","floor":11},{"not_picked":["Flying Knee","Acrobatics"],"picked":"Terror","floor":12},{"not_picked":["Skewer","Dash","Deadly Poison"],"picked":"SKIP","floor":14},{"not_picked":["Grand Finale","Malaise"],"picked":"Night Terror","floor":16},{"not_picked":["Bane+1","Deadly Poison","Acrobatics"],"picked":"SKIP","floor":18},{"not_picked":["Poisoned Stab","Prepared"],"picked":"Choke","floor":19},{"not_picked":["Blade Dance","Sucker Punch","Slice"],"picked":"SKIP","floor":20},{"not_picked":["Infinite Blades","Footwork"],"picked":"Crippling Poison","floor":21},{"not_picked":["Terror+1","Skewer"],"picked":"Backflip+1","floor":23},{"not_picked":["Deadly Poison","Footwork","Heel Hook"],"picked":"SKIP","floor":24},{"not_picked":["Cloak And Dagger+1","Dagger Throw+1","Dagger Spray"],"picked":"SKIP","floor":27},{"not_picked":["Sucker Punch","Deadly Poison","Tools of the Trade+1"],"picked":"SKIP","floor":28},{"not_picked":["Sucker Punch","Deadly Poison","Tools of the Trade+1"],"picked":"SKIP","floor":28},{"not_picked":["Masterful Stab","Dagger Spray","Tools of the Trade+1"],"picked":"SKIP","floor":30},{"not_picked":["Endless Agony","Outmaneuver","Deflect"],"picked":"SKIP","floor":31}],"player_experience":767442,"relics_obtained":[{"floor":6,"key":"Regal Pillow"},{"floor":9,"key":"The Courier"},{"floor":11,"key":"Meat on the Bone"},{"floor":14,"key":"Sundial"},{"floor":23,"key":"MawBank"},{"floor":26,"key":"Frozen Egg 2"},{"floor":28,"key":"Paper Crane"},{"floor":30,"key":"CeramicFish"}],"event_choices":[{"cards_removed":["Strike_G"],"damage_healed":0,"gold_gain":0,"player_choice":"Purged","damage_taken":0,"max_hp_gain":0,"max_hp_loss":0,"event_name":"Purifier","floor":4,"gold_loss":0},{"cards_removed":["Strike_G"],"damage_healed":0,"gold_gain":0,"player_choice":"Upgrade and Remove","damage_taken":0,"max_hp_gain":0,"max_hp_loss":0,"event_name":"Designer","floor":25,"gold_loss":90,"cards_upgraded":["Defend_G"]},{"cards_removed":["Strike_G"],"damage_healed":0,"gold_gain":0,"player_choice":"Gave Gold","damage_taken":0,"max_hp_gain":0,"max_hp_loss":0,"event_name":"Beggar","floor":29,"gold_loss":75}],"is_beta":false,"boss_relics":[{"not_picked":["Runic Dome","Sozu"],"picked":"Snecko Eye"}],"items_purged_floors":[13,22],"is_endless":false,"potions_floor_spawned":[1,7,11,14,19,21,23,24],"killed_by":"Automaton","ascension_level":8}}