{"host":"g4jqqbmo30rq7cal","time":1607698409,"event":{"mods":["BaseMod","Better Match","BetterRewards","Conspire","DeckTracker","Hermit","Minty Spire (QoL Compilation)","Rare Cards Sparkle","Shop Mod","StSLib","The Bug Knight","The Cursed","The Mystic","[IsaacMod]????"],"gold_per_floor":[122,129,129,152,169,169,176,176,176,191,202,221,221,232,232,355,355,398,418,438,438,438,438,466,487,487],"floor_reached":25,"playtime":1163,"items_purged":[],"score":195,"play_id":"31ecf347-0efc-4d41-a399-2296be659217","local_time":"20201211195329","is_ascension_mode":false,"campfire_choices":[{"floor":6,"key":"REST"},{"data":"mysticmod:StyleChange","floor":8,"key":"SMITH"},{"data":"mysticmod:ArcaneDodge","floor":13,"key":"SMITH"},{"data":"mysticmod:RapidCaster","floor":15,"key":"SMITH"},{"data":"mysticmod:BladeMaster","floor":23,"key":"SMITH"}],"circlet_count":0,"master_deck":["mysticmod:Strike_Mystic","mysticmod:Strike_Mystic+1","mysticmod:Strike_Mystic+1","mysticmod:Strike_Mystic","mysticmod:Defend_Mystic","mysticmod:Defend_Mystic","mysticmod:ArcaneDodge+1","mysticmod:ShockingGrasp","mysticmod:Dedication","mysticmod:LightningBolt","mysticmod:HeavyStrike","mysticmod:StyleChange+1","mysticmod:Feint","mysticmod:Grease","mysticmod:BladedDash","mysticmod:Snowball","mysticmod:RapidCaster+1","mysticmod:Disintegrate","mysticmod:Momentum","mysticmod:BladeMaster+1","mysticmod:PureInstinct","mysticmod:TomeOfSpells","Writhe","Necronomicurse"],"relics":["mysticmod:SpellBook","HushsDoor","SalivaCoin","MerchantsRug","GuppysHead","DoctorsRemote","SlaversCollar","GuppysTail","BlankCard","Necronomicon"],"acts_visited":["Exordium","TheCity"],"potions_floor_usage":[16,16,18,20,25],"damage_taken":[{"damage":1,"enemies":"Jaw Worm","floor":1,"turns":3},{"damage":10,"enemies":"Small Slimes","floor":4,"turns":3},{"damage":0,"enemies":"Cultist","floor":5,"turns":2},{"damage":0,"enemies":"2 Fungi Beasts","floor":10,"turns":2},{"damage":0,"enemies":"3 Louse","floor":11,"turns":2},{"damage":0,"enemies":"Exordium Wildlife","floor":12,"turns":2},{"damage":0,"enemies":"Gremlin Gang","floor":14,"turns":3},{"damage":7,"enemies":"The Guardian","floor":16,"turns":13},{"damage":8,"enemies":"3 Byrds","floor":18,"turns":4},{"damage":5,"enemies":"Chosen","floor":19,"turns":3},{"damage":1,"enemies":"Snake Plant","floor":20,"turns":4},{"damage":37,"enemies":"Shelled Parasite and Fungi","floor":25,"turns":2}],"seed_played":"-5165146536560319849","potions_obtained":[{"floor":4,"key":"EssenceOfSteel"},{"floor":14,"key":"EssenceOfSteel"},{"floor":16,"key":"LiquidBronze"},{"floor":18,"key":"DuplicationPotion"},{"floor":19,"key":"Explosive Potion"}],"is_trial":false,"path_per_floor":["M","?","?","M","M","R","?","R","T","M","M","M","R","M","R","B",null,"M","M","M","?","?","R","?","M"],"character_chosen":"MYSTIC_CLASS","items_purchased":["MerchantsRug","mysticmod:Dedication","mysticmod:Momentum","GuppysTail"],"campfire_rested":1,"item_purchase_floors":[0,0,17,17],"current_hp_per_floor":[60,45,45,35,35,58,51,51,51,51,51,51,51,51,51,44,63,55,50,49,49,49,49,33,0,0],"gold":487,"neow_bonus":"","is_daily":false,"chose_seed":false,"campfire_upgraded":4,"win_rate":0.0,"timestamp":1607698409,"path_taken":["M","?","?","M","M","R","?","R","T","M","M","?","R","M","R","BOSS","M","M","?","?","?","R","?","M"],"items_purchased_type":["Relic","Card","Card","Relic"],"build_version":"2020-11-30","purchased_purges":0,"victory":false,"max_hp_per_floor":[77,77,77,77,77,77,77,77,77,77,77,77,77,77,77,77,63,63,63,63,63,63,63,63,63,63],"card_choices":[{"not_picked":["mysticmod:TomeOfSpells","mysticmod:LightningBolt"],"picked":"mysticmod:HeavyStrike","floor":1},{"not_picked":["mysticmod:Haste","mysticmod:ComponentsPouch"],"picked":"mysticmod:StyleChange","floor":4},{"not_picked":["mysticmod:StyleChange","mysticmod:PowerAttack"],"picked":"mysticmod:Feint","floor":5},{"not_picked":["mysticmod:Sideswipe","mysticmod:Shield"],"picked":"mysticmod:Grease","floor":10},{"not_picked":["mysticmod:ComponentsPouch","mysticmod:Riposte"],"picked":"mysticmod:BladedDash","floor":11},{"not_picked":["mysticmod:Probe","mysticmod:TomeOfSpells"],"picked":"mysticmod:Snowball","floor":12},{"not_picked":["mysticmod:Fly","mysticmod:Disengage"],"picked":"mysticmod:RapidCaster","floor":14},{"not_picked":["mysticmod:SpontaneousCaster","mysticmod:KnowledgePool"],"picked":"mysticmod:Disintegrate","floor":16},{"not_picked":["mysticmod:ComponentsPouch","mysticmod:Alacrity"],"picked":"mysticmod:BladeMaster","floor":18},{"not_picked":["mysticmod:CorrosiveTouch","mysticmod:Sideswipe"],"picked":"mysticmod:PureInstinct","floor":19},{"not_picked":["mysticmod:IllusionOfCalm","mysticmod:DiviningBlow"],"picked":"mysticmod:TomeOfSpells","floor":20}],"player_experience":300179,"relics_obtained":[{"floor":9,"key":"DoctorsRemote"},{"floor":24,"key":"Necronomicon"}],"event_choices":[{"damage_healed":0,"gold_gain":0,"player_choice":"Entered Light","damage_taken":15,"max_hp_gain":0,"max_hp_loss":0,"event_name":"Shining Light","floor":2,"gold_loss":0,"cards_upgraded":["mysticmod:Strike_Mystic","mysticmod:Strike_Mystic"]},{"cards_removed":["mysticmod:SpontaneousCaster"],"damage_healed":0,"gold_gain":0,"player_choice":"Card Removal","damage_taken":7,"max_hp_gain":0,"max_hp_loss":0,"event_name":"Golden Wing","floor":7,"gold_loss":0},{"damage_healed":0,"gold_gain":0,"player_choice":"Opened","damage_taken":0,"relics_obtained":["BlankCard"],"max_hp_gain":0,"max_hp_loss":0,"event_name":"The Mausoleum","floor":21,"gold_loss":0,"cards_obtained":["Writhe"]},{"damage_healed":0,"gold_gain":0,"player_choice":"Ignored","damage_taken":0,"max_hp_gain":0,"max_hp_loss":0,"event_name":"Vampires","floor":22,"gold_loss":0},{"damage_healed":0,"gold_gain":0,"player_choice":"Obtained Book","damage_taken":16,"max_hp_gain":0,"max_hp_loss":0,"event_name":"Cursed Tome","floor":24,"gold_loss":0}],"is_beta":false,"boss_relics":[{"not_picked":["ChampionBelt","Runic Dome"],"picked":"SlaversCollar"},{"not_picked":[]}],"items_purged_floors":[],"is_endless":false,"potions_floor_spawned":[4,14,16,18,19],"killed_by":"Shelled Parasite and Fungi","ascension_level":0}}