{"host":"28p8ce41sjwa6lzf","time":1607722106,"event":{"mods":["BaseMod","Colored Map","Colored Powertips","Highlight Path","Minty Spire (QoL Compilation)","Permanent Neow","Quick Restart","Random Character Button","Rare Cards Sparkle","Relic Stats","StSLib","Unceasing Turn Reminder"],"gold_per_floor":[110,130,145,159,159,159,159],"floor_reached":6,"playtime":225,"items_purged":[],"score":76,"play_id":"81492a59-9835-4d42-a579-382df65ffc3e","local_time":"20201211152826","is_ascension_mode":true,"campfire_choices":[],"circlet_count":0,"master_deck":["AscendersBane","Strike_R","Strike_R","Strike_R","Strike_R","Strike_R","Defend_R+1","Defend_R","Defend_R","Defend_R+1","Bash","Fiend Fire","Shrug It Off","Sword Boomerang"],"relics":["Burning Blood"],"acts_visited":["Exordium"],"potions_floor_usage":[6],"damage_taken":[{"damage":4.0,"enemies":"Jaw Worm","floor":1.0,"turns":5.0},{"damage":2.0,"enemies":"Cultist","floor":2.0,"turns":4.0},{"damage":7.0,"enemies":"Small Slimes","floor":3.0,"turns":4.0},{"damage":8.0,"enemies":"Blue Slaver","floor":4.0,"turns":5.0},{"damage":52,"enemies":"Lagavulin","floor":6,"turns":6}],"seed_played":"1763267354673581599","potions_obtained":[{"floor":4.0,"key":"SpeedPotion"}],"is_trial":false,"path_per_floor":["M","M","M","M","?","E"],"character_chosen":"IRONCLAD","items_purchased":[],"campfire_rested":0,"item_purchase_floors":[],"current_hp_per_floor":[66,70,69,67,40,0,0],"gold":159,"neow_bonus":"TWENTY_PERCENT_HP_BONUS","is_daily":false,"chose_seed":false,"campfire_upgraded":0,"win_rate":0.0,"timestamp":1607722106,"path_taken":["M","M","M","M","?","E"],"items_purchased_type":[],"build_version":"2020-11-30","purchased_purges":0,"victory":false,"max_hp_per_floor":[89,89,89,89,89,89,89],"relic_stats":{"counters":[5,24],"obtain_stats":[{"Burning Blood":0},{"Burning Blood":0},{"Burning Blood":0}],"Burning Blood":24},"card_choices":[{"not_picked":["Havoc","Flex","Entrench"],"picked":"SKIP","floor":1.0},{"not_picked":["Flex","Reckless Charge"],"picked":"Fiend Fire","floor":2.0},{"not_picked":["Infernal Blade","Wild Strike"],"picked":"Shrug It Off","floor":3.0},{"not_picked":["Entrench","Dropkick"],"picked":"Sword Boomerang","floor":4.0}],"player_experience":979812,"relics_obtained":[],"event_choices":[{"damage_healed":0.0,"max_hp_gain":0.0,"max_hp_loss":0.0,"gold_gain":0.0,"event_name":"Shining Light","player_choice":"Entered Light","floor":5.0,"gold_loss":0.0,"damage_taken":27.0,"cards_upgraded":["Defend_R","Defend_R"]}],"is_beta":false,"boss_relics":[],"items_purged_floors":[],"is_endless":false,"potions_floor_spawned":[4],"killed_by":"Lagavulin","ascension_level":20}}