{"host":"p7j7o00jacnw7qzt","time":1607708014,"event":{"mods":["BaseMod","Colored Map","Colored Powertips","DeckTracker","Highlight Path","Minty Spire (QoL Compilation)","Relic Stats"],"gold_per_floor":[118,118,138,150,18,18,18,38,38,64,64,82,82,107,107,182,182,196,214,36,86,1,1,1],"floor_reached":23,"playtime":1199,"items_purged":["Strike_R","Strike_R"],"score":448,"play_id":"54d482c7-c2df-4730-afdd-76be8b6e83fe","local_time":"20201211123334","is_ascension_mode":true,"campfire_choices":[{"data":"Armaments","floor":6.0,"key":"SMITH"},{"data":"Demon Form","floor":11.0,"key":"SMITH"},{"data":"Battle Trance","floor":13.0,"key":"SMITH"},{"data":"Bloodletting","floor":15.0,"key":"SMITH"}],"circlet_count":0,"master_deck":["AscendersBane","Strike_R","Defend_R","Defend_R","Defend_R","Defend_R","Bash","Body Slam","Bloodletting+1","Battle Trance+1","Armaments+1","Demon Form+1","Evolve","Feed","Warcry","Limit Break"],"relics":["Burning Blood","Ice Cream","Ginger","Pantograph","PreservedInsect","Fusion Hammer","Orichalcum"],"acts_visited":["Exordium","TheCity"],"potions_floor_usage":[18],"damage_taken":[{"damage":6.0,"enemies":"Small Slimes","floor":1.0,"turns":6.0},{"damage":5.0,"enemies":"2 Louse","floor":3.0,"turns":3.0},{"damage":7.0,"enemies":"Jaw Worm","floor":4.0,"turns":4.0},{"damage":11.0,"enemies":"Blue Slaver","floor":8.0,"turns":4.0},{"damage":3.0,"enemies":"3 Sentries","floor":10.0,"turns":9.0},{"damage":3.0,"enemies":"Large Slime","floor":12.0,"turns":4.0},{"damage":11.0,"enemies":"Gremlin Nob","floor":14.0,"turns":3.0},{"damage":27.0,"enemies":"Hexaghost","floor":16.0,"turns":7.0},{"damage":27,"enemies":"3 Byrds","floor":18,"turns":5},{"damage":8,"enemies":"Spheric Guardian","floor":19,"turns":5},{"damage":51,"enemies":"Slavers","floor":23,"turns":3}],"seed_played":"-8101880205356599538","potions_obtained":[{"floor":1.0,"key":"DuplicationPotion"},{"floor":3.0,"key":"GamblersBrew"},{"floor":12.0,"key":"Strength Potion"}],"is_trial":false,"path_per_floor":["M","?","M","M","$","R","?","M","T","E","R","M","R","E","R","B",null,"M","M","$","?","?","E"],"character_chosen":"IRONCLAD","items_purchased":["Armaments","Limit Break"],"campfire_rested":0,"item_purchase_floors":[5,20],"current_hp_per_floor":[68,73,73,72,72,72,61,56,56,59,59,62,62,57,57,52,68,47,49,49,49,49,0,0],"gold":1,"neow_bonus":"REMOVE_TWO","is_daily":false,"chose_seed":false,"campfire_upgraded":4,"win_rate":0.0,"timestamp":1607708014,"path_taken":["M","?","M","M","$","R","?","M","T","E","R","M","R","E","R","BOSS","M","M","$","?","?","E"],"items_purchased_type":["Card","Card"],"build_version":"2020-11-30","purchased_purges":2,"victory":false,"max_hp_per_floor":[68,73,73,73,73,73,73,73,73,73,73,73,73,73,73,73,73,73,77,77,77,77,77,77],"relic_stats":{"counters":[11,53],"Pantograph":16,"PreservedInsect":42,"Ginger":[2],"Orichalcum":[12],"obtain_stats":[{"Ice Cream":7,"Pantograph":10,"PreservedInsect":14,"Fusion Hammer":17,"Ginger":9,"Orichalcum":22,"Burning Blood":0},{"Ice Cream":3,"Pantograph":5,"PreservedInsect":7,"Fusion Hammer":8,"Ginger":4,"Orichalcum":10,"Burning Blood":0},{"Ice Cream":13,"Pantograph":26,"PreservedInsect":33,"Fusion Hammer":40,"Ginger":17,"Orichalcum":50,"Burning Blood":0}],"Burning Blood":59},"card_choices":[{"not_picked":["Uppercut","Twin Strike"],"picked":"Body Slam","floor":1.0},{"not_picked":["Blood for Blood","Thunderclap"],"picked":"Bloodletting","floor":3.0},{"not_picked":["True Grit","Ghostly Armor"],"picked":"Battle Trance","floor":4.0},{"not_picked":["Bloodletting","Thunderclap","Perfected Strike"],"picked":"SKIP","floor":8.0},{"not_picked":["Uppercut","Pommel Strike"],"picked":"Demon Form","floor":10.0},{"not_picked":["Wild Strike","Headbutt","Havoc"],"picked":"SKIP","floor":12.0},{"not_picked":["Wild Strike","Inflame"],"picked":"Evolve","floor":14.0},{"not_picked":["Brutality","Juggernaut"],"picked":"Feed","floor":16.0},{"not_picked":["Ghostly Armor","Body Slam","Havoc"],"picked":"SKIP","floor":18},{"not_picked":["Headbutt","Dropkick"],"picked":"Warcry","floor":19}],"player_experience":771976,"relics_obtained":[{"floor":9.0,"key":"Ginger"},{"floor":10.0,"key":"Pantograph"},{"floor":14.0,"key":"PreservedInsect"}],"event_choices":[{"damage_healed":0.0,"max_hp_gain":5.0,"max_hp_loss":0.0,"gold_gain":0.0,"event_name":"Big Fish","player_choice":"Donut","floor":2.0,"gold_loss":0.0,"damage_taken":0.0},{"damage_healed":0.0,"max_hp_gain":0.0,"max_hp_loss":0.0,"gold_gain":0.0,"event_name":"Scrap Ooze","player_choice":"Success","floor":7.0,"gold_loss":0.0,"damage_taken":11.0,"relics_obtained":["Ice Cream"]},{"damage_healed":0,"gold_gain":50,"player_choice":"Stole From Cult","damage_taken":0,"max_hp_gain":0,"max_hp_loss":0,"event_name":"Nest","floor":21,"gold_loss":0},{"damage_healed":0,"gold_gain":0,"player_choice":"Obtained Relic","damage_taken":0,"relics_obtained":["Orichalcum"],"max_hp_gain":0,"max_hp_loss":0,"event_name":"Addict","floor":22,"gold_loss":85}],"is_beta":false,"boss_relics":[{"not_picked":["Snecko Eye","Calling Bell"],"picked":"Fusion Hammer"}],"items_purged_floors":[5,20],"is_endless":false,"potions_floor_spawned":[1,3,8,12],"killed_by":"Slavers","ascension_level":20}}