{"host":"y3h3n3f7seyagppx","time":1607696644,"event":{"mods":["AlwaysNeverKeys","BaseMod","Better Vampires","Colored Powertips","DeckTracker","Emptier Cage","Minty Spire (QoL Compilation)","Permanent Neow","Quick Restart","Rare Cards Sparkle","Relic Sorter","Relic Stats","StSLib","Transform Curses"],"gold_per_floor":[113,125,90,90,34,59,59,59,135,150,168,199,212,237,237,311,311,328,308,323,333,333,358,358,384,431,431,481,508,522,556,556,628,628,647,663,663,678,506,540,233,261,261,296,316,328,328,339,339,339,339,339,339,0,25,25],"floor_reached":57,"playtime":15636,"items_purged":["Flechettes+1","Finisher+1"],"score":2880,"play_id":"4548ad8b-fe0a-43e2-9905-60c1e2202848","local_time":"20201211092404","is_ascension_mode":true,"campfire_choices":[{"data":"Crippling Poison","floor":8.0,"key":"SMITH"},{"data":"Catalyst","floor":15.0,"key":"SMITH"},{"data":"Wraith Form v2","floor":24.0,"key":"SMITH"},{"floor":27.0,"key":"REST"},{"data":"Wraith Form v2","floor":32.0,"key":"SMITH"},{"data":"Well Laid Plans","floor":47.0,"key":"SMITH"},{"data":"Neutralize","floor":49.0,"key":"SMITH"},{"data":"Bouncing Flask","floor":53,"key":"SMITH"}],"circlet_count":0,"master_deck":["AscendersBane","Strike_G+1","Strike_G+1","Strike_G+1","Strike_G+1","Strike_G+1","Defend_G+1","Defend_G+1","Survivor","Neutralize+1","Secret Weapon+1","Deadly Poison","Footwork","Crippling Poison+1","Unload","Catalyst+1","Venomology","Wraith Form v2+1","A Thousand Cuts+1","Backflip","Wraith Form v2+1","Noxious Fumes","Backflip","After Image","Backflip+1","Deadly Poison+1","Blind","Well Laid Plans+1","Bouncing Flask+1","Acrobatics","Acrobatics+1","Dark Shackles","Noxious Fumes","PiercingWail"],"relics":["Ring of the Snake","Question Card","Lizard Tail","StrikeDummy","Orichalcum","Paper Crane","Astrolabe","Nunchaku","WingedGreaves","Boot","Sundial","MealTicket","HoveringKite","PreservedInsect","Frozen Eye","War Paint","Eternal Feather","Lantern","Membership Card","Centennial Puzzle","Letter Opener"],"acts_visited":["Exordium","TheCity","TheBeyond","TheEnding"],"potions_floor_usage":[51,55,56,56],"damage_taken":[{"damage":6.0,"enemies":"Cultist","floor":1.0,"turns":5.0},{"damage":0.0,"enemies":"Jaw Worm","floor":2.0,"turns":4.0},{"damage":22.0,"enemies":"Gremlin Nob","floor":6.0,"turns":4.0},{"damage":0.0,"enemies":"2 Louse","floor":10.0,"turns":2.0},{"damage":2.0,"enemies":"Exordium Wildlife","floor":11.0,"turns":4.0},{"damage":26.0,"enemies":"3 Sentries","floor":12.0,"turns":9.0},{"damage":3.0,"enemies":"Gremlin Gang","floor":13.0,"turns":3.0},{"damage":1.0,"enemies":"Lagavulin","floor":14.0,"turns":7.0},{"damage":19.0,"enemies":"Slime Boss","floor":16.0,"turns":8.0},{"damage":8.0,"enemies":"3 Byrds","floor":18.0,"turns":4.0},{"damage":5.0,"enemies":"Spheric Guardian","floor":20.0,"turns":5.0},{"damage":6.0,"enemies":"Snake Plant","floor":21.0,"turns":3.0},{"damage":0.0,"enemies":"Gremlin Leader","floor":23.0,"turns":6.0},{"damage":7.0,"enemies":"Book of Stabbing","floor":25.0,"turns":6.0},{"damage":2.0,"enemies":"Slavers","floor":29.0,"turns":5.0},{"damage":6.0,"enemies":"Centurion and Healer","floor":30.0,"turns":6.0},{"damage":13.0,"enemies":"Book of Stabbing","floor":31.0,"turns":5.0},{"damage":18.0,"enemies":"Champ","floor":33.0,"turns":13.0},{"damage":3.0,"enemies":"Orb Walker","floor":35.0,"turns":5.0},{"damage":26.0,"enemies":"3 Darklings","floor":36.0,"turns":9.0},{"damage":6.0,"enemies":"Sphere and 2 Shapes","floor":38.0,"turns":6.0},{"damage":1.0,"enemies":"Giant Head","floor":40.0,"turns":8.0},{"damage":10.0,"enemies":"Nemesis","floor":42.0,"turns":7.0},{"damage":4.0,"enemies":"Reptomancer","floor":44.0,"turns":4.0},{"damage":24.0,"enemies":"Jaw Worm Horde","floor":45.0,"turns":6.0},{"damage":4.0,"enemies":"Writhing Mass","floor":46.0,"turns":7.0},{"damage":1.0,"enemies":"Spire Growth","floor":48.0,"turns":6.0},{"damage":26.0,"enemies":"Time Eater","floor":50.0,"turns":11.0},{"damage":24,"enemies":"Donu and Deca","floor":51,"turns":13},{"damage":9,"enemies":"Shield and Spear","floor":55,"turns":9},{"damage":49,"enemies":"The Heart","floor":56,"turns":11}],"seed_played":"-7657682678592182765","potions_obtained":[{"floor":1.0,"key":"SmokeBomb"},{"floor":10.0,"key":"Energy Potion"},{"floor":12.0,"key":"Ancient Potion"},{"floor":16.0,"key":"Poison Potion"},{"floor":25.0,"key":"Poison Potion"},{"floor":35.0,"key":"Regen Potion"},{"floor":36.0,"key":"Weak Potion"},{"floor":45.0,"key":"SpeedPotion"}],"is_trial":false,"path_per_floor":["M","M","?","T","$","E","?","R","T","M","M","E","M","E","R","B",null,"M","?","M","M","?","E","R","E","T","R","?","E","M","E","R","B",null,"M","M","?","M","$","E","$","E","T","E","M","M","R","M","R","B","B",null,"R","$","E","B",null],"character_chosen":"THE_SILENT","items_purchased":["AttackPotion","Blind","Frozen Eye","Bouncing Flask","Membership Card","Dark Shackles","Centennial Puzzle","Noxious Fumes"],"campfire_rested":1,"item_purchase_floors":[5,39,41,41,54,54,54,54],"current_hp_per_floor":[38,38,54,54,54,32,54,54,54,54,52,26,23,22,22,3,50,42,42,37,31,31,31,31,24,24,43,43,41,35,22,22,4,51,48,37,37,31,46,45,60,50,50,46,22,18,36,35,53,27,3,50,66,66,57,8],"gold":25,"neow_bonus":"RANDOM_COLORLESS_2","is_daily":false,"chose_seed":false,"campfire_upgraded":7,"win_rate":0.0,"timestamp":1607696644,"path_taken":["M","M","?","?","?","E","?","R","T","M","M","E","M","E","R","BOSS","M","?","M","?","?","E","R","E","T","R","?","E","?","E","R","BOSS","M","M","?","M","$","E","$","E","T","E","?","M","R","M","R","BOSS","BOSS","R","$","E","BOSS"],"items_purchased_type":["Potion","Card","Relic","Card","Relic","Card","Relic","Card"],"build_version":"2020-11-30","purchased_purges":2,"victory":true,"max_hp_per_floor":[66,66,66,66,66,66,66,66,66,66,66,66,66,66,66,66,66,66,66,66,66,66,66,66,66,66,66,66,66,66,66,66,66,66,66,66,66,66,66,66,66,66,66,66,66,66,66,66,66,66,66,66,66,66,66,66],"relic_stats":{"counters":[31,201],"Astrolabe":["A Thousand Cuts","Finisher","Flechettes"],"HoveringKite":[30],"Eternal Feather":52,"PreservedInsect":189,"Letter Opener":[25],"Orichalcum":[564],"War Paint":["Secret Weapon","Backflip"],"Question Card":26,"Boot":[57],"Lizard Tail":0,"Nunchaku":[14],"Centennial Puzzle":[6],"Sundial":[16],"MealTicket":30,"obtain_stats":[{"Lantern":44,"Astrolabe":17,"HoveringKite":34,"Eternal Feather":43,"PreservedInsect":40,"Letter Opener":55,"Orichalcum":12,"Paper Crane":14,"War Paint":42,"Question Card":4,"Boot":26,"Frozen Eye":41,"Lizard Tail":6,"Nunchaku":23,"Centennial Puzzle":54,"Sundial":29,"MealTicket":31,"WingedGreaves":25,"Membership Card":54,"StrikeDummy":9,"Ring of the Snake":0},{"Lantern":24,"Astrolabe":9,"HoveringKite":18,"Eternal Feather":23,"PreservedInsect":22,"Letter Opener":30,"Orichalcum":6,"Paper Crane":8,"War Paint":23,"Question Card":2,"Boot":14,"Frozen Eye":22,"Lizard Tail":3,"Nunchaku":13,"Centennial Puzzle":29,"Sundial":15,"MealTicket":17,"WingedGreaves":14,"Membership Card":29,"StrikeDummy":3,"Ring of the Snake":0},{"Lantern":138,"Astrolabe":46,"HoveringKite":99,"Eternal Feather":134,"PreservedInsect":127,"Letter Opener":190,"Orichalcum":28,"Paper Crane":38,"War Paint":134,"Question Card":9,"Boot":70,"Frozen Eye":127,"Lizard Tail":13,"Nunchaku":64,"Centennial Puzzle":181,"Sundial":75,"MealTicket":86,"WingedGreaves":70,"Membership Card":181,"StrikeDummy":13,"Ring of the Snake":0}],"Ring of the Snake":[62]},"card_choices":[{"not_picked":["Mayhem","Panache"],"picked":"Secret Weapon","floor":0.0},{"not_picked":["Bane","Slice"],"picked":"Deadly Poison","floor":1.0},{"not_picked":["Dash","Calculated Gamble"],"picked":"Footwork","floor":2.0},{"not_picked":["Calculated Gamble","Backflip","Cloak And Dagger"],"picked":"Crippling Poison","floor":6.0},{"not_picked":["Heel Hook","Dodge and Roll","Flying Knee","Acrobatics"],"picked":"SKIP","floor":10.0},{"not_picked":["Heel Hook","Outmaneuver","Crippling Poison","Dodge and Roll"],"picked":"SKIP","floor":11.0},{"not_picked":["Slice","Masterful Stab","Well Laid Plans"],"picked":"Unload","floor":12.0},{"not_picked":["Flying Knee","Underhanded Strike","Outmaneuver"],"picked":"Catalyst","floor":13.0},{"not_picked":["Blade Dance","Dagger Spray","Flying Knee"],"picked":"Venomology","floor":14.0},{"not_picked":["Glass Knife","Die Die Die","Envenom"],"picked":"Wraith Form v2","floor":16.0},{"not_picked":["Flying Knee","Flechettes+1","Bane","Quick Slash"],"picked":"SKIP","floor":18.0},{"not_picked":["Choke","Reflex","Crippling Poison","Blade Dance"],"picked":"SKIP","floor":20.0},{"not_picked":["Deflect","Cloak And Dagger","Unload","Dagger Throw"],"picked":"SKIP","floor":21.0},{"not_picked":["Masterful Stab","Flying Knee","Calculated Gamble"],"picked":"Backflip","floor":23.0},{"not_picked":["Bane","All Out Attack","Phantasmal Killer"],"picked":"Wraith Form v2","floor":25.0},{"not_picked":["Reflex","Footwork","Slice"],"picked":"Noxious Fumes","floor":29.0},{"not_picked":["Sucker Punch","Quick Slash+1","Dodge and Roll"],"picked":"Backflip","floor":30.0},{"not_picked":["Terror","Bane","Concentrate","Caltrops"],"picked":"SKIP","floor":31.0},{"not_picked":["Envenom","Glass Knife","Grand Finale"],"picked":"After Image","floor":33.0},{"not_picked":["Accuracy+1","Blade Dance","Predator+1"],"picked":"Backflip","floor":35.0},{"not_picked":["Underhanded Strike+1","Backstab","Deadly Poison","Blur"],"picked":"SKIP","floor":36.0},{"not_picked":["Well Laid Plans","Corpse Explosion","Poisoned Stab"],"picked":"Deadly Poison+1","floor":38.0},{"not_picked":["Leg Sweep","Sucker Punch","Concentrate"],"picked":"Well Laid Plans","floor":40.0},{"not_picked":["Sucker Punch+1","Backflip","Slice+1","Flying Knee"],"picked":"SKIP","floor":42.0},{"not_picked":["Cloak And Dagger","Heel Hook","Corpse Explosion"],"picked":"Acrobatics","floor":44.0},{"not_picked":["Endless Agony+1","Flying Knee","Deflect"],"picked":"Acrobatics+1","floor":45.0},{"not_picked":["Heel Hook+1","Footwork+1","Riddle With Holes","Endless Agony"],"picked":"SKIP","floor":46.0},{"not_picked":["Cloak And Dagger+1","Infinite Blades+1","Quick Slash","Storm of Steel"],"picked":"SKIP","floor":48.0},{"not_picked":["Underhanded Strike","Dodge and Roll","Sucker Punch"],"picked":"PiercingWail","floor":55}],"player_experience":19885732,"relics_obtained":[{"floor":4.0,"key":"Question Card"},{"floor":6.0,"key":"Lizard Tail"},{"floor":9.0,"key":"StrikeDummy"},{"floor":12.0,"key":"Orichalcum"},{"floor":14.0,"key":"Paper Crane"},{"floor":23.0,"key":"Nunchaku"},{"floor":25.0,"key":"WingedGreaves"},{"floor":26.0,"key":"Boot"},{"floor":29.0,"key":"Sundial"},{"floor":31.0,"key":"MealTicket"},{"floor":40.0,"key":"PreservedInsect"},{"floor":42.0,"key":"War Paint"},{"floor":43.0,"key":"Eternal Feather"},{"floor":44.0,"key":"Lantern"},{"floor":55,"key":"Letter Opener"}],"event_choices":[{"damage_healed":16.0,"max_hp_gain":0.0,"max_hp_loss":0.0,"gold_gain":0.0,"event_name":"The Cleric","player_choice":"Healed","floor":3.0,"gold_loss":35.0,"damage_taken":0.0},{"damage_healed":22.0,"max_hp_gain":0.0,"max_hp_loss":0.0,"gold_gain":0.0,"event_name":"Big Fish","player_choice":"Banana","floor":7.0,"gold_loss":0.0,"damage_taken":0.0},{"damage_healed":0.0,"max_hp_gain":0.0,"max_hp_loss":0.0,"gold_gain":0.0,"event_name":"The Woman in Blue","player_choice":"Bought 1 Potion","floor":19.0,"gold_loss":0.0,"damage_taken":0.0},{"damage_healed":0.0,"max_hp_gain":0.0,"max_hp_loss":0.0,"gold_gain":0.0,"event_name":"Back to Basics","player_choice":"Simplicity","floor":22.0,"gold_loss":0.0,"damage_taken":0.0,"cards_upgraded":["Strike_G","Strike_G","Strike_G","Strike_G","Strike_G","Defend_G","Defend_G"]},{"damage_healed":0.0,"max_hp_gain":0.0,"max_hp_loss":0.0,"gold_gain":50.0,"event_name":"Golden Shrine","player_choice":"Pray","floor":28.0,"gold_loss":0.0,"damage_taken":0.0},{"damage_healed":0.0,"max_hp_gain":0.0,"max_hp_loss":0.0,"gold_gain":0.0,"event_name":"Match and Keep!","player_choice":"0 cards matched","floor":37.0,"gold_loss":0.0,"damage_taken":0.0,"cards_obtained":[]}],"is_beta":false,"boss_relics":[{"not_picked":["Busted Crown","Sozu"],"picked":"Astrolabe"},{"not_picked":["Empty Cage","SacredBark"],"picked":"HoveringKite"}],"items_purged_floors":[39,41],"is_endless":false,"potions_floor_spawned":[1,10,12,16,18,25,30,35,36,38,45,55],"ascension_level":20}}