{"host":"hqvh779b89tfrjxy","time":1607692909,"event":{"mods":["Act Like it!","BaseMod","Better Third Choice","Downfall","Elementarium","Filter the Spire","GifTheSpireLib","Marked Mod","Minty Spire (QoL Compilation)","Replay The Spire","Spicy Shops","StSLib"],"gold_per_floor":[110,210,220,239,255,255,265,298,298,310,345,363,363,396,396,396,396],"floor_reached":16,"playtime":831,"items_purged":[],"score":161,"play_id":"32003cb3-7645-4a10-a768-7b1376ef817a","local_time":"20201211142149","is_ascension_mode":true,"campfire_choices":[{"data":"Vigilance","floor":6.0,"key":"SMITH"},{"floor":15,"key":"REST"}],"circlet_count":0,"master_deck":["Strike_P","Strike_P","Strike_P","Strike_P","Defend_P","Defend_P+1","Defend_P","Defend_P","Eruption","Vigilance+1","MarkedMod:FirstStrike","BowlingBash","PathToVictory+1","JustLucky","MarkedMod:FirstStrike+1","MarkedMod:Acupuncture"],"relics":["PureWater","Replay:Bottled Eggs","MealTicket","War Paint","Gremlin Horn"],"acts_visited":["Exordium"],"potions_floor_usage":[14,16,16],"damage_taken":[{"damage":0.0,"enemies":"2 Louse","floor":1.0,"turns":3.0},{"damage":0.0,"enemies":"Cultist","floor":3.0,"turns":3.0},{"damage":0.0,"enemies":"Jaw Worm","floor":4.0,"turns":3.0},{"damage":0.0,"enemies":"3 Louse","floor":5.0,"turns":3.0},{"damage":0.0,"enemies":"2 Fungi Beasts","floor":7.0,"turns":2.0},{"damage":16.0,"enemies":"3 Sentries","floor":8.0,"turns":8.0},{"damage":9.0,"enemies":"Exordium Thugs","floor":10.0,"turns":5.0},{"damage":30.0,"enemies":"Gremlin Nob","floor":11.0,"turns":4.0},{"damage":1,"enemies":"Lots of Slimes","floor":12,"turns":3},{"damage":1,"enemies":"Replay:BlueRogue","floor":14,"turns":6},{"damage":70,"enemies":"Fading Forest","floor":16,"turns":8}],"seed_played":"-2685959572429445666","potions_obtained":[{"floor":1.0,"key":"Dexterity Potion"},{"floor":5.0,"key":"Strength Potion"},{"floor":7.0,"key":"FearPotion"},{"floor":11.0,"key":"SkillPotion"},{"floor":14,"key":"Energy Potion"}],"is_trial":false,"path_per_floor":["M","?","M","M","M","R","M","E","T","M","E","M","?","E","R","B"],"character_chosen":"WATCHER","items_purchased":[],"campfire_rested":1,"item_purchase_floors":[],"current_hp_per_floor":[70,70,70,70,70,70,70,54,54,45,15,14,14,13,36,0,0],"gold":396,"neow_bonus":"RANDOM_EVENT","is_daily":false,"chose_seed":false,"campfire_upgraded":1,"win_rate":0.0,"timestamp":1607692909,"path_taken":["M","?","M","M","?","R","M","E","T","M","E","M","?","E","R","BOSS"],"items_purchased_type":[],"build_version":"2020-11-30","purchased_purges":0,"victory":false,"max_hp_per_floor":[77,77,77,77,77,77,77,77,77,77,77,77,77,77,77,77,77],"card_choices":[{"not_picked":["Indignation","MarkedMod:GentlePulse"],"picked":"MarkedMod:FirstStrike","floor":1.0},{"not_picked":["MarkedMod:FirstStrike","Replay:DivineShield"],"picked":"BowlingBash","floor":3.0},{"not_picked":["CarveReality","Evaluate"],"picked":"PathToVictory","floor":4.0},{"not_picked":["FollowUp","CutThroughFate"],"picked":"JustLucky","floor":5.0},{"not_picked":["BowlingBash","Evaluate","Adaptation"],"picked":"SKIP","floor":7.0},{"not_picked":["FlyingSleeves","FlurryOfBlows","Indignation"],"picked":"SKIP","floor":8.0},{"not_picked":["BowlingBash","Meditate"],"picked":"MarkedMod:FirstStrike","floor":10.0},{"not_picked":["MarkedMod:GentlePulse","SpiritShield"],"picked":"MarkedMod:Acupuncture","floor":11.0},{"not_picked":["Swivel","EmptyMind","EmptyFist"],"picked":"SKIP","floor":12},{"not_picked":["Halt","Indignation","Replay:BluntJabs"],"picked":"SKIP","floor":14}],"player_experience":123425,"relics_obtained":[{"floor":8.0,"key":"Replay:Bottled Eggs"},{"floor":9.0,"key":"MealTicket"},{"floor":11.0,"key":"War Paint"},{"floor":14,"key":"Gremlin Horn"}],"event_choices":[{"damage_healed":0.0,"max_hp_gain":5.0,"max_hp_loss":0.0,"gold_gain":0.0,"event_name":"Big Fish","player_choice":"Donut","floor":0.0,"gold_loss":0.0,"damage_taken":0.0},{"damage_healed":0.0,"max_hp_gain":0.0,"max_hp_loss":0.0,"gold_gain":100.0,"event_name":"Golden Shrine","player_choice":"Pray","floor":2.0,"gold_loss":0.0,"damage_taken":0.0}],"is_beta":false,"boss_relics":[],"items_purged_floors":[],"is_endless":false,"potions_floor_spawned":[1,5,7,11,14],"killed_by":"Fading Forest","ascension_level":6}}