{"host":"1hv1kueuvc4r3rdp","time":1607705107,"event":{"mods":["AchievementEnabler","BaseMod","DeckTracker","Highlight Path","Minty Spire (QoL Compilation)","Permanent Neow","StSLib"],"gold_per_floor":[115,134,144,161,176,176,208,208,208,272,306,322,322,322,322,418,418,432,449,449,449,724,724,80,112,112,112,132,149,174,193,193,289,289,301,315,315,334,386,417,417,432,432,444,479,479,497,262,262,262],"floor_reached":51,"playtime":4602,"items_purged":["Regret"],"score":966,"play_id":"13a02a00-fd47-4536-b130-4322baf50394","local_time":"20201211104507","is_ascension_mode":true,"campfire_choices":[{"data":"Dualcast","floor":6,"key":"SMITH"},{"floor":13,"key":"REST"},{"data":"Zap","floor":15,"key":"SMITH"},{"floor":23,"key":"REST"},{"floor":27,"key":"REST"},{"floor":32,"key":"REST"},{"floor":41,"key":"REST"},{"floor":46,"key":"REST"},{"floor":49,"key":"REST"}],"circlet_count":0,"master_deck":["Strike_B+1","Strike_B+1","Strike_B+1","Strike_B+1","Defend_B+1","Defend_B+1","Defend_B+1","Zap+1","Dualcast+1","Reboot","Ball Lightning","Doom and Gloom+1","Go for the Eyes+1","Melter+1","BootSequence+1","Reboot+1","Glacier","Reboot","Buffer","Dark Shackles","Fusion+1","Aggregate+1","Consume+1","Machine Learning","Capacitor+1","Creative AI","Skim+1"],"relics":["Cracked Core","Tiny Chest","HornCleat","The Courier","Letter Opener","Fusion Hammer","Mercury Hourglass","Gremlin Horn","Sling","Toxic Egg 2","Bottled Tornado","Anchor","Sozu","Bag of Marbles","War Paint","Pear","Toy Ornithopter","Whetstone","Orrery"],"acts_visited":["Exordium","TheCity","TheBeyond"],"potions_floor_usage":[4,7,10,33,38,50],"damage_taken":[{"damage":8,"enemies":"Jaw Worm","floor":1,"turns":4},{"damage":5,"enemies":"2 Louse","floor":2,"turns":3},{"damage":0,"enemies":"Small Slimes","floor":3,"turns":3},{"damage":12,"enemies":"Exordium Thugs","floor":4,"turns":3},{"damage":8,"enemies":"Blue Slaver","floor":5,"turns":3},{"damage":25,"enemies":"3 Sentries","floor":7,"turns":5},{"damage":4,"enemies":"Gremlin Nob","floor":10,"turns":3},{"damage":11,"enemies":"Gremlin Nob","floor":11,"turns":4},{"damage":2,"enemies":"3 Louse","floor":12,"turns":2},{"damage":27,"enemies":"Hexaghost","floor":16,"turns":8},{"damage":4,"enemies":"Shell Parasite","floor":18,"turns":4},{"damage":12,"enemies":"2 Thieves","floor":19,"turns":3},{"damage":0,"enemies":"Slavers","floor":25,"turns":3},{"damage":0,"enemies":"Snecko","floor":28,"turns":5},{"damage":0,"enemies":"Sentry and Sphere","floor":29,"turns":2},{"damage":2,"enemies":"Book of Stabbing","floor":30,"turns":5},{"damage":0,"enemies":"Shelled Parasite and Fungi","floor":31,"turns":4},{"damage":57,"enemies":"Champ","floor":33,"turns":11},{"damage":11,"enemies":"3 Shapes","floor":35,"turns":2},{"damage":0,"enemies":"Orb Walker","floor":36,"turns":4},{"damage":0,"enemies":"4 Shapes","floor":38,"turns":3},{"damage":0,"enemies":"Reptomancer","floor":40,"turns":5},{"damage":0,"enemies":"Maw","floor":42,"turns":6},{"damage":0,"enemies":"Jaw Worm Horde","floor":44,"turns":2},{"damage":0,"enemies":"Giant Head","floor":45,"turns":8},{"damage":0,"enemies":"4 Shapes","floor":47,"turns":3},{"damage":72,"enemies":"Donu and Deca","floor":50,"turns":9}],"seed_played":"3849914775738977023","potions_obtained":[{"floor":3,"key":"Energy Potion"},{"floor":4,"key":"Explosive Potion"},{"floor":5,"key":"ColorlessPotion"},{"floor":10,"key":"SneckoOil"},{"floor":18,"key":"SkillPotion"},{"floor":19,"key":"Explosive Potion"},{"floor":25,"key":"PowerPotion"}],"is_trial":false,"path_per_floor":["M","M","M","M","M","R","E","?","T","?","E","M","R","?","R","B",null,"M","M","T","?","?","R","$","E","T","R","M","M","E","M","R","B",null,"M","M","?","M","T","E","R","M","T","M","E","R","M","$","R","B",null],"character_chosen":"DEFECT","items_purchased":["Gremlin Horn","Sling","Reboot","Buffer","Dark Shackles","Whetstone","Orrery"],"campfire_rested":7,"item_purchase_floors":[24,24,24,24,24,48,48],"current_hp_per_floor":[67,62,62,50,42,42,17,42,42,38,27,25,47,47,47,20,75,71,59,59,59,59,75,75,75,75,75,75,75,73,73,75,18,75,64,64,64,64,64,64,75,75,85,85,85,85,85,85,85,18],"gold":262,"neow_bonus":"TRANSFORM_CARD","is_daily":false,"chose_seed":false,"campfire_upgraded":2,"win_rate":0.0,"timestamp":1607705107,"path_taken":["M","M","M","M","M","R","E","?","T","?","E","M","R","?","R","BOSS","M","M","?","?","?","R","$","E","T","R","M","M","E","M","R","BOSS","M","M","?","M","?","E","R","M","T","M","E","R","M","$","R","BOSS"],"items_purchased_type":["Relic","Relic","Card","Card","Card","Relic","Relic"],"build_version":"2020-11-30","purchased_purges":1,"victory":true,"max_hp_per_floor":[75,75,75,75,75,75,75,75,75,75,75,75,75,75,75,75,75,75,75,75,75,75,75,75,75,75,75,75,75,75,75,75,75,75,75,75,75,75,75,75,75,75,85,85,85,85,85,85,85,85],"card_choices":[{"not_picked":["Beam Cell","Hello World","Consume"],"picked":"SKIP","floor":1},{"not_picked":["Glacier","Stack","Conserve Battery"],"picked":"SKIP","floor":2},{"not_picked":["Go for the Eyes","Auto Shields"],"picked":"Ball Lightning","floor":3},{"not_picked":["Stack","Hello World"],"picked":"Doom and Gloom","floor":4},{"not_picked":["Compile Driver","Cold Snap"],"picked":"Go for the Eyes","floor":5},{"not_picked":["Cold Snap","Loop","Consume"],"picked":"SKIP","floor":7},{"not_picked":["Streamline","Turbo"],"picked":"Melter","floor":10},{"not_picked":["Sweeping Beam","Compile Driver"],"picked":"BootSequence","floor":11},{"not_picked":["Melter","Redo","Cold Snap"],"picked":"SKIP","floor":12},{"not_picked":["Core Surge","Biased Cognition"],"picked":"Reboot","floor":16},{"not_picked":["Hello World","Redo"],"picked":"Glacier","floor":18},{"not_picked":["Cold Snap","Hologram","Scrape"],"picked":"SKIP","floor":19},{"not_picked":["Thunder Strike","Streamline+1"],"picked":"Fusion+1","floor":25},{"not_picked":["Melter","Cold Snap"],"picked":"Aggregate+1","floor":28},{"not_picked":["Cold Snap","Melter","Go for the Eyes+1"],"picked":"SKIP","floor":29},{"not_picked":["Tempest+1","Fusion+1","Chill+1"],"picked":"SKIP","floor":30},{"not_picked":["Gash+1","Leap+1"],"picked":"Consume+1","floor":31},{"not_picked":["Seek+1","Creative AI"],"picked":"Machine Learning","floor":33},{"not_picked":["Ball Lightning","Genetic Algorithm+1"],"picked":"Capacitor+1","floor":35},{"not_picked":["Fusion+1","Leap+1","Genetic Algorithm+1"],"picked":"SKIP","floor":36},{"not_picked":["Turbo+1","Leap+1","Steam+1"],"picked":"SKIP","floor":38},{"not_picked":["Conserve Battery+1","Barrage","Scrape"],"picked":"SKIP","floor":40},{"not_picked":["Barrage+1","Go for the Eyes+1"],"picked":"Creative AI","floor":42},{"not_picked":["Conserve Battery+1","Hologram+1","Melter+1"],"picked":"SKIP","floor":44},{"not_picked":["Aggregate+1","Undo+1","Steam+1"],"picked":"SKIP","floor":45},{"not_picked":["Turbo+1","Coolheaded+1","Conserve Battery+1"],"picked":"SKIP","floor":47},{"not_picked":["Hologram+1","Leap+1"],"picked":"Skim+1","floor":48}],"player_experience":957584,"relics_obtained":[{"floor":7,"key":"Tiny Chest"},{"floor":9,"key":"HornCleat"},{"floor":10,"key":"The Courier"},{"floor":11,"key":"Letter Opener"},{"floor":20,"key":"Mercury Hourglass"},{"floor":25,"key":"Toxic Egg 2"},{"floor":26,"key":"Bottled Tornado"},{"floor":30,"key":"Anchor"},{"floor":39,"key":"Bag of Marbles"},{"floor":40,"key":"War Paint"},{"floor":43,"key":"Pear"},{"floor":45,"key":"Toy Ornithopter"}],"event_choices":[{"damage_healed":25,"gold_gain":0,"player_choice":"Banana","damage_taken":0,"max_hp_gain":0,"max_hp_loss":0,"event_name":"Big Fish","floor":8,"gold_loss":0},{"damage_healed":0,"gold_gain":0,"player_choice":"Searched \u00272\u0027 times","damage_taken":0,"max_hp_gain":0,"max_hp_loss":0,"event_name":"Dead Adventurer","floor":10,"gold_loss":0},{"damage_healed":0,"gold_gain":0,"player_choice":"Grow","damage_taken":0,"max_hp_gain":0,"max_hp_loss":0,"event_name":"Living Wall","floor":14,"gold_loss":0,"cards_upgraded":["Melter"]},{"damage_healed":0,"gold_gain":0,"player_choice":"Simplicity","damage_taken":0,"max_hp_gain":0,"max_hp_loss":0,"event_name":"Back to Basics","floor":21,"gold_loss":0,"cards_upgraded":["Strike_B","Strike_B","Strike_B","Strike_B","Defend_B","Defend_B","Defend_B"]},{"damage_healed":0,"gold_gain":275,"player_choice":"Desecrate","damage_taken":0,"max_hp_gain":0,"max_hp_loss":0,"event_name":"Golden Shrine","floor":22,"gold_loss":0,"cards_obtained":["Regret"]},{"damage_healed":0,"gold_gain":0,"player_choice":"Ignored","damage_taken":0,"max_hp_gain":0,"max_hp_loss":0,"event_name":"Tomb of Lord Red Mask","floor":37,"gold_loss":0}],"is_beta":false,"boss_relics":[{"not_picked":["FrozenCore","Runic Dome"],"picked":"Fusion Hammer"},{"not_picked":["Runic Pyramid","Coffee Dripper"],"picked":"Sozu"}],"items_purged_floors":[24],"is_endless":false,"potions_floor_spawned":[3,4,5,10,18,19,25,28,40,42,47],"ascension_level":4}}