{"host":"wc8dlsuapnihxz7u","time":1607726058,"event":{"mods":["2.2 Compatiblity","AchievementEnabler","AlwaysNeverKeys","BaseMod","Better Altar","BetterRewards","GifTheSpireLib","Minty Spire (QoL Compilation)","Permanent Neow","Quick Restart","StSLib","SuperFastMode"],"gold_per_floor":[113,131,147,163,128,156,174,174,174,229,229,261,276,276,276,372,372,390,407,33,51,61,86,99,99,125,125,125,80,94,123,123,227,227,245,257,257,257,257,257,287,297,297,323,336,336,35,53,53,53,53],"floor_reached":50,"playtime":3447,"items_purged":["Strike_P"],"score":579,"play_id":"9a7a17b2-773d-43b9-9e72-27d243654e8d","local_time":"20201211173418","is_ascension_mode":false,"campfire_choices":[{"floor":8,"key":"REST"},{"data":"Mayhem","floor":11,"key":"SMITH"},{"floor":15,"key":"REST"},{"floor":25,"key":"REST"},{"data":"DeusExMachina","floor":28,"key":"SMITH"},{"data":"CutThroughFate","floor":32,"key":"SMITH"},{"floor":46,"key":"REST"},{"floor":49,"key":"REST"}],"circlet_count":0,"master_deck":["Strike_P","Strike_P","Defend_P","Defend_P","Defend_P+1","Eruption","Vigilance","CarveReality","Evaluate+1","FearNoEvil","Tantrum","CutThroughFate+1","JustLucky","JustLucky","FlyingSleeves","BowlingBash","DeusExMachina+1","FlurryOfBlows+1","Weave+1","TalkToTheHand+1","ClearTheMind","EmptyFist","Consecrate","Tantrum+1","BowlingBash+1","Establishment","Halt+1","Finesse","Fasting2","FlurryOfBlows+1","FlurryOfBlows+1","BowlingBash+1","ClearTheMind+1"],"relics":["PureWater","Oddly Smooth Stone","Eternal Feather","GoldenEye","Potion Belt","Strawberry","Bag of Preparation","Question Card","War Paint","SlaversCollar","Ice Cream","Toy Ornithopter","Blood Vial","Blue Candle","Black Star","StoneCalendar","Bird Faced Urn","Bottled Tornado","Lantern","Kunai","CaptainsWheel"],"acts_visited":["Exordium","TheCity","TheBeyond"],"potions_floor_usage":[13,16,23,24,31,31,31,31,31,33,41,41,41,44,50,50,50],"damage_taken":[{"damage":0,"enemies":"Cultist","floor":1,"turns":2},{"damage":0,"enemies":"2 Louse","floor":2,"turns":4},{"damage":0,"enemies":"Small Slimes","floor":3,"turns":4},{"damage":13,"enemies":"3 Louse","floor":4,"turns":3},{"damage":23,"enemies":"Lagavulin","floor":6,"turns":4},{"damage":12,"enemies":"Lots of Slimes","floor":7,"turns":3},{"damage":20,"enemies":"Gremlin Nob","floor":10,"turns":4},{"damage":15,"enemies":"3 Sentries","floor":12,"turns":7},{"damage":7,"enemies":"2 Fungi Beasts","floor":13,"turns":3},{"damage":65,"enemies":"Hexaghost","floor":16,"turns":10},{"damage":1,"enemies":"3 Byrds","floor":18,"turns":4},{"damage":0,"enemies":"Shell Parasite","floor":19,"turns":3},{"damage":16,"enemies":"Snecko","floor":21,"turns":3},{"damage":3,"enemies":"Snake Plant","floor":22,"turns":3},{"damage":31,"enemies":"Book of Stabbing","floor":23,"turns":3},{"damage":10,"enemies":"Chosen and Byrds","floor":24,"turns":3},{"damage":10,"enemies":"Sentry and Sphere","floor":30,"turns":3},{"damage":0,"enemies":"Gremlin Leader","floor":31,"turns":3},{"damage":12,"enemies":"Collector","floor":33,"turns":4},{"damage":1,"enemies":"Orb Walker","floor":35,"turns":3},{"damage":10,"enemies":"3 Darklings","floor":36,"turns":3},{"damage":66,"enemies":"Nemesis","floor":41,"turns":11},{"damage":0,"enemies":"Maw","floor":42,"turns":6},{"damage":15,"enemies":"Giant Head","floor":44,"turns":6},{"damage":11,"enemies":"Sphere and 2 Shapes","floor":45,"turns":3},{"damage":39,"enemies":"Writhing Mass","floor":48,"turns":6},{"damage":77,"enemies":"Time Eater","floor":50,"turns":7}],"seed_played":"-7402706207325577206","potions_obtained":[{"floor":1,"key":"Swift Potion"},{"floor":6,"key":"SteroidPotion"},{"floor":7,"key":"SkillPotion"},{"floor":12,"key":"ColorlessPotion"},{"floor":16,"key":"EntropicBrew"},{"floor":19,"key":"Dexterity Potion"},{"floor":22,"key":"DuplicationPotion"},{"floor":23,"key":"EssenceOfSteel"},{"floor":27,"key":"Block Potion"},{"floor":27,"key":"CultistPotion"},{"floor":31,"key":"Regen Potion"},{"floor":36,"key":"Energy Potion"},{"floor":44,"key":"Ancient Potion"},{"floor":48,"key":"Dexterity Potion"}],"is_trial":false,"path_per_floor":["M","M","M","M","?","E","M","R","T","?","R","E","M","?","R","B",null,"M","M","$","M","M","E","M","R","T","?","R","$","M","E","R","B",null,"M","M","?","?","?","?","E","M","T","E","M","R","$","M","R","B"],"character_chosen":"WATCHER","items_purchased":["Oddly Smooth Stone","Eternal Feather","CarveReality","Ice Cream","Consecrate","CaptainsWheel"],"campfire_rested":5,"item_purchase_floors":[0,0,0,20,29,47],"current_hp_per_floor":[72,72,72,59,72,49,37,67,74,54,63,48,41,41,73,8,79,78,78,78,62,59,28,23,58,58,58,70,70,62,79,79,67,79,78,69,69,69,69,69,34,40,40,36,31,71,71,36,75,0,0],"gold":53,"neow_bonus":"","is_daily":false,"chose_seed":false,"campfire_upgraded":3,"win_rate":0.0,"timestamp":1607726058,"path_taken":["M","M","M","?","?","E","M","R","T","?","R","E","M","?","R","BOSS","M","?","$","M","M","E","M","R","T","?","R","$","?","E","R","BOSS","M","M","?","?","?","?","E","?","T","E","M","R","$","M","R","BOSS"],"items_purchased_type":["Relic","Relic","Card","Relic","Card","Relic"],"build_version":"2020-11-30","purchased_purges":1,"victory":false,"max_hp_per_floor":[72,72,72,72,72,72,72,72,79,79,79,79,79,79,79,79,79,79,79,79,79,79,79,79,79,79,79,79,79,79,79,79,79,79,79,79,79,79,79,75,75,75,75,75,75,75,75,75,75,75,75],"card_choices":[{"not_picked":["Protect","Nirvana"],"picked":"Evaluate","floor":1},{"not_picked":["Sanctity","BowlingBash"],"picked":"FearNoEvil","floor":2},{"not_picked":["Collect","Worship"],"picked":"Tantrum","floor":3},{"not_picked":["Perseverance","Meditate"],"picked":"CutThroughFate","floor":4},{"not_picked":["Establishment","Wallop"],"picked":"JustLucky","floor":6},{"not_picked":["ReachHeaven","Evaluate"],"picked":"JustLucky","floor":7},{"not_picked":["Nirvana","CrushJoints"],"picked":"FlyingSleeves","floor":10},{"not_picked":["TalkToTheHand","DeceiveReality"],"picked":"BowlingBash","floor":12},{"not_picked":["Meditate","Crescendo","ReachHeaven","ClearTheMind"],"picked":"SKIP","floor":13},{"not_picked":["DevaForm","Vault","Establishment"],"picked":"DeusExMachina","floor":16},{"not_picked":["FollowUp","Indignation+1","EmptyFist"],"picked":"FlurryOfBlows+1","floor":18},{"not_picked":["Perseverance","ThirdEye","WaveOfTheHand+1"],"picked":"Weave+1","floor":19},{"not_picked":["BowlingBash","FlyingSleeves+1","JustLucky"],"picked":"TalkToTheHand+1","floor":21},{"not_picked":["CrushJoints","Protect","LessonLearned","CutThroughFate"],"picked":"SKIP","floor":22},{"not_picked":["FearNoEvil","SignatureMove+1","CrushJoints"],"picked":"ClearTheMind","floor":23},{"not_picked":["FlyingSleeves","SandsOfTime","JustLucky"],"picked":"EmptyFist","floor":24},{"not_picked":["Meditate","ThirdEye","DeceiveReality"],"picked":"Tantrum+1","floor":30},{"not_picked":["EmptyMind","Crescendo","WheelKick"],"picked":"BowlingBash+1","floor":31},{"not_picked":["MasterReality","Scrawl","Omniscience"],"picked":"Establishment","floor":33},{"not_picked":["Halt","ReachHeaven","FlyingSleeves+1","SignatureMove+1"],"picked":"SKIP","floor":35},{"not_picked":["WreathOfFlame+1","Evaluate","CarveReality"],"picked":"Halt+1","floor":36},{"not_picked":["Trip","Chrysalis","Jack Of All Trades"],"picked":"Finesse","floor":37},{"not_picked":["Protect+1","DeceiveReality+1","FlyingSleeves"],"picked":"Fasting2","floor":41},{"not_picked":["ClearTheMind","Collect+1","Crescendo"],"picked":"FlurryOfBlows+1","floor":42},{"not_picked":["BowlingBash+1","Protect","FlyingSleeves+1"],"picked":"FlurryOfBlows+1","floor":44},{"not_picked":["Meditate+1","EmptyFist+1","Vengeance+1"],"picked":"BowlingBash+1","floor":45},{"not_picked":["WindmillStrike","FlyingSleeves","CutThroughFate"],"picked":"ClearTheMind+1","floor":48}],"player_experience":106248,"relics_obtained":[{"floor":6,"key":"Potion Belt"},{"floor":9,"key":"Strawberry"},{"floor":10,"key":"Bag of Preparation"},{"floor":12,"key":"Question Card"},{"floor":23,"key":"Toy Ornithopter"},{"floor":26,"key":"Blood Vial"},{"floor":31,"key":"Blue Candle"},{"floor":41,"key":"StoneCalendar"},{"floor":41,"key":"Bird Faced Urn"},{"floor":43,"key":"Bottled Tornado"},{"floor":44,"key":"Lantern"},{"floor":44,"key":"Kunai"}],"event_choices":[{"damage_healed":18,"gold_gain":0,"player_choice":"Healed","damage_taken":0,"max_hp_gain":0,"max_hp_loss":0,"event_name":"The Cleric","floor":5,"gold_loss":35},{"damage_healed":0,"gold_gain":0,"player_choice":"Searched \u00271\u0027 times","damage_taken":0,"max_hp_gain":0,"max_hp_loss":0,"event_name":"Dead Adventurer","floor":10,"gold_loss":0},{"damage_healed":0,"gold_gain":0,"player_choice":"Gave Potion","damage_taken":0,"relics_obtained":["War Paint"],"max_hp_gain":0,"max_hp_loss":0,"event_name":"WeMeetAgain","floor":14,"gold_loss":0},{"damage_healed":0,"gold_gain":0,"player_choice":"Got Potions","damage_taken":0,"max_hp_gain":0,"max_hp_loss":0,"event_name":"Lab","floor":27,"gold_loss":0},{"damage_healed":0,"gold_gain":0,"player_choice":"Memory 1","damage_taken":0,"max_hp_gain":0,"max_hp_loss":0,"event_name":"SensoryStone","floor":37,"gold_loss":0},{"damage_healed":0,"gold_gain":0,"player_choice":"Ignored","damage_taken":0,"max_hp_gain":0,"max_hp_loss":0,"event_name":"Tomb of Lord Red Mask","floor":38,"gold_loss":0},{"cards_removed":["Mayhem"],"damage_healed":0,"gold_gain":0,"player_choice":"Removed Power","damage_taken":0,"max_hp_gain":0,"max_hp_loss":0,"event_name":"Falling","floor":39,"gold_loss":0},{"damage_healed":0,"gold_gain":0,"player_choice":"Max HP","damage_taken":0,"max_hp_gain":0,"max_hp_loss":4,"event_name":"Winding Halls","floor":40,"gold_loss":0}],"is_beta":false,"boss_relics":[{"not_picked":["Velvet Choker","Runic Dome"],"picked":"SlaversCollar"},{"not_picked":["Snecko Eye","Philosopher\u0027s Stone"],"picked":"Black Star"}],"items_purged_floors":[20],"is_endless":false,"potions_floor_spawned":[1,6,7,12,16,19,22,23,31,36,44,48],"killed_by":"Time Eater","ascension_level":0}}