{"host":"07ljfmttuzqopd7f","time":1607722412,"event":{"mods":["2.2 Compatiblity","BaseMod","Bestiary","Block Reminder","Colored Map","Colored Powertips","Curses Come First","Hermit","Minty Spire (QoL Compilation)","Quick Restart","Random Character Button","Rare Cards Sparkle","Relic Stats","StSLib","The Cursed","UnlockEverythingMod"],"gold_per_floor":[119,137,137,212,228,260,260,33,33,48,48,48,78,90,90,191,191,205,222,122,136,136,136],"floor_reached":22,"playtime":889,"items_purged":["hermit:Defend_Hermit"],"score":245,"play_id":"12fbf7b4-947a-436e-9c13-d286c43cc47b","local_time":"20201211163332","is_ascension_mode":true,"campfire_choices":[{"floor":7,"key":"REST"},{"floor":12,"key":"REST"},{"data":"hermit:Combo","floor":15,"key":"SMITH"}],"circlet_count":0,"master_deck":["hermit:Strike_Hermit","hermit:Strike_Hermit","hermit:Strike_Hermit","hermit:Strike_Hermit","hermit:Defend_Hermit","hermit:Defend_Hermit+1","hermit:Defend_Hermit","hermit:Snapshot+1","hermit:Covet+1","hermit:EternalForm","hermit:CalledShot","hermit:Manifest+1","hermit:Vantage","hermit:Enervate","hermit:NoHoldsBarred","hermit:Determination","hermit:Horror","hermit:Combo+1","hermit:EternalForm","hermit:DeadMansHand","hermit:Glare","hermit:SprayPray"],"relics":["hermit:Momento","StrikeDummy","Pantograph","War Paint","SlaversCollar"],"acts_visited":["Exordium","TheCity"],"potions_floor_usage":[13,21,22],"damage_taken":[{"damage":7,"enemies":"Jaw Worm","floor":1,"turns":3},{"damage":1,"enemies":"2 Louse","floor":2,"turns":3},{"damage":5,"enemies":"Small Slimes","floor":5,"turns":4},{"damage":34,"enemies":"Lagavulin","floor":6,"turns":7},{"damage":0,"enemies":"Blue Slaver","floor":10,"turns":3},{"damage":23,"enemies":"3 Sentries","floor":13,"turns":7},{"damage":0,"enemies":"Looter","floor":14,"turns":2},{"damage":21,"enemies":"The Guardian","floor":16,"turns":9},{"damage":19,"enemies":"Spheric Guardian","floor":18,"turns":4},{"damage":5,"enemies":"Chosen","floor":19,"turns":4},{"damage":35,"enemies":"Snake Plant","floor":21,"turns":4},{"damage":18,"enemies":"Snecko","floor":22,"turns":2}],"seed_played":"-8197205605150963715","potions_obtained":[{"floor":10,"key":"ColorlessPotion"},{"floor":13,"key":"Strength Potion"},{"floor":14,"key":"hermit:Eclipse"},{"floor":16,"key":"PowerPotion"}],"is_trial":false,"path_per_floor":["M","M","?","?","M","E","R","$","T","M","$","R","E","M","R","B",null,"M","M","$","M","M"],"character_chosen":"HERMIT","items_purchased":["hermit:Enervate","hermit:NoHoldsBarred","hermit:Determination","hermit:Glare"],"campfire_rested":2,"item_purchase_floors":[8,8,8,20],"current_hp_per_floor":[68,67,52,41,36,2,24,24,24,24,24,46,23,23,23,27,63,44,39,39,4,0,0],"gold":136,"neow_bonus":"ONE_RANDOM_RARE_CARD","is_daily":false,"chose_seed":false,"campfire_upgraded":1,"win_rate":0.0,"timestamp":1607722412,"path_taken":["M","M","?","?","M","E","R","$","T","M","?","R","E","M","R","BOSS","M","M","$","M","M"],"items_purchased_type":["Card","Card","Card","Card"],"build_version":"2020-11-30","purchased_purges":1,"victory":false,"max_hp_per_floor":[75,75,75,75,75,75,75,75,75,75,75,75,75,75,75,75,75,75,75,75,75,75,75],"relic_stats":{"counters":[12,52],"Pantograph":25,"War Paint":["hermit:Manifest","hermit:Defend_Hermit"],"obtain_stats":[{"SlaversCollar":17,"Pantograph":9,"War Paint":13,"StrikeDummy":6,"hermit:Momento":0},{"SlaversCollar":8,"Pantograph":4,"War Paint":6,"StrikeDummy":4,"hermit:Momento":0},{"SlaversCollar":38,"Pantograph":17,"War Paint":27,"StrikeDummy":17,"hermit:Momento":0}]},"card_choices":[{"not_picked":["hermit:SprayPray","hermit:WideOpen"],"picked":"hermit:CalledShot","floor":1},{"not_picked":["hermit:CalledShot","hermit:WideOpen","hermit:Glare"],"picked":"SKIP","floor":2},{"not_picked":["hermit:Grudge","hermit:WideOpen"],"picked":"hermit:Manifest","floor":5},{"not_picked":["hermit:ItchyTrigger","hermit:Glare"],"picked":"hermit:Vantage","floor":6},{"not_picked":["hermit:Headshot","hermit:CalledShot"],"picked":"hermit:Horror","floor":10},{"not_picked":["hermit:SprayPray","hermit:BodyArmor"],"picked":"hermit:Combo","floor":13},{"not_picked":["hermit:Coalescence","hermit:ShadowCloak","hermit:FullyLoaded"],"picked":"SKIP","floor":14},{"not_picked":["hermit:Dissolve","hermit:DeadOrAlive"],"picked":"hermit:EternalForm","floor":16},{"not_picked":["hermit:Deadeye","hermit:SprayPray"],"picked":"hermit:DeadMansHand","floor":18},{"not_picked":["hermit:Roulette","hermit:HighCaliber","hermit:SprayPray"],"picked":"SKIP","floor":19},{"not_picked":["hermit:Grudge","hermit:Snipe+1"],"picked":"hermit:SprayPray","floor":21}],"player_experience":377109,"relics_obtained":[{"floor":6,"key":"StrikeDummy"},{"floor":9,"key":"Pantograph"},{"floor":13,"key":"War Paint"}],"event_choices":[{"damage_healed":0,"gold_gain":0,"player_choice":"Entered Light","damage_taken":15,"max_hp_gain":0,"max_hp_loss":0,"event_name":"Shining Light","floor":3,"gold_loss":0,"cards_upgraded":["hermit:Covet","hermit:Snapshot"]},{"damage_healed":0,"gold_gain":75,"player_choice":"Gather Gold","damage_taken":11,"max_hp_gain":0,"max_hp_loss":0,"event_name":"World of Goop","floor":4,"gold_loss":0}],"is_beta":false,"boss_relics":[{"not_picked":["Runic Dome","Coffee Dripper"],"picked":"SlaversCollar"}],"items_purged_floors":[20],"is_endless":false,"potions_floor_spawned":[10,13,14,16],"killed_by":"Snecko","ascension_level":5}}