{"host":"p7j7o00jacnw7qzt","time":1607706561,"event":{"mods":["BaseMod","Colored Map","Colored Powertips","DeckTracker","Highlight Path","Minty Spire (QoL Compilation)","Relic Stats"],"gold_per_floor":[110,125,145,145,156,156,184,184,265,297,17,17,48,63,63,136,136,156,156,206,221,238,59,69,69,69,89,89,89],"floor_reached":28,"playtime":1279,"items_purged":["Strike_R","Strike_R"],"score":480,"play_id":"61d0f917-007a-4240-b850-1e3451a70016","local_time":"20201211120921","is_ascension_mode":true,"campfire_choices":[{"data":"Armaments","floor":6.0,"key":"SMITH"},{"data":"Body Slam","floor":8.0,"key":"SMITH"},{"data":"Searing Blow","floor":12.0,"key":"SMITH"},{"data":"Searing Blow+2","floor":15.0,"key":"SMITH"},{"data":"Searing Blow+3","floor":25.0,"key":"SMITH"}],"circlet_count":0,"master_deck":["AscendersBane","Strike_R","Strike_R+1","Defend_R","Defend_R","Defend_R","Defend_R","Bash","Dark Embrace","Armaments+1","Body Slam+1","Shrug It Off","Searing Blow+4"],"relics":["Burning Blood","NeowsBlessing","Pocketwatch","Pantograph","Centennial Puzzle","Potion Belt","Whetstone","Black Star","Enchiridion","Ice Cream"],"acts_visited":["Exordium","TheCity"],"potions_floor_usage":[28],"damage_taken":[{"damage":0.0,"enemies":"Cultist","floor":1.0,"turns":1.0},{"damage":0.0,"enemies":"Jaw Worm","floor":2.0,"turns":1.0},{"damage":0.0,"enemies":"2 Louse","floor":3.0,"turns":1.0},{"damage":18.0,"enemies":"Red Slaver","floor":5.0,"turns":7.0},{"damage":24.0,"enemies":"Gremlin Nob","floor":7.0,"turns":4.0},{"damage":4.0,"enemies":"Lagavulin","floor":10.0,"turns":7.0},{"damage":17.0,"enemies":"3 Sentries","floor":13.0,"turns":8.0},{"damage":4.0,"enemies":"2 Fungi Beasts","floor":14.0,"turns":3.0},{"damage":39.0,"enemies":"Hexaghost","floor":16.0,"turns":9.0},{"damage":6.0,"enemies":"Spheric Guardian","floor":18.0,"turns":3.0},{"damage":5.0,"enemies":"2 Thieves","floor":21.0,"turns":4.0},{"damage":9.0,"enemies":"Centurion and Healer","floor":22.0,"turns":4.0},{"damage":21.0,"enemies":"Chosen and Byrds","floor":24.0,"turns":6.0},{"damage":20,"enemies":"Cultist and Chosen","floor":27,"turns":5},{"damage":31,"enemies":"Book of Stabbing","floor":28,"turns":4}],"seed_played":"-2857743622998481466","potions_obtained":[{"floor":5.0,"key":"Block Potion"},{"floor":7.0,"key":"Fire Potion"},{"floor":13.0,"key":"AttackPotion"},{"floor":16.0,"key":"EssenceOfSteel"},{"floor":18.0,"key":"Energy Potion"}],"is_trial":false,"path_per_floor":["M","M","M","?","M","R","E","R","T","E","$","R","E","M","R","B",null,"M","?","?","M","M","$","M","R","T","M","E"],"character_chosen":"IRONCLAD","items_purchased":["Potion Belt","Searing Blow","Regen Potion"],"campfire_rested":0,"item_purchase_floors":[11,11,23],"current_hp_per_floor":[74,75,75,75,63,63,45,45,45,47,47,47,36,38,38,30,64,64,43,43,44,41,41,41,41,41,27,0,0],"gold":89,"neow_bonus":"THREE_ENEMY_KILL","is_daily":false,"chose_seed":false,"campfire_upgraded":5,"win_rate":0.0,"timestamp":1607706561,"path_taken":["M","?","?","?","M","R","E","R","T","E","$","R","E","?","R","BOSS","M","?","?","M","M","$","M","R","T","?","E"],"items_purchased_type":["Relic","Card","Potion"],"build_version":"2020-11-30","purchased_purges":2,"victory":false,"max_hp_per_floor":[75,75,75,75,75,75,75,75,75,75,75,75,75,75,75,75,75,75,75,75,75,75,75,75,75,75,75,75,75],"relic_stats":{"Centennial Puzzle":[27],"counters":[15,67],"Pantograph":25,"Black Star":0,"Whetstone":["Searing Blow","Strike_R"],"obtain_stats":[{"Potion Belt":11,"Ice Cream":26,"Centennial Puzzle":10,"NeowsBlessing":0,"Pantograph":9,"Enchiridion":19,"Black Star":17,"Whetstone":13,"Burning Blood":0,"Pocketwatch":7},{"Potion Belt":6,"Ice Cream":13,"Centennial Puzzle":6,"NeowsBlessing":0,"Pantograph":5,"Enchiridion":10,"Black Star":9,"Whetstone":7,"Burning Blood":0,"Pocketwatch":5},{"Potion Belt":21,"Ice Cream":58,"Centennial Puzzle":21,"NeowsBlessing":0,"Pantograph":14,"Enchiridion":44,"Black Star":41,"Whetstone":29,"Burning Blood":0,"Pocketwatch":14}],"Burning Blood":73,"Pocketwatch":[84]},"card_choices":[{"not_picked":["Iron Wave","Cleave"],"picked":"Dark Embrace","floor":1.0},{"not_picked":["Cleave","Clothesline"],"picked":"Armaments","floor":2.0},{"not_picked":["Whirlwind","Combust"],"picked":"Body Slam","floor":3.0},{"not_picked":["Berserk","Dropkick","Sword Boomerang"],"picked":"SKIP","floor":5.0},{"not_picked":["Reckless Charge","Inflame"],"picked":"Shrug It Off","floor":7.0},{"not_picked":["Rampage","Clothesline","Anger"],"picked":"SKIP","floor":10.0},{"not_picked":["Entrench","Spot Weakness","Iron Wave"],"picked":"SKIP","floor":13.0},{"not_picked":["Iron Wave","Heavy Blade","Wild Strike"],"picked":"SKIP","floor":14.0},{"not_picked":["Cleave","Carnage","Wild Strike"],"picked":"SKIP","floor":18.0},{"not_picked":["Havoc","Wild Strike","Sentinel+1"],"picked":"SKIP","floor":21.0},{"not_picked":["Warcry","Perfected Strike","Clash"],"picked":"SKIP","floor":22.0},{"not_picked":["Havoc","Carnage","Heavy Blade"],"picked":"SKIP","floor":24.0},{"not_picked":["Sword Boomerang+1","Wild Strike","Berserk"],"picked":"SKIP","floor":27},{"not_picked":["Sword Boomerang+1","Wild Strike","Berserk"],"picked":"SKIP","floor":27}],"player_experience":770697,"relics_obtained":[{"floor":7.0,"key":"Pocketwatch"},{"floor":9.0,"key":"Pantograph"},{"floor":10.0,"key":"Centennial Puzzle"},{"floor":13.0,"key":"Whetstone"},{"floor":19.0,"key":"Enchiridion"},{"floor":26,"key":"Ice Cream"}],"event_choices":[{"cards_removed":["Strike_R"],"damage_healed":0.0,"max_hp_gain":0.0,"max_hp_loss":0.0,"gold_gain":0.0,"event_name":"Purifier","player_choice":"Purged","floor":4.0,"gold_loss":0.0,"damage_taken":0.0},{"damage_healed":0.0,"max_hp_gain":0.0,"max_hp_loss":0.0,"gold_gain":0.0,"event_name":"Cursed Tome","player_choice":"Obtained Book","floor":19.0,"gold_loss":0.0,"damage_taken":21.0},{"damage_healed":0.0,"max_hp_gain":0.0,"max_hp_loss":0.0,"gold_gain":100.0,"event_name":"The Joust","player_choice":"Bet on Murderer","floor":20.0,"gold_loss":50.0,"damage_taken":0.0}],"is_beta":false,"boss_relics":[{"not_picked":["Fusion Hammer","Snecko Eye"],"picked":"Black Star"}],"items_purged_floors":[11,23],"is_endless":false,"potions_floor_spawned":[5,7,13,16,18],"killed_by":"Book of Stabbing","ascension_level":20}}