{"host":"3a1sbpq1iuwiesnh","time":1607678495,"event":{"mods":["AchievementEnabler","BaseMod","Colored Map","Colored Powertips","KOR Keyword Fix","Minty Spire (QoL Compilation)","Rare Cards Sparkle","Relic Stats","SuperFastMode","everything is the same but u backflip on backflip"],"gold_per_floor":[115,127,52,127,139,139,139,149,149,23,23,23,46,64,64,64,64],"floor_reached":16,"playtime":477,"items_purged":["Defend_G","Defend_G"],"score":180,"play_id":"eab968b5-b135-46b5-9203-65e8d5c6ff1f","local_time":"20201211182135","is_ascension_mode":true,"campfire_choices":[{"data":"Dagger Spray","floor":6,"key":"SMITH"},{"data":"Tactician","floor":11,"key":"SMITH"},{"floor":15,"key":"REST"}],"circlet_count":0,"master_deck":["AscendersBane","Strike_G","Strike_G","Strike_G","Defend_G","Defend_G","Survivor","Neutralize","Acrobatics","Backflip","Dagger Spray+1","Tactician+1","Dagger Throw","Crippling Poison+1","Calculated Gamble+1"],"relics":["Ring of the Snake","Toxic Egg 2","Odd Mushroom"],"acts_visited":["Exordium"],"potions_floor_usage":[13,16],"damage_taken":[{"damage":4.0,"enemies":"Cultist","floor":1.0,"turns":5.0},{"damage":0.0,"enemies":"Jaw Worm","floor":2.0,"turns":7.0},{"damage":4,"enemies":"2 Louse","floor":5,"turns":3},{"damage":3,"enemies":"Looter","floor":8,"turns":3},{"damage":7,"enemies":"The Mushroom Lair","floor":13,"turns":3},{"damage":0,"enemies":"Exordium Wildlife","floor":14,"turns":2},{"damage":45,"enemies":"Slime Boss","floor":16,"turns":11}],"seed_played":"3143070692412388980","potions_obtained":[{"floor":2.0,"key":"GamblersBrew"},{"floor":13,"key":"BlessingOfTheForge"}],"is_trial":false,"path_per_floor":["M","M","$","?","M","R","?","M","T","$","R","?","?","M","R","B"],"character_chosen":"THE_SILENT","items_purchased":["Dagger Throw"],"campfire_rested":1,"item_purchase_floors":[10],"current_hp_per_floor":[55,55,55,44,40,40,40,37,37,37,37,30,23,23,41,0,0],"gold":64,"neow_bonus":"REMOVE_TWO","is_daily":false,"chose_seed":false,"campfire_upgraded":2,"win_rate":0.0,"timestamp":1607678495,"path_taken":["M","M","$","?","M","R","?","M","T","$","R","?","?","M","R","BOSS"],"items_purchased_type":["Card"],"build_version":"2020-11-30","purchased_purges":2,"victory":false,"max_hp_per_floor":[60,60,60,60,60,60,60,60,60,60,60,60,60,60,60,60,60],"relic_stats":{"counters":[7,34],"obtain_stats":[{"Toxic Egg 2":9,"Odd Mushroom":13,"Ring of the Snake":0},{"Toxic Egg 2":4,"Odd Mushroom":5,"Ring of the Snake":0},{"Toxic Egg 2":18,"Odd Mushroom":21,"Ring of the Snake":0}],"Ring of the Snake":[14]},"card_choices":[{"not_picked":["Prepared","Quick Slash"],"picked":"Acrobatics","floor":1.0},{"not_picked":["Acrobatics","Quick Slash"],"picked":"Backflip","floor":2.0},{"not_picked":["Blade Dance","Prepared"],"picked":"Dagger Spray","floor":5},{"not_picked":["Acrobatics","Slice"],"picked":"Tactician","floor":8},{"not_picked":["Caltrops","Skewer"],"picked":"Crippling Poison+1","floor":13},{"not_picked":["PiercingWail+1","Flying Knee"],"picked":"Calculated Gamble+1","floor":14}],"player_experience":543318,"relics_obtained":[{"floor":9,"key":"Toxic Egg 2"},{"floor":13,"key":"Odd Mushroom"}],"event_choices":[{"damage_healed":0,"gold_gain":75,"player_choice":"Gather Gold","damage_taken":11,"max_hp_gain":0,"max_hp_loss":0,"event_name":"World of Goop","floor":4,"gold_loss":0},{"damage_healed":0,"gold_gain":0,"player_choice":"Ignored","damage_taken":0,"max_hp_gain":0,"max_hp_loss":0,"event_name":"Shining Light","floor":7,"gold_loss":0},{"cards_removed":["Strike_G"],"damage_healed":0,"gold_gain":0,"player_choice":"Card Removal","damage_taken":7,"max_hp_gain":0,"max_hp_loss":0,"event_name":"Golden Wing","floor":12,"gold_loss":0},{"damage_healed":0,"gold_gain":0,"player_choice":"Fought Mushrooms","damage_taken":0,"max_hp_gain":0,"max_hp_loss":0,"event_name":"Mushrooms","floor":13,"gold_loss":0}],"is_beta":false,"boss_relics":[],"items_purged_floors":[3,10],"is_endless":false,"potions_floor_spawned":[2,13],"killed_by":"Slime Boss","ascension_level":20}}