{"host":"vhkb6vx6yafo1fpa","time":1607665647,"event":{"mods":["BaseMod","Colored Map","Custom Start","Minty Spire (QoL Compilation)","Quick Restart","StSLib","SuperFastMode"],"gold_per_floor":[115,126,138,150,163,163,19,50,75,75,75,90,90,109,109,186,186,203,203,103,103,117,117,142,153,153,153,153,182,198,73,73,147,147,161,177,177,30,40,40,66,66,66,66,66,100,121,121,121,121],"floor_reached":51,"playtime":1522,"items_purged":["Strike_B","Defend_B","Strike_B"],"score":1417,"play_id":"852084ce-e777-4942-aba6-359fdc8d1ab5","local_time":"20201211144727","is_ascension_mode":true,"campfire_choices":[{"data":"Zap","floor":6.0,"key":"SMITH"},{"floor":11.0,"key":"REST"},{"data":"Loop","floor":13.0,"key":"SMITH"},{"data":"Reinforced Body","floor":15.0,"key":"SMITH"},{"data":"Glacier","floor":23.0,"key":"SMITH"},{"data":"Coolheaded","floor":27.0,"key":"SMITH"},{"data":"Double Energy","floor":32.0,"key":"SMITH"},{"data":"Biased Cognition","floor":40.0,"key":"SMITH"},{"data":"Skim","floor":42.0,"key":"SMITH"},{"data":"Lockon","floor":44.0,"key":"SMITH"},{"data":"Dualcast","floor":49.0,"key":"SMITH"}],"circlet_count":0,"master_deck":["AscendersBane","Strike_B","Defend_B","Zap+1","Dualcast+1","Reinforced Body+1","Barrage","Loop+1","Lockon+1","Cold Snap","Doom and Gloom","Glacier+1","Electrodynamics","Skim+1","Coolheaded+1","Echo Form","Double Energy+1","Biased Cognition+1","Defragment+1"],"relics":["Cracked Core","Potion Belt","Centennial Puzzle","Anchor","Nuclear Battery","Art of War","Bag of Preparation","Oddly Smooth Stone","Cables","Blood Vial","Runic Pyramid","ClockworkSouvenir","CeramicFish","Molten Egg 2","Letter Opener"],"acts_visited":["Exordium","TheCity","TheBeyond"],"potions_floor_usage":[50,50],"damage_taken":[{"damage":0.0,"enemies":"Cultist","floor":1.0,"turns":3.0},{"damage":0.0,"enemies":"Small Slimes","floor":2.0,"turns":3.0},{"damage":0.0,"enemies":"2 Louse","floor":3.0,"turns":2.0},{"damage":12.0,"enemies":"Gremlin Gang","floor":4.0,"turns":4.0},{"damage":4.0,"enemies":"Looter","floor":5.0,"turns":3.0},{"damage":11.0,"enemies":"Lagavulin","floor":8.0,"turns":7.0},{"damage":0.0,"enemies":"3 Louse","floor":12.0,"turns":2.0},{"damage":11.0,"enemies":"Lots of Slimes","floor":14.0,"turns":4.0},{"damage":14.0,"enemies":"Hexaghost","floor":16.0,"turns":11.0},{"damage":3.0,"enemies":"Shell Parasite","floor":18.0,"turns":6.0},{"damage":6.0,"enemies":"Spheric Guardian","floor":22.0,"turns":3.0},{"damage":7.0,"enemies":"Book of Stabbing","floor":24.0,"turns":5.0},{"damage":1.0,"enemies":"Snake Plant","floor":25.0,"turns":5.0},{"damage":2.0,"enemies":"Slavers","floor":29.0,"turns":3.0},{"damage":3.0,"enemies":"Centurion and Healer","floor":30.0,"turns":3.0},{"damage":13.0,"enemies":"Champ","floor":33.0,"turns":11.0},{"damage":0.0,"enemies":"Orb Walker","floor":35.0,"turns":2.0},{"damage":0.0,"enemies":"3 Darklings","floor":36.0,"turns":2.0},{"damage":8.0,"enemies":"Maw","floor":39.0,"turns":4.0},{"damage":0.0,"enemies":"Giant Head","floor":41.0,"turns":5.0},{"damage":6.0,"enemies":"Reptomancer","floor":46.0,"turns":5.0},{"damage":0.0,"enemies":"Jaw Worm Horde","floor":47.0,"turns":2.0},{"damage":15,"enemies":"Awakened One","floor":50,"turns":6}],"seed_played":"7466246553562073082","potions_obtained":[{"floor":1.0,"key":"DuplicationPotion"},{"floor":2.0,"key":"LiquidMemories"},{"floor":14.0,"key":"Energy Potion"},{"floor":18.0,"key":"CultistPotion"},{"floor":33.0,"key":"FearPotion"},{"floor":35.0,"key":"Explosive Potion"},{"floor":36.0,"key":"GamblersBrew"},{"floor":39.0,"key":"LiquidBronze"},{"floor":45.0,"key":"FocusPotion"},{"floor":45.0,"key":"ColorlessPotion"}],"is_trial":false,"path_per_floor":["M","M","M","M","M","R","$","E","T","T","R","M","R","M","R","B",null,"M","T","$","?","M","R","E","M","T","R","?","E","M","$","R","B",null,"M","M","?","$","M","R","E","R","T","R","?","E","M","?","R","B",null],"character_chosen":"DEFECT","items_purchased":["Glacier","ClockworkSouvenir"],"campfire_rested":1,"item_purchase_floors":[7,38],"current_hp_per_floor":[46,46,46,34,30,30,30,19,19,19,40,40,40,29,29,15,57,54,54,54,54,48,48,41,40,40,40,40,38,37,37,37,26,60,62,64,64,64,58,58,60,60,60,60,60,56,58,58,58,45],"gold":121,"neow_bonus":"TRANSFORM_TWO_CARDS","is_daily":false,"chose_seed":false,"campfire_upgraded":10,"win_rate":0.0,"timestamp":1607665647,"path_taken":["M","M","?","M","M","R","$","E","T","?","R","M","R","M","R","BOSS","M","?","?","?","M","R","E","M","T","R","?","E","M","?","R","BOSS","M","?","?","$","M","R","E","R","T","R","?","E","?","?","R","BOSS"],"items_purchased_type":["Card","Relic"],"build_version":"2020-11-30","purchased_purges":3,"victory":true,"max_hp_per_floor":[71,71,71,71,71,71,71,71,71,71,71,71,71,71,71,71,71,71,71,71,71,71,71,71,71,71,71,71,71,71,71,71,71,71,71,71,71,71,71,71,71,71,71,71,71,71,71,71,71,71],"card_choices":[{"not_picked":["Hologram","Gash"],"picked":"Loop","floor":1.0},{"not_picked":["Chill","Loop"],"picked":"Lockon","floor":2.0},{"not_picked":["Go for the Eyes","Recycle"],"picked":"Cold Snap","floor":3.0},{"not_picked":["Barrage","Hologram"],"picked":"Doom and Gloom","floor":4.0},{"not_picked":["Compile Driver","Sweeping Beam","Turbo"],"picked":"SKIP","floor":5.0},{"not_picked":["Coolheaded","Steam Power","Turbo"],"picked":"SKIP","floor":8.0},{"not_picked":["Tempest","Chaos"],"picked":"Electrodynamics","floor":12.0},{"not_picked":["Undo","Sweeping Beam","White Noise"],"picked":"SKIP","floor":14.0},{"not_picked":["Barrage","White Noise","Hello World"],"picked":"SKIP","floor":18.0},{"not_picked":["Undo","Barrage"],"picked":"Skim","floor":22.0},{"not_picked":["Chaos","Streamline","Multi-Cast"],"picked":"SKIP","floor":24.0},{"not_picked":["Cold Snap","Ball Lightning"],"picked":"Coolheaded","floor":25.0},{"not_picked":["Sweeping Beam","Darkness"],"picked":"Echo Form","floor":29.0},{"not_picked":["Double Energy","Conserve Battery","Force Field"],"picked":"SKIP","floor":30.0},{"not_picked":["Conserve Battery","Force Field"],"picked":"Double Energy","floor":30.0},{"not_picked":["Hyperbeam","Creative AI"],"picked":"Biased Cognition","floor":33.0},{"not_picked":["Genetic Algorithm+1","Aggregate","Conserve Battery+1"],"picked":"SKIP","floor":35.0},{"not_picked":["Steam+1","Beam Cell","Loop+1"],"picked":"SKIP","floor":36.0},{"not_picked":["Ball Lightning","Conserve Battery","Doom and Gloom+1"],"picked":"SKIP","floor":39.0},{"not_picked":["Beam Cell","Scrape","Ball Lightning"],"picked":"SKIP","floor":41.0},{"not_picked":["Force Field","Beam Cell+1","Leap+1"],"picked":"SKIP","floor":46.0},{"not_picked":["Force Field","Beam Cell+1","Leap+1"],"picked":"SKIP","floor":46.0},{"not_picked":["Leap","Static Discharge"],"picked":"Defragment+1","floor":47.0}],"player_experience":322424,"relics_obtained":[{"floor":8.0,"key":"Potion Belt"},{"floor":9.0,"key":"Centennial Puzzle"},{"floor":10.0,"key":"Anchor"},{"floor":19.0,"key":"Art of War"},{"floor":24.0,"key":"Oddly Smooth Stone"},{"floor":26.0,"key":"Cables"},{"floor":29.0,"key":"Blood Vial"},{"floor":41.0,"key":"CeramicFish"},{"floor":43.0,"key":"Molten Egg 2"},{"floor":46.0,"key":"Letter Opener"}],"event_choices":[{"damage_healed":0.0,"max_hp_gain":0.0,"max_hp_loss":0.0,"gold_gain":0.0,"event_name":"The Mausoleum","player_choice":"Opened","floor":21.0,"gold_loss":0.0,"damage_taken":0.0,"relics_obtained":["Bag of Preparation"]},{"damage_healed":0.0,"max_hp_gain":0.0,"max_hp_loss":0.0,"gold_gain":0.0,"event_name":"Cursed Tome","player_choice":"Ignored","floor":28.0,"gold_loss":0.0,"damage_taken":0.0},{"damage_healed":0.0,"max_hp_gain":0.0,"max_hp_loss":0.0,"gold_gain":0.0,"event_name":"Mysterious Sphere","player_choice":"Ignored","floor":37.0,"gold_loss":0.0,"damage_taken":0.0},{"damage_healed":0.0,"max_hp_gain":0.0,"max_hp_loss":0.0,"gold_gain":0.0,"event_name":"Lab","player_choice":"Got Potions","floor":45.0,"gold_loss":0.0,"damage_taken":0.0},{"cards_removed":["Defend_B"],"damage_healed":0.0,"max_hp_gain":0.0,"max_hp_loss":0.0,"gold_gain":0.0,"event_name":"Falling","player_choice":"Removed Skill","floor":48.0,"gold_loss":0.0,"damage_taken":0.0}],"is_beta":false,"boss_relics":[{"not_picked":["Sozu","Black Star"],"picked":"Nuclear Battery"},{"not_picked":["Cursed Key","SlaversCollar"],"picked":"Runic Pyramid"}],"items_purged_floors":[7,20,31],"is_endless":false,"potions_floor_spawned":[1,2,14,18,22,33,35,36,39],"ascension_level":14}}