{"host":"m6aaltr68g9tvoay","time":1607656581,"event":{"mods":["AchievementEnabler","BaseMod","Colored Map","Minty Spire (QoL Compilation)","StSLib"],"gold_per_floor":[112,112,112,188,201,201,233,233,257,273,325,349,349,97,97,170,170,190,190,190,200,200,200],"floor_reached":22,"playtime":914,"items_purged":["Strike_G"],"score":351,"play_id":"ac6a9c97-cdaf-4a2c-8cd1-18ccf423a3fc","local_time":"20201210191621","is_ascension_mode":true,"campfire_choices":[{"floor":6,"key":"REST"},{"floor":8,"key":"REST"},{"data":"Dash","floor":13,"key":"SMITH"},{"data":"Dagger Spray","floor":15,"key":"SMITH"}],"circlet_count":0,"master_deck":["AscendersBane","Survivor","Neutralize","Backstab+1","Dagger Spray+1","Dash+1","Flying Knee","Dramatic Entrance","Envenom+1","Caltrops","Outmaneuver","Bouncing Flask","Outmaneuver","Heel Hook","Prepared","Backflip","Unload","Choke","Crippling Poison","Writhe","PiercingWail"],"relics":["Ring of the Snake","Art of War","Pantograph","Mummified Hand","Whetstone","Bag of Preparation","Nunchaku","Membership Card","Pandora\u0027s Box","Orichalcum"],"acts_visited":["Exordium","TheCity"],"potions_floor_usage":[16,18,22],"damage_taken":[{"damage":4,"enemies":"Small Slimes","floor":1,"turns":4},{"damage":2,"enemies":"Jaw Worm","floor":5,"turns":4},{"damage":11,"enemies":"3 Sentries","floor":7,"turns":8},{"damage":0,"enemies":"2 Louse","floor":10,"turns":2},{"damage":46,"enemies":"Slime Boss","floor":16,"turns":16},{"damage":31,"enemies":"Shell Parasite","floor":18,"turns":4},{"damage":19,"enemies":"2 Thieves","floor":21,"turns":3},{"damage":8,"enemies":"Centurion and Healer","floor":22,"turns":1}],"seed_played":"1661176143709479053","potions_obtained":[{"floor":1,"key":"GhostInAJar"},{"floor":5,"key":"LiquidBronze"},{"floor":16,"key":"ColorlessPotion"},{"floor":21,"key":"CunningPotion"}],"is_trial":false,"path_per_floor":["M","?","?","T","M","R","E","R","T","M","?","T","R","$","R","B",null,"M","?","?","M","M"],"character_chosen":"THE_SILENT","items_purchased":["Membership Card","Dramatic Entrance"],"campfire_rested":2,"item_purchase_floors":[14,14],"current_hp_per_floor":[55,35,30,30,28,47,36,55,55,55,55,55,55,55,55,20,55,24,24,24,5,0,0],"gold":200,"neow_bonus":"RANDOM_COMMON_RELIC","is_daily":false,"chose_seed":false,"campfire_upgraded":2,"win_rate":0.0,"timestamp":1607656581,"path_taken":["M","?","?","?","M","R","E","R","T","M","?","?","R","?","R","BOSS","M","?","?","M","?"],"items_purchased_type":["Relic","Card"],"build_version":"2020-11-30","purchased_purges":1,"victory":false,"max_hp_per_floor":[66,66,66,66,66,66,66,66,66,66,66,66,66,66,66,66,66,66,66,66,66,66,66],"card_choices":[{"not_picked":["Riddle With Holes","Poisoned Stab"],"picked":"Backstab","floor":1},{"not_picked":["Masterful Stab","Poisoned Stab"],"picked":"Dagger Spray","floor":5},{"not_picked":["Malaise","Choke"],"picked":"Dash","floor":7},{"not_picked":["Dodge and Roll","Blade Dance"],"picked":"Flying Knee","floor":10},{"not_picked":["Storm of Steel","Night Terror"],"picked":"Envenom","floor":16},{"not_picked":["Deflect","Deadly Poison"],"picked":"Crippling Poison","floor":18},{"not_picked":["Calculated Gamble","Predator"],"picked":"PiercingWail","floor":21}],"player_experience":1217410,"relics_obtained":[{"floor":4,"key":"Mummified Hand"},{"floor":7,"key":"Whetstone"},{"floor":9,"key":"Bag of Preparation"},{"floor":12,"key":"Nunchaku"}],"event_choices":[{"damage_healed":0,"gold_gain":0,"player_choice":"Entered Light","damage_taken":20,"max_hp_gain":0,"max_hp_loss":0,"event_name":"Shining Light","floor":2,"gold_loss":0,"cards_upgraded":["Defend_G","Strike_G"]},{"damage_healed":0,"gold_gain":0,"player_choice":"Success","damage_taken":5,"relics_obtained":["Pantograph"],"max_hp_gain":0,"max_hp_loss":0,"event_name":"Scrap Ooze","floor":3,"gold_loss":0},{"damage_healed":0,"gold_gain":52,"player_choice":"Gained Gold","damage_taken":0,"max_hp_gain":0,"max_hp_loss":0,"event_name":"Golden Wing","floor":11,"gold_loss":0},{"damage_healed":0,"gold_gain":0,"player_choice":"Opened","damage_taken":0,"relics_obtained":["Orichalcum"],"max_hp_gain":0,"max_hp_loss":0,"event_name":"The Mausoleum","floor":19,"gold_loss":0,"cards_obtained":["Writhe"]},{"damage_healed":0,"gold_gain":0,"player_choice":"Upgraded","damage_taken":0,"max_hp_gain":0,"max_hp_loss":0,"event_name":"Upgrade Shrine","floor":20,"gold_loss":0,"cards_upgraded":["Envenom"]}],"is_beta":false,"boss_relics":[{"not_picked":["Runic Pyramid","Coffee Dripper"],"picked":"Pandora\u0027s Box"}],"items_purged_floors":[14],"is_endless":false,"potions_floor_spawned":[1,5,7,16,21],"killed_by":"Centurion and Healer","ascension_level":19}}