{"host":"wwm0n4cn14lqtm8g","time":1607659375,"event":{"mods":["AchievementEnabler","BaseMod","Colored Map","DeckTracker","Minty Spire (QoL Compilation)","Rare Cards Sparkle","Relic Stats","StSLib","Waifu the Spire","everything is the same but u backflip on backflip"],"gold_per_floor":[116,41,41,41,60,94,94,124,151,226,242,242,276,34,34,107,107,107,107],"floor_reached":18,"playtime":490,"items_purged":["Strike_G"],"score":382,"play_id":"9f0caeca-d87d-4ebe-8a76-94fa38e968c6","local_time":"20201211130255","is_ascension_mode":true,"campfire_choices":[{"data":"Noxious Fumes","floor":7.0,"key":"SMITH"},{"data":"Adrenaline","floor":12.0,"key":"SMITH"},{"floor":15,"key":"RECALL"}],"circlet_count":0,"master_deck":["AscendersBane","Strike_G","Strike_G","Strike_G","Strike_G","Defend_G","Defend_G","Defend_G","Defend_G","Survivor","Neutralize+1","Leg Sweep","Noxious Fumes+1","Terror","Calculated Gamble","Adrenaline+1","PiercingWail","Burst"],"relics":["Ring of the Snake","NeowsBlessing","Oddly Smooth Stone","The Specimen","Odd Mushroom","Bag of Marbles","Happy Flower","Black Star"],"acts_visited":["Exordium","TheCity"],"potions_floor_usage":[13,16],"damage_taken":[{"damage":0.0,"enemies":"Small Slimes","floor":1.0,"turns":1.0},{"damage":0.0,"enemies":"2 Louse","floor":5.0,"turns":1.0},{"damage":0.0,"enemies":"3 Sentries","floor":6.0,"turns":1.0},{"damage":19.0,"enemies":"The Mushroom Lair","floor":8.0,"turns":6.0},{"damage":0.0,"enemies":"Cultist","floor":11.0,"turns":3.0},{"damage":5,"enemies":"Lagavulin","floor":13,"turns":7},{"damage":10,"enemies":"Hexaghost","floor":16,"turns":11},{"damage":0,"enemies":"Chosen","floor":18,"turns":3}],"seed_played":"-4250000405826091946","potions_obtained":[{"floor":6.0,"key":"Strength Potion"},{"floor":11.0,"key":"BlessingOfTheForge"},{"floor":16,"key":"Regen Potion"}],"is_trial":false,"path_per_floor":["M","?","?","?","M","E","R","?","T","?","M","R","E","$","R","B",null,"M"],"character_chosen":"THE_SILENT","items_purchased":["Happy Flower"],"campfire_rested":0,"item_purchase_floors":[14],"current_hp_per_floor":[59,59,48,48,48,48,48,29,29,18,18,18,13,13,13,3,50,50,50],"gold":107,"neow_bonus":"THREE_ENEMY_KILL","is_daily":false,"chose_seed":false,"campfire_upgraded":2,"win_rate":0.0,"timestamp":1607659375,"path_taken":["M","?","?","?","?","E","R","?","T","?","M","R","E","?","R","BOSS","M"],"items_purchased_type":["Relic"],"build_version":"2020-11-30","purchased_purges":1,"victory":false,"max_hp_per_floor":[66,66,66,66,66,66,66,66,66,66,66,66,66,66,66,66,66,66,66],"relic_stats":{"Happy Flower":[4],"counters":[8,33],"Black Star":0,"obtain_stats":[{"NeowsBlessing":0,"The Specimen":6,"Happy Flower":14,"Oddly Smooth Stone":3,"Bag of Marbles":13,"Black Star":17,"Odd Mushroom":8,"Ring of the Snake":0},{"NeowsBlessing":0,"The Specimen":3,"Happy Flower":6,"Oddly Smooth Stone":1,"Bag of Marbles":6,"Black Star":7,"Odd Mushroom":4,"Ring of the Snake":0},{"NeowsBlessing":0,"The Specimen":3,"Happy Flower":19,"Oddly Smooth Stone":1,"Bag of Marbles":19,"Black Star":30,"Odd Mushroom":9,"Ring of the Snake":0}],"Ring of the Snake":[16]},"card_choices":[{"not_picked":["Deflect","Sucker Punch"],"picked":"Leg Sweep","floor":1.0},{"not_picked":["Flying Knee","Quick Slash"],"picked":"Noxious Fumes","floor":5.0},{"not_picked":["Dodge and Roll","Heel Hook"],"picked":"Terror","floor":6.0},{"not_picked":["Riddle With Holes","Poisoned Stab"],"picked":"Calculated Gamble","floor":8.0},{"not_picked":["Cloak And Dagger","PiercingWail"],"picked":"Adrenaline","floor":11.0},{"not_picked":["Sucker Punch","Cloak And Dagger"],"picked":"PiercingWail","floor":13},{"not_picked":["Night Terror","Grand Finale"],"picked":"Burst","floor":16}],"player_experience":1203108,"relics_obtained":[{"floor":6.0,"key":"The Specimen"},{"floor":8.0,"key":"Odd Mushroom"},{"floor":13,"key":"Bag of Marbles"}],"event_choices":[{"cards_removed":["Defend_G"],"damage_healed":0.0,"max_hp_gain":0.0,"max_hp_loss":0.0,"gold_gain":0.0,"event_name":"The Cleric","player_choice":"Card Removal","floor":2.0,"gold_loss":75.0,"damage_taken":0.0},{"damage_healed":0.0,"max_hp_gain":0.0,"max_hp_loss":0.0,"gold_gain":0.0,"event_name":"Scrap Ooze","player_choice":"Success","floor":3.0,"gold_loss":0.0,"damage_taken":11.0,"relics_obtained":["Oddly Smooth Stone"]},{"damage_healed":0.0,"max_hp_gain":0.0,"max_hp_loss":0.0,"gold_gain":0.0,"event_name":"Accursed Blacksmith","player_choice":"Forge","floor":4.0,"gold_loss":0.0,"damage_taken":0.0,"cards_upgraded":["Neutralize"]},{"damage_healed":0.0,"max_hp_gain":0.0,"max_hp_loss":0.0,"gold_gain":0.0,"event_name":"Mushrooms","player_choice":"Fought Mushrooms","floor":8.0,"gold_loss":0.0,"damage_taken":0.0},{"damage_healed":0.0,"max_hp_gain":0.0,"max_hp_loss":0.0,"gold_gain":75.0,"event_name":"World of Goop","player_choice":"Gather Gold","floor":10.0,"gold_loss":0.0,"damage_taken":11.0}],"is_beta":false,"boss_relics":[{"not_picked":["WristBlade","Snecko Eye"],"picked":"Black Star"}],"items_purged_floors":[14],"is_endless":false,"potions_floor_spawned":[6,11,16],"killed_by":"Chosen","ascension_level":20}}