{"host":"2pgz2fctomabfk86","time":1607673052,"event":{"mods":["AchievementEnabler","BaseMod","Colored Map","DeckTracker","Minty Spire (QoL Compilation)","StSLib","SuperFastMode"],"gold_per_floor":[112,112,132,144,54,89,104,104,157,157,82,45,67,67,67,145,145,157,169,219,233,48,48,48,48,71,71,51,51,68,80,80,159,159,179,179,204,116,116,116,116,116,116,132,132,132,147,22,22,22],"floor_reached":51,"playtime":2618,"items_purged":["Strike_B","Strike_B","Defend_B"],"score":1210,"play_id":"3d8c2b7d-f256-488a-921b-99b09c1a001c","local_time":"20201211165052","is_ascension_mode":true,"campfire_choices":[{"data":"Self Repair","floor":8.0,"key":"SMITH"},{"data":"Coolheaded","floor":10.0,"key":"SMITH"},{"data":"Fusion","floor":15.0,"key":"SMITH"},{"data":"Creative AI","floor":23.0,"key":"SMITH"},{"data":"Capacitor","floor":25.0,"key":"SMITH"},{"data":"Storm","floor":27.0,"key":"SMITH"},{"data":"Skim","floor":29.0,"key":"SMITH"},{"data":"Force Field","floor":32.0,"key":"SMITH"},{"data":"Heatsinks","floor":40.0,"key":"SMITH"},{"data":"Purity","floor":42.0,"key":"SMITH"},{"data":"Panacea","floor":45.0,"key":"SMITH"},{"floor":49,"key":"REST"}],"circlet_count":0,"master_deck":["AscendersBane","Defend_B","Defend_B","Defend_B","Zap","Dualcast","Rebound+1","Compile Driver+1","Coolheaded+1","Fusion+1","Electrodynamics","Self Repair+1","Skim+1","Creative AI+1","Conserve Battery","Hologram","Capacitor+1","Storm+1","Leap","Force Field+1","Seek","Recycle","Heatsinks+1","Panacea+1","Finesse","Purity+1"],"relics":["Nuclear Battery","Meat on the Bone","Whetstone","Akabeko","Odd Mushroom","Sozu","Happy Flower","SlaversCollar","Strawberry","Girya","Mummified Hand"],"acts_visited":["Exordium","TheCity","TheBeyond"],"potions_floor_usage":[],"damage_taken":[{"damage":0.0,"enemies":"2 Louse","floor":1.0,"turns":3.0},{"damage":5.0,"enemies":"Cultist","floor":3.0,"turns":4.0},{"damage":0.0,"enemies":"Small Slimes","floor":4.0,"turns":3.0},{"damage":56.0,"enemies":"Gremlin Nob","floor":6.0,"turns":5.0},{"damage":0.0,"enemies":"2 Fungi Beasts","floor":7.0,"turns":2.0},{"damage":19.0,"enemies":"The Mushroom Lair","floor":13.0,"turns":3.0},{"damage":9.0,"enemies":"The Guardian","floor":16.0,"turns":12.0},{"damage":15.0,"enemies":"2 Thieves","floor":18.0,"turns":4.0},{"damage":12.0,"enemies":"Chosen","floor":19.0,"turns":5.0},{"damage":9.0,"enemies":"Centurion and Healer","floor":21.0,"turns":10.0},{"damage":6.0,"enemies":"Snecko","floor":30.0,"turns":6.0},{"damage":0.0,"enemies":"3 Cultists","floor":31.0,"turns":2.0},{"damage":35.0,"enemies":"Collector","floor":33.0,"turns":8.0},{"damage":21.0,"enemies":"3 Darklings","floor":35.0,"turns":5.0},{"damage":18.0,"enemies":"Mind Bloom Boss Battle","floor":37.0,"turns":9.0},{"damage":0.0,"enemies":"Orb Walker","floor":44.0,"turns":2.0},{"damage":23,"enemies":"Jaw Worm Horde","floor":47,"turns":3},{"damage":21,"enemies":"Time Eater","floor":50,"turns":11}],"seed_played":"-5388783879251723368","potions_obtained":[{"floor":1.0,"key":"SkillPotion"},{"floor":6.0,"key":"EssenceOfSteel"},{"floor":13.0,"key":"FocusPotion"}],"is_trial":false,"path_per_floor":["M","?","M","M","$","E","M","R","T","R","$","?","?","$","R","B",null,"M","M","?","M","$","R","?","R","T","R","?","R","M","M","R","B",null,"M","T","?","$","?","R","$","R","T","M","R","?","M","$","R","B",null],"character_chosen":"DEFECT","items_purchased":["Fusion","Capacitor","Heatsinks"],"campfire_rested":1,"item_purchase_floors":[5,22,38],"current_hp_per_floor":[64,64,59,59,59,15,27,27,27,27,27,27,30,30,30,43,64,59,57,57,58,58,58,58,58,58,58,58,58,62,71,71,46,65,54,61,53,53,43,43,43,43,43,53,53,53,42,42,65,54],"gold":22,"neow_bonus":"BOSS_RELIC","is_daily":false,"chose_seed":false,"campfire_upgraded":11,"win_rate":0.0,"timestamp":1607673052,"path_taken":["M","?","M","M","?","E","M","R","T","R","$","?","?","?","R","BOSS","M","M","?","M","$","R","?","R","T","R","?","R","?","M","R","BOSS","M","?","?","$","?","R","$","R","T","M","R","?","M","$","R","BOSS"],"items_purchased_type":["Card","Card","Card"],"build_version":"2020-11-30","purchased_purges":3,"victory":true,"max_hp_per_floor":[71,71,71,71,71,71,71,71,71,71,71,71,71,71,71,71,71,71,71,71,71,71,71,71,71,71,71,71,71,71,71,71,71,71,71,78,78,78,78,78,78,78,78,78,78,78,78,78,78,78],"card_choices":[{"not_picked":["Blizzard","Hologram"],"picked":"Rebound","floor":1.0},{"not_picked":["Leap","Fusion"],"picked":"Compile Driver","floor":3.0},{"not_picked":["Beam Cell","Stack"],"picked":"Coolheaded","floor":4.0},{"not_picked":["BootSequence","Redo"],"picked":"Electrodynamics","floor":6.0},{"not_picked":["Beam Cell","Coolheaded"],"picked":"Self Repair","floor":7.0},{"not_picked":["Barrage","Stack"],"picked":"Skim","floor":13.0},{"not_picked":["Multi-Cast","Core Surge"],"picked":"Creative AI","floor":16.0},{"not_picked":["Coolheaded","Redo+1"],"picked":"Conserve Battery","floor":18.0},{"not_picked":["Compile Driver","Hello World"],"picked":"Hologram","floor":19.0},{"not_picked":["Cold Snap","Rebound","Redo"],"picked":"SKIP","floor":21.0},{"not_picked":["Echo Form","Beam Cell"],"picked":"Force Field","floor":30.0},{"not_picked":["Conserve Battery","Genetic Algorithm","Sweeping Beam+1"],"picked":"SKIP","floor":31.0},{"not_picked":["Multi-Cast","Electrodynamics"],"picked":"Seek","floor":33.0},{"not_picked":["Coolheaded","Turbo"],"picked":"Recycle","floor":35.0},{"not_picked":["Magnetism","Madness"],"picked":"Panacea","floor":39.0},{"not_picked":["Madness","Trip"],"picked":"Finesse","floor":39.0},{"not_picked":["Good Instincts","Jack Of All Trades"],"picked":"Purity","floor":39.0},{"not_picked":["Redo","Reinforced Body","Beam Cell+1"],"picked":"SKIP","floor":44.0},{"not_picked":["Recycle+1","Sunder+1","Ball Lightning"],"picked":"SKIP","floor":47}],"player_experience":883952,"relics_obtained":[{"floor":6.0,"key":"Whetstone"},{"floor":9.0,"key":"Akabeko"},{"floor":13.0,"key":"Odd Mushroom"},{"floor":26.0,"key":"Happy Flower"},{"floor":36.0,"key":"Strawberry"},{"floor":37.0,"key":"Girya"},{"floor":43.0,"key":"Mummified Hand"}],"event_choices":[{"damage_healed":0.0,"max_hp_gain":0.0,"max_hp_loss":0.0,"gold_gain":0.0,"event_name":"WeMeetAgain","player_choice":"Gave Potion","floor":2.0,"gold_loss":0.0,"damage_taken":0.0,"relics_obtained":["Meat on the Bone"]},{"damage_healed":0.0,"max_hp_gain":0.0,"max_hp_loss":0.0,"gold_gain":0.0,"event_name":"World of Goop","player_choice":"Left Gold","floor":12.0,"gold_loss":37.0,"damage_taken":0.0},{"damage_healed":0.0,"max_hp_gain":0.0,"max_hp_loss":0.0,"gold_gain":0.0,"event_name":"Mushrooms","player_choice":"Fought Mushrooms","floor":13.0,"gold_loss":0.0,"damage_taken":0.0},{"damage_healed":0.0,"max_hp_gain":0.0,"max_hp_loss":0.0,"gold_gain":50.0,"event_name":"Nest","player_choice":"Stole From Cult","floor":20.0,"gold_loss":0.0,"damage_taken":0.0},{"damage_healed":0.0,"max_hp_gain":0.0,"max_hp_loss":0.0,"gold_gain":0.0,"cards_transformed":["Strike_B","Strike_B"],"event_name":"Drug Dealer","player_choice":"Became Test Subject","floor":24.0,"gold_loss":0.0,"damage_taken":0.0,"cards_obtained":["Storm","Leap"]},{"damage_healed":0.0,"max_hp_gain":0.0,"max_hp_loss":0.0,"gold_gain":0.0,"event_name":"The Woman in Blue","player_choice":"Bought 1 Potion","floor":28.0,"gold_loss":0.0,"damage_taken":0.0},{"damage_healed":0.0,"max_hp_gain":0.0,"max_hp_loss":0.0,"gold_gain":0.0,"event_name":"MindBloom","player_choice":"Fight","floor":37.0,"gold_loss":0.0,"damage_taken":0.0},{"damage_healed":0.0,"max_hp_gain":0.0,"max_hp_loss":0.0,"gold_gain":0.0,"event_name":"SensoryStone","player_choice":"Memory 3","floor":39.0,"gold_loss":0.0,"damage_taken":10.0},{"damage_healed":0.0,"max_hp_gain":0.0,"max_hp_loss":0.0,"gold_gain":0.0,"event_name":"Lab","player_choice":"Got Potions","floor":46.0,"gold_loss":0.0,"damage_taken":0.0}],"is_beta":false,"boss_relics":[{"not_picked":["Runic Pyramid","Ectoplasm"],"picked":"Sozu"},{"not_picked":["Philosopher\u0027s Stone","Calling Bell"],"picked":"SlaversCollar"}],"items_purged_floors":[11,22,48],"is_endless":false,"potions_floor_spawned":[1,6,13,21,31,33,35,47],"ascension_level":16}}