{"host":"gbop6m4qugddaz18","time":1607720367,"event":{"mods":["2.2 Compatiblity","BaseMod","Better Third Choice","Block Reminder","Downfall","GifTheSpireLib","Highlight Path","Minty Spire (QoL Compilation)","StSLib"],"gold_per_floor":[99,124,124,154,170,200,200,265,265,299,319,319,9,9,21,121,121,121,135,135,147,188,200,237,261,308,320,349,413,15,28,42,146,146,146,246,273,33,33,46,46,78,89,118,131,131,18,38,52,52],"floor_reached":51,"playtime":7005,"items_purged":["Regret"],"score":1261,"play_id":"06f3da83-b9f3-4611-8e90-4bba78d460b0","local_time":"20201211155927","is_ascension_mode":true,"campfire_choices":[{"data":"Guardian:TwinSlam","floor":1.0,"key":"SMITH"},{"floor":9.0,"key":"REST"},{"data":"Guardian:FuturePlans","floor":18.0,"key":"SMITH"},{"data":"Guardian:StasisEngine","floor":21.0,"key":"SMITH"},{"floor":27.0,"key":"REST"},{"data":"Guardian:GemFinder","floor":35.0,"key":"SMITH"},{"data":"Guardian:EvasiveProtocol","floor":39,"key":"SMITH"}],"circlet_count":0,"master_deck":["Guardian:CurlUp","Guardian:TwinSlam+1","Guardian:Recover","Guardian:Clone","Guardian:FloatingOrbs","Guardian:RollAttack+1","Guardian:StasisEngine+1","Guardian:BronzeOrb","Guardian:FuturePlans","Guardian:TemporalStrike","Guardian:TemporalShield+1","Guardian:GemFinder+1","Guardian:Orbwalk","Guardian:ExploitGems","Guardian:FuturePlans+1","Guardian:FastForward","Guardian:FloatingOrbs","Guardian:TemporalShield+1","Guardian:ArmoredProtocol","Guardian:PiercingHide","Guardian:Gem_Fragmented","Guardian:TemporalStrike","Guardian:Gem_Fragmented","Guardian:TemporalStrike","Panache","Guardian:Gem_Fragmented","Guardian:Planning","Guardian:Gem_Fragmented","Guardian:FloatingOrbs","Guardian:Gem_Fragmented","Guardian:FastForward","Guardian:Gem_Blue","Guardian:Gem_Cyan","Guardian:ChargeUp","Guardian:EvasiveProtocol+1","Guardian:Gem_Fragmented","Guardian:Gem_Cyan","Guardian:Gem_Fragmented","Guardian:Suspension+1","Guardian:Gem_Cyan","Guardian:Gem_Red","Guardian:Gem_Fragmented","Guardian:ShieldCharger","Guardian:Gem_Fragmented","Guardian:TemporalStrike","Guardian:TimeCapacitor","Guardian:Gem_Fragmented","Guardian:Incinerate","Guardian:Gem_Fragmented","Guardian:FloatingOrbs+1"],"relics":["Guardian:ModeShifter","downfall:HeartsMalice","Du-Vu Doll","PreservedInsect","Guardian:DefensiveModeMoreBlock","TungstenRod","Darkstone Periapt","Oddly Smooth Stone","Happy Flower","Lizard Tail","Pandora\u0027s Box","MawBank","MealTicket","Toy Ornithopter","Lantern","Potion Belt","Guardian:PocketSentry","Empty Cage","White Beast Statue","Unceasing Top","HandDrill","Calipers","InkBottle","Thread and Needle","Strawberry","Bottled Flame"],"acts_visited":[],"potions_floor_usage":[],"damage_taken":[{"damage":0.0,"enemies":"Lagavulin","floor":2.0,"turns":1.0},{"damage":0.0,"enemies":"Jaw Worm","floor":3.0,"turns":1.0},{"damage":31.0,"enemies":"3 Sentries","floor":4.0,"turns":11.0},{"damage":1.0,"enemies":"Small Slimes","floor":5.0,"turns":6.0},{"damage":16.0,"enemies":"Gremlin Nob","floor":6.0,"turns":4.0},{"damage":12.0,"enemies":"3 Sentries","floor":8.0,"turns":5.0},{"damage":22.0,"enemies":"3 Sentries","floor":10.0,"turns":7.0},{"damage":9.0,"enemies":"2 Louse","floor":11.0,"turns":4.0},{"damage":1.0,"enemies":"downfall:FleeingMerchant","floor":13.0,"turns":4.0},{"damage":2.0,"enemies":"2 Fungi Beasts","floor":15.0,"turns":4.0},{"damage":8.0,"enemies":"downfall:CharBossDefect","floor":16.0,"turns":10.0},{"damage":2.0,"enemies":"3 Byrds","floor":19.0,"turns":4.0},{"damage":22.0,"enemies":"Book of Stabbing","floor":22.0,"turns":5.0},{"damage":5.0,"enemies":"Shell Parasite","floor":25.0,"turns":3.0},{"damage":31.0,"enemies":"Gremlin Leader","floor":26.0,"turns":5.0},{"damage":2.0,"enemies":"3 Cultists","floor":28.0,"turns":3.0},{"damage":11.0,"enemies":"downfall:FleeingMerchant","floor":30.0,"turns":4.0},{"damage":9.0,"enemies":"Snecko","floor":31.0,"turns":4.0},{"damage":7.0,"enemies":"Snake Plant","floor":32.0,"turns":4.0},{"damage":34.0,"enemies":"downfall:CharBossIronclad","floor":33.0,"turns":6.0},{"damage":7.0,"enemies":"downfall:WomanInBlue","floor":36.0,"turns":4.0},{"damage":0.0,"enemies":"Nemesis","floor":37.0,"turns":5.0},{"damage":0,"enemies":"downfall:FleeingMerchant","floor":38,"turns":4},{"damage":6,"enemies":"3 Darklings","floor":40,"turns":3},{"damage":0,"enemies":"Giant Head","floor":42,"turns":3},{"damage":9,"enemies":"Orb Walker","floor":43,"turns":2},{"damage":4,"enemies":"Nemesis","floor":44,"turns":2},{"damage":10,"enemies":"4 Shapes","floor":45,"turns":4},{"damage":0,"enemies":"downfall:FleeingMerchant","floor":47,"turns":2},{"damage":0,"enemies":"Transient","floor":48,"turns":2},{"damage":0,"enemies":"Sphere and 2 Shapes","floor":49,"turns":2},{"damage":0,"enemies":"downfall:CharBossWatcher","floor":50,"turns":3}],"seed_played":"-8588076411751525420","potions_obtained":[{"floor":5.0,"key":"hexamod:EctoCoolerPotion"},{"floor":6.0,"key":"SkillPotion"},{"floor":8.0,"key":"Guardian:DefensiveModePotion"},{"floor":11.0,"key":"Guardian:DefensiveModePotion"},{"floor":25.0,"key":"Regen Potion"},{"floor":31.0,"key":"EssenceOfSteel"},{"floor":33.0,"key":"Explosive Potion"},{"floor":36.0,"key":"Strength Potion"},{"floor":36.0,"key":"SmokeBomb"},{"floor":37.0,"key":"Energy Potion"},{"floor":40,"key":"ColorlessPotion"},{"floor":43,"key":"CultistPotion"}],"is_trial":false,"path_per_floor":["R","E","M","E","M","E","T","?","R","E","M","?","$","?","M","B",null,"R","M","?","R","E","?","T","M","E","R","M","T","$","M","M","B",null,"R","?","E","$","R","M","T","E","M","E","M","?","$","M","M","B",null],"character_chosen":"GUARDIAN","items_purchased":["Lizard Tail","Panache","Guardian:PocketSentry","HandDrill","Guardian:EvasiveProtocol","Strawberry","Bottled Flame","Guardian:TimeCapacitor"],"campfire_rested":2,"item_purchase_floors":[13,30,30,38,38,47,47,47],"current_hp_per_floor":[80,80,80,49,48,32,32,20,44,22,13,19,18,18,16,8,86,86,84,90,90,68,68,68,63,32,59,57,57,61,52,45,11,92,92,85,85,92,92,86,86,86,77,73,63,56,78,78,78,78],"gold":52,"neow_bonus":"THREE_ENEMY_KILL","is_daily":false,"chose_seed":false,"campfire_upgraded":5,"win_rate":0.0,"timestamp":1607720367,"path_taken":["R","E","M","E","M","E","T","?","R","E","M","?","$","?","M","BOSS","R","M","?","R","E","?","T","M","E","R","M","?","$","M","M","BOSS","R","?","E","?","R","M","T","E","?","E","M","?","?","?","M","BOSS"],"items_purchased_type":["Relic","Card","Relic","Relic","Card","Relic","Relic","Card"],"build_version":"2020-11-30","purchased_purges":1,"victory":true,"max_hp_per_floor":[80,80,80,80,80,80,80,80,80,80,80,86,86,86,86,86,86,86,86,92,92,92,92,92,92,92,92,92,92,92,92,92,92,92,92,92,92,92,92,92,92,92,92,92,92,92,99,99,99,99],"card_choices":[{"not_picked":["Guardian:ChargeCore","Guardian:CrystalBeam"],"picked":"Guardian:Recover","floor":2.0},{"not_picked":["Guardian:Harden","Guardian:Gem_Yellow"],"picked":"Guardian:Clone","floor":3.0},{"not_picked":["Guardian:Suspension","Guardian:Clone"],"picked":"Guardian:FloatingOrbs","floor":4.0},{"not_picked":["Guardian:Gem_Cyan","Guardian:Planning"],"picked":"Guardian:RollAttack","floor":5.0},{"not_picked":["Guardian:Reroute","Guardian:EvasiveProtocol"],"picked":"Guardian:StasisEngine","floor":6.0},{"not_picked":["Guardian:ChargeCore","Guardian:TemporalShield"],"picked":"Guardian:BronzeOrb","floor":8.0},{"not_picked":["Guardian:Gem_Green","Guardian:SentryBeam"],"picked":"Guardian:FuturePlans","floor":10.0},{"not_picked":["Guardian:PrismaticBarrier","Guardian:Planning"],"picked":"Guardian:TemporalStrike","floor":11.0},{"not_picked":["Guardian:Suspension","Guardian:RefractedBeam"],"picked":"Guardian:TemporalShield","floor":15.0},{"not_picked":["Guardian:FastForward","Guardian:BaubleBeam"],"picked":"Guardian:GemFinder","floor":16.0},{"not_picked":["Guardian:Gem_Red","Guardian:Gem_Green"],"picked":"Guardian:Gem_Fragmented","floor":19.0},{"not_picked":["Guardian:Clone","Guardian:CrystalBeam"],"picked":"Guardian:Gem_Cyan","floor":19.0},{"not_picked":["Guardian:Gem_Green","Guardian:Gem_Red"],"picked":"Guardian:Gem_Fragmented","floor":22.0},{"not_picked":["Guardian:Gem_Fragmented","Guardian:AncientConstruct"],"picked":"Guardian:TemporalShield+1","floor":22.0},{"not_picked":["Guardian:Gem_Red","Guardian:Gem_Cyan"],"picked":"Guardian:Gem_Fragmented","floor":25.0},{"not_picked":["Guardian:VentSteam","Guardian:PrismaticBeam"],"picked":"Guardian:PiercingHide","floor":25.0},{"not_picked":["Guardian:Gem_Cyan","Guardian:Gem_Green"],"picked":"Guardian:Gem_Fragmented","floor":26.0},{"not_picked":["Guardian:Gem_Green","Guardian:PrismaticBarrier"],"picked":"Guardian:TemporalStrike","floor":26.0},{"not_picked":["Guardian:Gem_Red","Guardian:Gem_Green"],"picked":"Guardian:Gem_Fragmented","floor":28.0},{"not_picked":["Guardian:Preprogram","Guardian:FloatingOrbs"],"picked":"Guardian:TemporalStrike","floor":28.0},{"not_picked":["Guardian:Gem_Green","Guardian:Gem_Cyan"],"picked":"Guardian:Gem_Fragmented","floor":31.0},{"not_picked":["Guardian:Gem_Yellow","Guardian:PrimingBeam"],"picked":"Guardian:Planning","floor":31.0},{"not_picked":["Guardian:Gem_Red","Guardian:Gem_Green"],"picked":"Guardian:Gem_Fragmented","floor":32.0},{"not_picked":["Guardian:VentSteam+1","Guardian:MultiBeam"],"picked":"Guardian:FloatingOrbs","floor":32.0},{"not_picked":["Guardian:Gem_Cyan","Guardian:Gem_Green"],"picked":"Guardian:Gem_Fragmented","floor":33.0},{"not_picked":["Guardian:SphericShield","Guardian:GatlingBeam"],"picked":"Guardian:FastForward","floor":33.0},{"not_picked":["Guardian:MultiBeam","Guardian:Gem_Green"],"picked":"Guardian:Gem_Blue","floor":36.0},{"not_picked":["Guardian:Gem_Green","Guardian:Gem_Red"],"picked":"Guardian:Gem_Cyan","floor":37.0},{"not_picked":["Guardian:AncientConstruct","Guardian:Emergency"],"picked":"Guardian:ChargeUp","floor":37.0},{"not_picked":["Guardian:Gem_Red","Guardian:Gem_Cyan"],"picked":"Guardian:Gem_Fragmented","floor":40},{"not_picked":["Guardian:Suspension","Guardian:PrismaticBeam"],"picked":"Guardian:Gem_Cyan","floor":40},{"not_picked":["Guardian:Gem_Green","Guardian:Gem_Red"],"picked":"Guardian:Gem_Fragmented","floor":42},{"not_picked":["Guardian:WalkerClaw","Guardian:ShieldCharger+1"],"picked":"Guardian:Suspension+1","floor":42},{"not_picked":["Guardian:Gem_Red","Guardian:Gem_Green"],"picked":"Guardian:Gem_Cyan","floor":43},{"not_picked":["Guardian:Reroute","Guardian:Incinerate"],"picked":"Guardian:Gem_Red","floor":43},{"not_picked":["Guardian:Gem_Green","Guardian:Gem_Red"],"picked":"Guardian:Gem_Fragmented","floor":44},{"not_picked":["Guardian:WalkerClaw+1","Guardian:Gem_Synthetic"],"picked":"Guardian:ShieldCharger","floor":44},{"not_picked":["Guardian:Gem_Green","Guardian:Gem_Red"],"picked":"Guardian:Gem_Fragmented","floor":45},{"not_picked":["Guardian:FloatingOrbs+1","Guardian:Orbwalk+1"],"picked":"Guardian:TemporalStrike","floor":45},{"not_picked":["Guardian:Gem_Green","Guardian:Gem_Cyan"],"picked":"Guardian:Gem_Fragmented","floor":48},{"not_picked":["Guardian:TemporalShield","Guardian:TemporalStrike+1"],"picked":"Guardian:Incinerate","floor":48},{"not_picked":["Guardian:Gem_Cyan","Guardian:Gem_Red"],"picked":"Guardian:Gem_Fragmented","floor":49},{"not_picked":["Guardian:Recover","Guardian:TimeBomb+1"],"picked":"Guardian:FloatingOrbs+1","floor":49}],"player_experience":383060,"relics_obtained":[{"floor":2.0,"key":"Du-Vu Doll"},{"floor":4.0,"key":"PreservedInsect"},{"floor":6.0,"key":"Guardian:DefensiveModeMoreBlock"},{"floor":7.0,"key":"TungstenRod"},{"floor":8.0,"key":"Darkstone Periapt"},{"floor":10.0,"key":"Oddly Smooth Stone"},{"floor":22.0,"key":"MealTicket"},{"floor":24.0,"key":"Toy Ornithopter"},{"floor":26.0,"key":"Lantern"},{"floor":29.0,"key":"Potion Belt"},{"floor":36.0,"key":"White Beast Statue"},{"floor":37.0,"key":"Unceasing Top"},{"floor":41,"key":"Calipers"},{"floor":42,"key":"InkBottle"},{"floor":44,"key":"Thread and Needle"}],"event_choices":[{"damage_healed":0.0,"max_hp_gain":0.0,"max_hp_loss":0.0,"gold_gain":0.0,"event_name":"Big Fish","player_choice":"Box","floor":12.0,"gold_loss":0.0,"damage_taken":0.0,"relics_obtained":["Happy Flower"],"cards_obtained":["Regret"]},{"damage_healed":0.0,"max_hp_gain":0.0,"max_hp_loss":0.0,"gold_gain":0.0,"event_name":"Addict","player_choice":"Stole Relic","floor":20.0,"gold_loss":0.0,"damage_taken":0.0,"relics_obtained":["MawBank"],"cards_obtained":["Shame"]},{"damage_healed":0.0,"max_hp_gain":0.0,"max_hp_loss":0.0,"gold_gain":0.0,"event_name":"The Library","player_choice":"Read","floor":23.0,"gold_loss":0.0,"damage_taken":0.0,"cards_obtained":["Guardian:ArmoredProtocol"]}],"is_beta":false,"boss_relics":[{"not_picked":["Philosopher\u0027s Stone","SacredBark"],"picked":"Pandora\u0027s Box"},{"not_picked":["Velvet Choker","Snecko Eye"],"picked":"Empty Cage"}],"items_purged_floors":[30],"is_endless":false,"potions_floor_spawned":[5,6,8,11,25,31,33,37,40,42,43,44,45,48,49],"ascension_level":3}}