{"host":"flm17o2q7bfjyna6","time":1607709216,"event":{"mods":["2.2 Compatiblity","Act Like it!","BaseMod","Better Altar","Better Match","Better Note","Better Sensory Stone","Better Skull","Better Third Choice","Better Vampires","Colored Map","Colored Powertips","DeckTracker","Hermit","Minty Spire (QoL Compilation)","Quick Restart","Replay The Spire","Spicy Shops","StSLib","Wandering Minibosses"],"gold_per_floor":[115,6,0,0,0,0,13,44,54,83,130,122,122,47,47,47,47,162,162,172,181,181,176,176],"floor_reached":23,"playtime":1490,"items_purged":["hermit:Strike_Hermit"],"score":333,"play_id":"39447c6d-358e-41f3-9561-d3cc61e16538","local_time":"20201211125336","is_ascension_mode":true,"campfire_choices":[{"data":"hermit:FlashPowder","floor":13,"key":"SMITH"},{"data":"hermit:Dive","floor":15,"key":"SMITH"}],"circlet_count":0,"master_deck":["AscendersBane","hermit:Strike_Hermit","hermit:Strike_Hermit+2","hermit:Strike_Hermit","hermit:Defend_Hermit+1","hermit:Defend_Hermit","hermit:Defend_Hermit","hermit:Defend_Hermit","hermit:Snapshot","hermit:Covet","hermit:BigShot","Delirium","hermit:Deadeye+1","hermit:Vantage+1","Enlightenment","hermit:FlashPowder+1","hermit:Dive+1","hermit:Grudge","hermit:Vantage","Injury","hermit:HeroicBravado","hermit:Horror","hermit:CalledShot"],"relics":["hermit:Momento","NeowsBlessing","ReplayTheSpireMod:CursedCoin","Whetstone","Replay:Bottled Eggs","Simple Rune","Strawberry","Golden Idol","Black Star"],"acts_visited":["Exordium","TheCity"],"potions_floor_usage":[10,10,18,18],"damage_taken":[{"damage":0,"enemies":"2 Louse","floor":1,"turns":1},{"damage":0,"enemies":"Jaw Worm","floor":7,"turns":1},{"damage":0,"enemies":"Gremlin Nob","floor":8,"turns":1},{"damage":0,"enemies":"Cultist","floor":9,"turns":3},{"damage":4,"enemies":"Lagavulin","floor":10,"turns":6},{"damage":15,"enemies":"2 Fungi Beasts","floor":12,"turns":6},{"damage":11,"enemies":"The Guardian","floor":18,"turns":16},{"damage":11,"enemies":"Shell Parasite","floor":20,"turns":9},{"damage":50,"enemies":"Spheric Guardian","floor":21,"turns":9},{"damage":15,"enemies":"3 Cultists","floor":23,"turns":3}],"seed_played":"1780405006075063238","potions_obtained":[{"floor":1,"key":"Block Potion"},{"floor":8,"key":"SkillPotion"},{"floor":10,"key":"Strength Potion"},{"floor":12,"key":"Weak Potion"}],"is_trial":false,"path_per_floor":["M","$","?","PTL","PTL","$","M","E","M","E","T","M","R","$","R","?","R_BF","B",null,"M","M","?","M"],"character_chosen":"HERMIT","items_purchased":["ReplayTheSpireMod:CursedCoin","Whetstone","hermit:Deadeye","hermit:Vantage+1"],"campfire_rested":0,"item_purchase_floors":[2,2,2,2],"current_hp_per_floor":[68,68,74,74,74,74,74,74,74,70,77,62,62,62,62,62,44,33,74,63,13,13,0,0],"gold":176,"neow_bonus":"THREE_ENEMY_KILL","is_daily":false,"chose_seed":false,"campfire_upgraded":2,"win_rate":0.0,"timestamp":1607709216,"path_taken":["M","$","?","PTL","PTL","?","M","E","?","E","T","M","R","$","R","?","R_BF","BOSS","M","M","?","M"],"items_purchased_type":["Relic","Relic","Card","Card"],"build_version":"2020-11-30","purchased_purges":1,"victory":false,"max_hp_per_floor":[75,75,81,81,81,81,81,81,81,81,88,88,88,88,88,88,88,88,88,88,88,88,88,88],"card_choices":[{"not_picked":["hermit:Headshot","hermit:Snipe"],"picked":"hermit:BigShot","floor":1},{"not_picked":["hermit:TakeCover","hermit:EyeOfTheStorm"],"picked":"hermit:FlashPowder","floor":7},{"not_picked":["hermit:BodyArmor","hermit:Shortfuse"],"picked":"hermit:Dive","floor":8},{"not_picked":["hermit:Desperado","hermit:Coalescence"],"picked":"hermit:Grudge","floor":9},{"not_picked":["hermit:TrackingShot","hermit:CalledShot"],"picked":"hermit:Vantage","floor":10},{"not_picked":["hermit:ItchyTrigger","hermit:BodyArmor","hermit:Manifest"],"picked":"SKIP","floor":12},{"not_picked":["hermit:FromBeyond","hermit:FinalCanter"],"picked":"hermit:HeroicBravado","floor":18},{"not_picked":["hermit:TakeAim","hermit:ShadowCloak"],"picked":"hermit:Horror","floor":20},{"not_picked":["hermit:Manifest","hermit:Desperado"],"picked":"hermit:CalledShot","floor":21}],"player_experience":1562762,"relics_obtained":[{"floor":8,"key":"Replay:Bottled Eggs"},{"floor":10,"key":"Simple Rune"},{"floor":11,"key":"Strawberry"}],"event_choices":[{"damage_healed":0,"gold_gain":0,"player_choice":"RENOUNCE","damage_taken":6,"max_hp_gain":0,"max_hp_loss":0,"event_name":"betterThird:BetterSerpent","floor":3,"gold_loss":6,"cards_obtained":["Enlightenment"]},{"damage_healed":0,"gold_gain":0,"player_choice":"Take Wound","damage_taken":0,"relics_obtained":["Golden Idol"],"max_hp_gain":0,"max_hp_loss":0,"event_name":"Golden Idol","floor":16,"gold_loss":0,"cards_obtained":["Injury"]},{"damage_healed":62,"gold_gain":0,"player_choice":"Upgrade","damage_taken":18,"max_hp_gain":0,"max_hp_loss":88,"event_name":"betterThird:BetterShining","floor":17,"gold_loss":0,"cards_upgraded":["hermit:Strike_Hermit","hermit:Defend_Hermit"]},{"cards_removed":["hermit:Defend_Hermit"],"damage_healed":0,"gold_gain":0,"player_choice":"Give","damage_taken":0,"max_hp_gain":0,"max_hp_loss":0,"event_name":"betterNote:BetterNote","floor":22,"gold_loss":0,"cards_obtained":["Strike_B"]}],"is_beta":false,"boss_relics":[{"not_picked":["Replay:Grab Bag","Cursed Key"],"picked":"Black Star"}],"items_purged_floors":[14],"is_endless":false,"potions_floor_spawned":[1,8,10,12],"killed_by":"3 Cultists","ascension_level":10}}