{"host":"8dhn6p16jorj0i1s","time":1607727232,"event":{"mods":["BaseMod","Colored Map","Minty Spire (QoL Compilation)","Permanent Neow","Quick Restart"],"gold_per_floor":[118,136,61,61,75,75,105,140,187,196,205,205,230,244,253,362,362,377,394,319,337,350,350,350,350],"floor_reached":24,"playtime":1972,"items_purged":["Catalyst"],"score":227,"play_id":"65a0d716-b58b-4517-b646-a310a427eba3","local_time":"20201211235352","is_ascension_mode":true,"campfire_choices":[{"floor":6.0,"key":"REST"},{"floor":10.0,"key":"REST"},{"data":"Infinite Blades","floor":12.0,"key":"SMITH"},{"floor":15.0,"key":"REST"},{"data":"Accuracy","floor":23.0,"key":"SMITH"}],"circlet_count":0,"master_deck":["Strike_G","Strike_G","Strike_G","Strike_G","Defend_G","Defend_G","Defend_G","Defend_G","Defend_G","Survivor","Neutralize","The Bomb","Noxious Fumes","Blade Dance","Accuracy+1","Cloak And Dagger","Finisher","Infinite Blades+1","Doppelganger","Blade Dance","Phantasmal Killer"],"relics":["Ring of the Snake","Dream Catcher","Bag of Preparation","CeramicFish","Centennial Puzzle","Philosopher\u0027s Stone"],"acts_visited":["Exordium","TheCity"],"potions_floor_usage":[],"damage_taken":[{"damage":6.0,"enemies":"Jaw Worm","floor":1.0,"turns":7.0},{"damage":1.0,"enemies":"2 Louse","floor":2.0,"turns":3.0},{"damage":8.0,"enemies":"Small Slimes","floor":5.0,"turns":3.0},{"damage":24.0,"enemies":"Gremlin Nob","floor":8.0,"turns":5.0},{"damage":18.0,"enemies":"Lagavulin","floor":13.0,"turns":5.0},{"damage":12.0,"enemies":"Gremlin Gang","floor":14.0,"turns":3.0},{"damage":29.0,"enemies":"The Guardian","floor":16.0,"turns":12.0},{"damage":13.0,"enemies":"2 Thieves","floor":18.0,"turns":3.0},{"damage":27.0,"enemies":"3 Byrds","floor":19.0,"turns":4.0},{"damage":5.0,"enemies":"Centurion and Healer","floor":21.0,"turns":4.0},{"damage":0.0,"enemies":"Snake Plant","floor":22.0,"turns":2.0},{"damage":22,"enemies":"Book of Stabbing","floor":24,"turns":4}],"seed_played":"8121297231770078157","potions_obtained":[{"floor":8.0,"key":"AttackPotion"},{"floor":13.0,"key":"Weak Potion"},{"floor":14.0,"key":"CunningPotion"},{"floor":18.0,"key":"Energy Potion"}],"is_trial":false,"path_per_floor":["M","M","$","?","M","R","?","E","T","R","?","R","E","M","R","B",null,"M","M","$","M","M","R","E"],"character_chosen":"THE_SILENT","items_purchased":["Accuracy"],"campfire_rested":3,"item_purchase_floors":[3],"current_hp_per_floor":[43,42,42,30,22,43,43,19,19,40,40,40,22,10,31,2,70,57,30,30,25,25,25,3,3],"gold":350,"neow_bonus":"RANDOM_COLORLESS_2","is_daily":false,"chose_seed":false,"campfire_upgraded":2,"win_rate":0.0,"timestamp":1607727232,"path_taken":["M","M","$","?","M","R","?","E","T","R","?","R","E","M","R","BOSS","M","?","$","M","M","R","E"],"items_purchased_type":["Card"],"build_version":"2020-11-30","purchased_purges":1,"victory":false,"max_hp_per_floor":[70,70,70,70,70,70,70,70,70,70,70,70,70,70,70,70,70,70,70,70,70,70,70,70,70],"card_choices":[{"not_picked":["Magnetism","Master of Strategy"],"picked":"The Bomb","floor":0.0},{"not_picked":["Escape Plan","Backstab"],"picked":"Noxious Fumes","floor":1.0},{"not_picked":["Heel Hook","Outmaneuver"],"picked":"Blade Dance","floor":2.0},{"not_picked":["Deadly Poison","Flechettes"],"picked":"Cloak And Dagger","floor":5.0},{"not_picked":["Prepared","Quick Slash"],"picked":"Finisher","floor":6.0},{"not_picked":["Tactician","Flying Knee"],"picked":"Infinite Blades","floor":8.0},{"not_picked":["Outmaneuver","Leg Sweep"],"picked":"Catalyst","floor":10.0},{"not_picked":["Deflect","Caltrops","Outmaneuver"],"picked":"SKIP","floor":13.0},{"not_picked":["Dodge and Roll","Deflect","Dash"],"picked":"SKIP","floor":14.0},{"not_picked":["Riddle With Holes","Outmaneuver"],"picked":"Blade Dance","floor":15.0},{"not_picked":["Adrenaline","Unload"],"picked":"Phantasmal Killer","floor":16.0},{"not_picked":["Cloak And Dagger+1","Calculated Gamble","Infinite Blades"],"picked":"SKIP","floor":18.0},{"not_picked":["Flying Knee","Backflip","Dagger Spray+1"],"picked":"SKIP","floor":19.0},{"not_picked":["Dodge and Roll","Slice","Flechettes"],"picked":"SKIP","floor":21.0},{"not_picked":["Deadly Poison","Dagger Spray+1","PiercingWail"],"picked":"SKIP","floor":22.0}],"player_experience":257804,"relics_obtained":[{"floor":8.0,"key":"CeramicFish"},{"floor":13.0,"key":"Centennial Puzzle"}],"event_choices":[{"damage_healed":0.0,"max_hp_gain":0.0,"max_hp_loss":0.0,"gold_gain":0.0,"event_name":"Scrap Ooze","player_choice":"Success","floor":4.0,"gold_loss":0.0,"damage_taken":12.0,"relics_obtained":["Dream Catcher"]},{"damage_healed":0.0,"max_hp_gain":0.0,"max_hp_loss":0.0,"gold_gain":30.0,"event_name":"Dead Adventurer","player_choice":"Searched \u00273\u0027 times","floor":7.0,"gold_loss":0.0,"damage_taken":0.0,"relics_obtained":["Bag of Preparation"]},{"damage_healed":0.0,"max_hp_gain":0.0,"max_hp_loss":0.0,"gold_gain":0.0,"cards_transformed":["Strike_G"],"event_name":"Transmorgrifier","player_choice":"Transformed","floor":11.0,"gold_loss":0.0,"damage_taken":0.0,"cards_obtained":["Doppelganger"]}],"is_beta":false,"boss_relics":[{"not_picked":["Fusion Hammer","Ring of the Serpent"],"picked":"Philosopher\u0027s Stone"}],"items_purged_floors":[20],"is_endless":false,"potions_floor_spawned":[8,13,14,18],"killed_by":"Book of Stabbing","ascension_level":2}}