{"host":"msfr2axb1w9025n0","time":1607676390,"event":{"mods":["BaseMod","Colored Map","DeckTracker","Minty Spire (QoL Compilation)"],"gold_per_floor":[114,24,41,59,21,21,54,54,54,67,67,99,125,138,138,138,138],"floor_reached":16,"playtime":390,"items_purged":[],"score":192,"play_id":"299e195a-2ee2-49cc-b4f1-3bc323522e7e","local_time":"20201211154630","is_ascension_mode":true,"campfire_choices":[{"data":"Rupture","floor":6.0,"key":"SMITH"},{"data":"Hemokinesis","floor":8.0,"key":"SMITH"},{"floor":15,"key":"REST"}],"circlet_count":0,"master_deck":["AscendersBane","Strike_R","Strike_R","Strike_R","Strike_R","Strike_R","Defend_R","Defend_R","Defend_R","Defend_R","Bash","Clothesline","Inflame","Sword Boomerang","True Grit","Rupture+1","Hemokinesis+1","Blood for Blood","Berserk","Parasite","Blood for Blood","Immolate"],"relics":["Burning Blood","NeowsBlessing","StoneCalendar","WingedGreaves","Art of War","Darkstone Periapt"],"acts_visited":["Exordium"],"potions_floor_usage":[13,13],"damage_taken":[{"damage":0.0,"enemies":"Cultist","floor":1.0,"turns":1.0},{"damage":0.0,"enemies":"Jaw Worm","floor":3.0,"turns":1.0},{"damage":6.0,"enemies":"Small Slimes","floor":4.0,"turns":2.0},{"damage":37.0,"enemies":"3 Sentries","floor":7.0,"turns":7.0},{"damage":7.0,"enemies":"2 Fungi Beasts","floor":10.0,"turns":4.0},{"damage":27,"enemies":"Lagavulin","floor":12,"turns":6},{"damage":37,"enemies":"Gremlin Nob","floor":13,"turns":4},{"damage":10,"enemies":"Red Slaver","floor":14,"turns":3},{"damage":44,"enemies":"The Guardian","floor":16,"turns":8}],"seed_played":"2733952788840066809","potions_obtained":[{"floor":1.0,"key":"GamblersBrew"},{"floor":4.0,"key":"Swift Potion"}],"is_trial":false,"path_per_floor":["M","$","M","M","$","R","E","R","T","M","?","E","E","M","R","B"],"character_chosen":"IRONCLAD","items_purchased":["Inflame","Sword Boomerang","Hemokinesis"],"campfire_rested":1,"item_purchase_floors":[2,2,5],"current_hp_per_floor":[78,78,80,80,80,80,49,49,49,48,68,47,16,12,36,0,0],"gold":138,"neow_bonus":"THREE_ENEMY_KILL","is_daily":false,"chose_seed":false,"campfire_upgraded":2,"win_rate":0.0,"timestamp":1607676390,"path_taken":["M","$","?","M","$","R","E","R","T","M","?","E","E","M","R","BOSS"],"items_purchased_type":["Card","Card","Card"],"build_version":"2020-11-30","purchased_purges":0,"victory":false,"max_hp_per_floor":[80,80,80,80,80,80,80,80,80,80,80,80,80,80,80,80,80],"card_choices":[{"not_picked":["Ghostly Armor","Shrug It Off"],"picked":"Clothesline","floor":1.0},{"not_picked":["Ghostly Armor","Flame Barrier"],"picked":"True Grit","floor":3.0},{"not_picked":["Sword Boomerang","Iron Wave"],"picked":"Rupture","floor":4.0},{"not_picked":["Body Slam","Whirlwind"],"picked":"Blood for Blood","floor":7.0},{"not_picked":["Headbutt","Armaments"],"picked":"Berserk","floor":10.0},{"not_picked":["Juggernaut","Shrug It Off"],"picked":"Blood for Blood","floor":12},{"not_picked":["Evolve","Body Slam"],"picked":"Immolate","floor":13},{"not_picked":["Sentinel","Cleave","Wild Strike"],"picked":"SKIP","floor":14}],"player_experience":239632,"relics_obtained":[{"floor":7.0,"key":"StoneCalendar"},{"floor":9.0,"key":"WingedGreaves"},{"floor":12,"key":"Art of War"},{"floor":13,"key":"Darkstone Periapt"}],"event_choices":[{"damage_healed":20.0,"max_hp_gain":0.0,"max_hp_loss":0.0,"gold_gain":0.0,"event_name":"Mushrooms","player_choice":"Healed and dodged fight","floor":11.0,"gold_loss":0.0,"damage_taken":0.0,"cards_obtained":["Parasite"]}],"is_beta":false,"boss_relics":[],"items_purged_floors":[],"is_endless":false,"potions_floor_spawned":[1,4,7,10],"killed_by":"The Guardian","ascension_level":12}}