{"host":"ctlqibkg0sskiu65","time":1607688993,"event":{"mods":["2.2 Compatiblity","AchievementEnabler","Aspiration","BaseMod","BetterRewards","Colored Map","Colored Powertips","Conspire","Fiend Mod","Minty Spire (QoL Compilation)","Quick Restart","Shop Mod","StSLib","The Bladedancer","The Cursed","The Hierophant","The Jungle","The Kombatant","The Servant 0.9.4","TheBandit"],"gold_per_floor":[113,125,47,61,61,91,103,103,103,117,17,17,31,69,69,201,201,224,6,6,6,37,37,37,37,112,163,163,197,197],"floor_reached":29,"playtime":1686,"items_purged":["Strike_G"],"score":267,"play_id":"7ffa6d76-6dfd-4e1e-aecc-0cbbdf007df0","local_time":"20201211061633","is_ascension_mode":true,"campfire_choices":[{"floor":8,"key":"REST"},{"data":"Crippling Poison","floor":15,"key":"SMITH"},{"floor":23,"key":"REST"},{"floor":28,"key":"REST"}],"circlet_count":0,"master_deck":["Strike_G","Strike_G","Strike_G","Strike_G","Defend_G","Defend_G","Defend_G+1","Defend_G","Defend_G","Survivor","Neutralize+1","Slice","Escape Plan","Crippling Poison","Prepared","Flying Knee","Poisoned Stab","Deflect","conspire:SpireCoStock","conspire:SpireCoStock","Crippling Poison+1","Prepared","Poisoned Stab","Dodge and Roll+1","Shame","Outmaneuver+1"],"relics":["Ring of the Snake","Bag of Marbles","aspiration:VileToxins","conspire:SlowCooker","Medical Kit","MutagenicStrength","conspire:DecoderRing","aspiration:SeaSaltIceCream","aspiration:Nostalgia","Burning Blood"],"acts_visited":["Exordium","TheCity"],"potions_floor_usage":[6,16,16,18],"damage_taken":[{"damage":3,"enemies":"Jaw Worm","floor":1,"turns":5},{"damage":0,"enemies":"2 Louse","floor":2,"turns":2},{"damage":0,"enemies":"Small Slimes","floor":4,"turns":3},{"damage":26,"enemies":"3 Sentries","floor":6,"turns":10},{"damage":5,"enemies":"Blue Slaver","floor":7,"turns":6},{"damage":9,"enemies":"Exordium Thugs","floor":10,"turns":5},{"damage":0,"enemies":"Looter","floor":13,"turns":3},{"damage":0,"enemies":"Red Slaver","floor":14,"turns":3},{"damage":35,"enemies":"Slime Boss","floor":16,"turns":17},{"damage":19,"enemies":"Chosen","floor":18,"turns":6},{"damage":22,"enemies":"Shell Parasite","floor":22,"turns":6},{"damage":67,"enemies":"Book of Stabbing","floor":27,"turns":10},{"damage":52,"enemies":"3 Cultists","floor":29,"turns":5}],"seed_played":"8939309716541304294","potions_obtained":[{"floor":1,"key":"FearPotion"},{"floor":2,"key":"Explosive Potion"},{"floor":7,"key":"Energy Potion"},{"floor":10,"key":"GhostInAJar"},{"floor":16,"key":"Explosive Potion"},{"floor":18,"key":"FairyPotion"}],"is_trial":false,"path_per_floor":["M","M","$","M","?","E","M","R","T","M","?","?","M","M","R","B",null,"M","$","?","?","M","R","?","?","T","E","R","M"],"character_chosen":"THE_SILENT","items_purchased":["Crippling Poison","Medical Kit"],"campfire_rested":3,"item_purchase_floors":[3,19],"current_hp_per_floor":[74,74,74,74,59,33,28,51,51,42,42,42,42,42,42,7,77,58,58,58,58,36,59,59,59,59,17,40,0,0],"gold":197,"neow_bonus":"TEN_PERCENT_HP_BONUS","is_daily":false,"chose_seed":false,"campfire_upgraded":1,"win_rate":0.0,"timestamp":1607688993,"path_taken":["M","M","$","M","?","E","M","R","T","M","?","?","M","M","R","BOSS","M","$","?","?","M","R","?","?","T","E","R","M"],"items_purchased_type":["Card","Relic"],"build_version":"2020-11-30","purchased_purges":1,"victory":false,"max_hp_per_floor":[77,77,77,77,77,77,77,77,77,77,77,77,77,77,77,77,77,77,77,77,77,77,77,77,77,77,77,77,77,77],"card_choices":[{"not_picked":["Tactician","Expertise"],"picked":"Slice","floor":1},{"not_picked":["Acrobatics","Sucker Punch"],"picked":"Escape Plan","floor":2},{"not_picked":["Infinite Blades","Quick Slash"],"picked":"Prepared","floor":4},{"not_picked":["Cloak And Dagger","Prepared"],"picked":"Flying Knee","floor":6},{"not_picked":["Bane","Quick Slash"],"picked":"Poisoned Stab","floor":7},{"not_picked":["Envenom","Acrobatics"],"picked":"Deflect","floor":10},{"not_picked":["Choke","Sucker Punch"],"picked":"Crippling Poison","floor":13},{"not_picked":["Sucker Punch","Riddle With Holes"],"picked":"Prepared","floor":14},{"not_picked":["Calculated Gamble+1","Quick Slash"],"picked":"Poisoned Stab","floor":18},{"not_picked":["Dagger Throw+1","PiercingWail"],"picked":"Dodge and Roll+1","floor":22},{"not_picked":["Deflect","Dash"],"picked":"Outmaneuver+1","floor":27}],"player_experience":106779,"relics_obtained":[{"floor":6,"key":"Bag of Marbles"},{"floor":9,"key":"aspiration:VileToxins"},{"floor":26,"key":"conspire:DecoderRing"},{"floor":27,"key":"aspiration:SeaSaltIceCream"}],"event_choices":[{"damage_healed":0,"gold_gain":0,"player_choice":"Entered Light","damage_taken":15,"max_hp_gain":0,"max_hp_loss":0,"event_name":"Shining Light","floor":5,"gold_loss":0,"cards_upgraded":["Neutralize","Defend_G"]},{"damage_healed":0,"gold_gain":0,"player_choice":"Invest 2","damage_taken":0,"max_hp_gain":0,"max_hp_loss":0,"event_name":"conspire:Investor","floor":11,"gold_loss":0},{"damage_healed":0,"gold_gain":0,"player_choice":"Searched \u00270\u0027 times","damage_taken":0,"max_hp_gain":0,"max_hp_loss":0,"event_name":"Dead Adventurer","floor":12,"gold_loss":0},{"damage_healed":0,"gold_gain":0,"player_choice":"Inject Mutagens","damage_taken":0,"relics_obtained":["MutagenicStrength"],"max_hp_gain":0,"max_hp_loss":0,"event_name":"Drug Dealer","floor":20,"gold_loss":0},{"damage_healed":0,"gold_gain":0,"player_choice":"Ignored","damage_taken":0,"max_hp_gain":0,"max_hp_loss":0,"event_name":"Vampires","floor":21,"gold_loss":0},{"damage_healed":0,"gold_gain":0,"player_choice":"Ignored","damage_taken":0,"max_hp_gain":0,"max_hp_loss":0,"event_name":"Ghosts","floor":25,"gold_loss":0}],"is_beta":false,"boss_relics":[{"not_picked":["HoveringKite","aspiration:DefectSkillbook"],"picked":"conspire:SlowCooker"}],"items_purged_floors":[19],"is_endless":false,"potions_floor_spawned":[1,2,7,10,16,18],"killed_by":"3 Cultists","ascension_level":2}}