{"host":"5gc11emcm5chfr5t","time":1607714041,"event":{"mods":["2.2 Compatiblity","AchievementEnabler","BaseMod","Bestiary","Better Note","Colored Map","Colored Powertips","Googly Eyes","Minty Spire (QoL Compilation)","Rare Cards Sparkle","StSLib"],"gold_per_floor":[118,134,148,223,238,238,267,267,267,297,102,133,133,150,150,245,245,258,258,258,271,17,17,50,50,50,50,63,63,63,63,63,162,162,175,187,206,206,206,206,21,35,35,66,66,96,0,10,10,10,10],"floor_reached":50,"playtime":2739,"items_purged":[],"score":680,"play_id":"804df6a4-ca51-4405-9d40-7dbae95f1252","local_time":"20201211141401","is_ascension_mode":true,"campfire_choices":[{"floor":6.0,"key":"REST"},{"floor":15.0,"key":"REST"},{"data":"Offering","floor":23.0,"key":"SMITH"},{"floor":27.0,"key":"REST"},{"data":"Armaments","floor":29.0,"key":"SMITH"},{"data":"Bite","floor":32.0,"key":"SMITH"},{"data":"Dark Embrace","floor":40.0,"key":"SMITH"},{"data":"Hemokinesis","floor":49,"key":"SMITH"}],"circlet_count":0,"master_deck":["Warcry+1","Hemokinesis+1","Power Through+1","Armaments+1","Offering+1","Headbutt","Pommel Strike","Infernal Blade+1","Impervious+1","Juggernaut","Spot Weakness+1","Flex+1","Ghostly+1","Ghostly+1","Ghostly+1","Ghostly+1","Ghostly+1","Hemokinesis","Intimidate+1","Limit Break+1","Bite","Bite","Bite","Bite","Bite+1","Immolate","Dark Embrace+1","Apotheosis+1","Parasite"],"relics":["Burning Blood","Odd Mushroom","WingedGreaves","Toxic Egg 2","Vajra","War Paint","Ornamental Fan","Astrolabe","MealTicket","Mummified Hand","Red Skull","Gremlin Horn","Busted Crown","Singing Bowl","Eternal Feather","Sundial","Red Mask"],"acts_visited":["Exordium","TheCity","TheBeyond"],"potions_floor_usage":[50,50],"damage_taken":[{"damage":6.0,"enemies":"Jaw Worm","floor":1.0,"turns":2.0},{"damage":2.0,"enemies":"2 Louse","floor":2.0,"turns":2.0},{"damage":2.0,"enemies":"Cultist","floor":3.0,"turns":3.0},{"damage":10.0,"enemies":"Blue Slaver","floor":5.0,"turns":2.0},{"damage":17.0,"enemies":"The Mushroom Lair","floor":7.0,"turns":3.0},{"damage":25.0,"enemies":"Gremlin Nob","floor":10.0,"turns":5.0},{"damage":22.0,"enemies":"Lagavulin","floor":12.0,"turns":4.0},{"damage":0.0,"enemies":"3 Louse","floor":14.0,"turns":3.0},{"damage":30.0,"enemies":"The Guardian","floor":16.0,"turns":11.0},{"damage":12.0,"enemies":"Spheric Guardian","floor":18.0,"turns":4.0},{"damage":6.0,"enemies":"2 Thieves","floor":21.0,"turns":5.0},{"damage":40.0,"enemies":"Gremlin Leader","floor":24.0,"turns":9.0},{"damage":6.0,"enemies":"Snake Plant","floor":28.0,"turns":3.0},{"damage":31.0,"enemies":"Champ","floor":33.0,"turns":9.0},{"damage":4.0,"enemies":"3 Darklings","floor":35.0,"turns":5.0},{"damage":3.0,"enemies":"Orb Walker","floor":36.0,"turns":3.0},{"damage":24.0,"enemies":"Maw","floor":37.0,"turns":7.0},{"damage":9.0,"enemies":"Writhing Mass","floor":42.0,"turns":6.0},{"damage":3.0,"enemies":"Reptomancer","floor":44.0,"turns":3.0},{"damage":21,"enemies":"Nemesis","floor":46,"turns":7},{"damage":3,"enemies":"Sphere and 2 Shapes","floor":48,"turns":2},{"damage":65,"enemies":"Awakened One","floor":50,"turns":8}],"seed_played":"6317464494693301005","potions_obtained":[{"floor":2.0,"key":"Energy Potion"},{"floor":3.0,"key":"SneckoOil"},{"floor":14.0,"key":"Swift Potion"},{"floor":21.0,"key":"Regen Potion"},{"floor":24.0,"key":"Strength Potion"},{"floor":37.0,"key":"BloodPotion"},{"floor":46,"key":"PowerPotion"}],"is_trial":false,"path_per_floor":["M","M","M","?","M","R","?","?","T","E","$","E","?","M","R","B",null,"M","?","?","M","$","R","E","?","T","R","M","R","?","$","R","B",null,"M","M","M","?","?","R","$","M","T","E","?","E","?","M","R","B"],"character_chosen":"IRONCLAD","items_purchased":["War Paint","Infernal Blade+1","Mummified Hand","Apotheosis+1"],"campfire_rested":3,"item_purchase_floors":[11,11,22,41],"current_hp_per_floor":[72,72,72,61,57,72,61,49,49,30,30,14,14,20,41,17,72,66,36,36,36,36,36,16,16,16,26,26,26,25,25,25,17,25,25,25,24,24,24,24,25,25,25,27,23,28,28,37,37,0,0],"gold":10,"neow_bonus":"TRANSFORM_TWO_CARDS","is_daily":false,"chose_seed":false,"campfire_upgraded":5,"win_rate":0.0,"timestamp":1607714041,"path_taken":["M","M","M","?","M","R","?","?","T","E","$","E","?","?","R","BOSS","M","?","?","?","$","R","E","?","T","R","M","R","?","?","R","BOSS","M","M","M","?","?","R","$","?","T","E","?","E","?","M","R","BOSS"],"items_purchased_type":["Relic","Undefined","Relic","Undefined"],"build_version":"2020-11-30","purchased_purges":0,"victory":false,"max_hp_per_floor":[72,72,72,72,72,72,72,72,72,72,72,72,72,72,72,72,72,72,36,36,36,36,36,36,36,36,36,36,36,25,25,25,25,25,25,25,25,25,25,25,25,25,25,27,33,35,35,37,37,37,37],"card_choices":[{"not_picked":["Shrug It Off","Evolve"],"picked":"Power Through","floor":1.0},{"not_picked":["Twin Strike","Body Slam"],"picked":"Armaments","floor":2.0},{"not_picked":["Headbutt","Shrug It Off"],"picked":"Offering","floor":3.0},{"not_picked":["Body Slam","Burning Pact"],"picked":"Headbutt","floor":5.0},{"not_picked":["Dual Wield+1","Whirlwind"],"picked":"Pommel Strike","floor":10.0},{"not_picked":["Sword Boomerang","Double Tap+1"],"picked":"Impervious+1","floor":12.0},{"not_picked":["Pommel Strike","Headbutt"],"picked":"True Grit+1","floor":14.0},{"not_picked":["Brutality","Bludgeon"],"picked":"Juggernaut","floor":16.0},{"not_picked":["Havoc+1","Sword Boomerang"],"picked":"Flex+1","floor":18.0},{"not_picked":["Headbutt+1","Iron Wave"],"picked":"Hemokinesis","floor":21.0},{"not_picked":["Spot Weakness+1","Body Slam+1"],"picked":"Intimidate+1","floor":24.0},{"not_picked":["Sword Boomerang","Ghostly Armor+1"],"picked":"Limit Break+1","floor":28.0},{"not_picked":["Berserk","Reaper"],"picked":"Immolate","floor":33.0},{"not_picked":[],"picked":"Dark Embrace","floor":35.0},{"not_picked":["Flex+1"],"picked":"SKIP","floor":36.0},{"not_picked":["Sword Boomerang"],"picked":"SKIP","floor":37.0},{"not_picked":["Warcry+1"],"picked":"SKIP","floor":42.0},{"not_picked":["Hemokinesis+1"],"picked":"Singing Bowl","floor":44.0},{"not_picked":["Discovery+1"],"picked":"Singing Bowl","floor":45.0},{"not_picked":["Finesse+1"],"picked":"Singing Bowl","floor":45.0},{"not_picked":["Enlightenment+1"],"picked":"Singing Bowl","floor":45.0},{"not_picked":["Evolve"],"picked":"Singing Bowl","floor":46},{"not_picked":["Wild Strike"],"picked":"Singing Bowl","floor":48}],"player_experience":314461,"relics_obtained":[{"floor":7.0,"key":"Odd Mushroom"},{"floor":9.0,"key":"Toxic Egg 2"},{"floor":10.0,"key":"Vajra"},{"floor":12.0,"key":"Ornamental Fan"},{"floor":24.0,"key":"Red Skull"},{"floor":26.0,"key":"Gremlin Horn"},{"floor":43.0,"key":"Singing Bowl"},{"floor":44.0,"key":"Eternal Feather"},{"floor":46,"key":"Sundial"}],"event_choices":[{"damage_healed":0.0,"max_hp_gain":0.0,"max_hp_loss":0.0,"gold_gain":75.0,"event_name":"World of Goop","player_choice":"Gather Gold","floor":4.0,"gold_loss":0.0,"damage_taken":11.0},{"damage_healed":0.0,"max_hp_gain":0.0,"max_hp_loss":0.0,"gold_gain":0.0,"event_name":"Mushrooms","player_choice":"Fought Mushrooms","floor":7.0,"gold_loss":0.0,"damage_taken":0.0},{"damage_healed":0.0,"max_hp_gain":0.0,"max_hp_loss":0.0,"gold_gain":0.0,"event_name":"Scrap Ooze","player_choice":"Success","floor":8.0,"gold_loss":0.0,"damage_taken":12.0,"relics_obtained":["WingedGreaves"]},{"damage_healed":0.0,"max_hp_gain":0.0,"max_hp_loss":0.0,"gold_gain":0.0,"cards_transformed":["Bash"],"event_name":"Transmorgrifier","player_choice":"Transformed","floor":13.0,"gold_loss":0.0,"damage_taken":0.0,"cards_obtained":["Clash"]},{"damage_healed":0.0,"max_hp_gain":0.0,"max_hp_loss":36.0,"gold_gain":0.0,"event_name":"Ghosts","player_choice":"Became a Ghost","floor":19.0,"gold_loss":0.0,"damage_taken":0.0,"cards_obtained":["Ghostly","Ghostly","Ghostly","Ghostly","Ghostly"]},{"cards_removed":["Burning Pact"],"damage_healed":0.0,"max_hp_gain":0.0,"max_hp_loss":0.0,"gold_gain":0.0,"event_name":"WeMeetAgain","player_choice":"Gave Card","floor":20.0,"gold_loss":0.0,"damage_taken":0.0,"relics_obtained":["MealTicket"]},{"damage_healed":0.0,"max_hp_gain":0.0,"max_hp_loss":0.0,"gold_gain":0.0,"event_name":"Back to Basics","player_choice":"Simplicity","floor":25.0,"gold_loss":0.0,"damage_taken":0.0,"cards_upgraded":["Strike_R","Strike_R","Strike_R","Strike_R","Strike_R"]},{"damage_healed":0.0,"max_hp_gain":0.0,"max_hp_loss":11.0,"gold_gain":0.0,"event_name":"Vampires","player_choice":"Became a vampire","floor":30.0,"gold_loss":0.0,"damage_taken":0.0,"cards_obtained":["Bite","Bite","Bite","Bite","Bite"]},{"cards_removed":["Shockwave"],"damage_healed":0.0,"max_hp_gain":0.0,"max_hp_loss":0.0,"gold_gain":0.0,"event_name":"Falling","player_choice":"Removed Skill","floor":38.0,"gold_loss":0.0,"damage_taken":0.0},{"cards_removed":["True Grit"],"damage_healed":0.0,"max_hp_gain":0.0,"max_hp_loss":0.0,"gold_gain":0.0,"event_name":"Purifier","player_choice":"Purged","floor":39.0,"gold_loss":0.0,"damage_taken":0.0},{"damage_healed":0.0,"max_hp_gain":0.0,"max_hp_loss":0.0,"gold_gain":0.0,"event_name":"SensoryStone","player_choice":"Memory 3","floor":45.0,"gold_loss":0.0,"damage_taken":10.0},{"damage_healed":0,"gold_gain":0,"player_choice":"Paid","damage_taken":0,"relics_obtained":["Red Mask"],"max_hp_gain":0,"max_hp_loss":0,"event_name":"Tomb of Lord Red Mask","floor":47,"gold_loss":96}],"is_beta":false,"boss_relics":[{"not_picked":["Empty Cage","Philosopher\u0027s Stone"],"picked":"Astrolabe"},{"not_picked":["Mark of Pain","Coffee Dripper"],"picked":"Busted Crown"}],"items_purged_floors":[],"is_endless":false,"potions_floor_spawned":[2,3,14,21,24,37,46],"killed_by":"Awakened One","ascension_level":3}}