{"host":"1c52r9kaxdyo25eq","time":1607713937,"event":{"mods":["AchievementEnabler","BaseMod","Minty Spire (QoL Compilation)","Rare Cards Sparkle","SuperFastMode","everything is the same but u backflip on backflip"],"gold_per_floor":[116,116,116,131,145,145,158,158,208,208,52,52,82,92,92,92,92],"floor_reached":16,"playtime":349,"items_purged":["Defend_P"],"score":195,"play_id":"f99138a5-548f-4773-85e1-bd69d640a438","local_time":"20201212041217","is_ascension_mode":true,"campfire_choices":[{"data":"Study","floor":6.0,"key":"SMITH"},{"data":"DeusExMachina","floor":8.0,"key":"SMITH"},{"data":"Adaptation","floor":12.0,"key":"SMITH"},{"data":"Adaptation","floor":15.0,"key":"SMITH"}],"circlet_count":0,"master_deck":["AscendersBane","Strike_P","Strike_P","Strike_P","Strike_P","Defend_P","Defend_P","Eruption+1","Vigilance","Study+1","DeusExMachina+1","Adaptation+1","Adaptation+1"],"relics":["PureWater","Anchor","Happy Flower"],"acts_visited":["Exordium"],"potions_floor_usage":[16,16],"damage_taken":[{"damage":4.0,"enemies":"Jaw Worm","floor":1.0,"turns":4.0},{"damage":7.0,"enemies":"2 Louse","floor":4.0,"turns":4.0},{"damage":3.0,"enemies":"Cultist","floor":5.0,"turns":4.0},{"damage":4.0,"enemies":"Exordium Wildlife","floor":7.0,"turns":3.0},{"damage":2.0,"enemies":"Lagavulin","floor":13.0,"turns":5.0},{"damage":8.0,"enemies":"Blue Slaver","floor":14.0,"turns":4.0},{"damage":39,"enemies":"Hexaghost","floor":16,"turns":9}],"seed_played":"-8965953635065423273","potions_obtained":[{"floor":4.0,"key":"Block Potion"},{"floor":7.0,"key":"Energy Potion"},{"floor":13.0,"key":"SpeedPotion"},{"floor":14.0,"key":"Regen Potion"}],"is_trial":false,"path_per_floor":["M","?","?","M","M","R","M","R","T","?","$","R","E","M","R","B"],"character_chosen":"WATCHER","items_purchased":["Adaptation"],"campfire_rested":0,"item_purchase_floors":[11],"current_hp_per_floor":[57,62,62,55,52,52,48,48,48,48,48,48,46,38,38,14,14],"gold":92,"neow_bonus":"UPGRADE_CARD","is_daily":false,"chose_seed":false,"campfire_upgraded":4,"win_rate":0.0,"timestamp":1607713937,"path_taken":["M","?","?","?","M","R","M","R","T","?","$","R","E","M","R","BOSS"],"items_purchased_type":["Card"],"build_version":"2020-11-30","purchased_purges":1,"victory":false,"max_hp_per_floor":[68,73,73,73,73,73,73,73,73,73,73,73,73,73,73,73,73],"card_choices":[{"not_picked":["PathToVictory","Wireheading","FlyingSleeves"],"picked":"SKIP","floor":1.0},{"not_picked":["ClearTheMind","Consecrate"],"picked":"Study","floor":4.0},{"not_picked":["BowlingBash","FollowUp"],"picked":"DeusExMachina","floor":5.0},{"not_picked":["Vengeance","Consecrate","Fasting2"],"picked":"SKIP","floor":7.0},{"not_picked":["CarveReality","ThirdEye","Weave"],"picked":"SKIP","floor":13.0},{"not_picked":["Sanctity","WreathOfFlame"],"picked":"Adaptation","floor":14.0}],"player_experience":462394,"relics_obtained":[{"floor":9.0,"key":"Anchor"},{"floor":13.0,"key":"Happy Flower"}],"event_choices":[{"damage_healed":0.0,"max_hp_gain":5.0,"max_hp_loss":0.0,"gold_gain":0.0,"event_name":"Big Fish","player_choice":"Donut","floor":2.0,"gold_loss":0.0,"damage_taken":0.0},{"cards_removed":["Defend_P"],"damage_healed":0.0,"max_hp_gain":0.0,"max_hp_loss":0.0,"gold_gain":0.0,"event_name":"Purifier","player_choice":"Purged","floor":3.0,"gold_loss":0.0,"damage_taken":0.0},{"damage_healed":0.0,"max_hp_gain":0.0,"max_hp_loss":0.0,"gold_gain":0.0,"event_name":"Shining Light","player_choice":"Ignored","floor":10.0,"gold_loss":0.0,"damage_taken":0.0}],"is_beta":false,"boss_relics":[],"items_purged_floors":[11],"is_endless":false,"potions_floor_spawned":[4,7,13,14],"killed_by":"Hexaghost","ascension_level":19}}