{"host":"by8i6f8xc0ywpsd5","time":1607704040,"event":{"mods":["BaseMod","Colored Map","Minty Spire (QoL Compilation)","Relic Stats"],"gold_per_floor":[118,130,146,157,82,117,117,150,150,179,144,173,173,173,173,173,173],"floor_reached":16,"playtime":789,"items_purged":["Strike_R"],"score":243,"play_id":"1d6bec5a-f846-4a34-8d2d-c25d70868ca0","local_time":"20201211182720","is_ascension_mode":true,"campfire_choices":[{"data":"Armaments","floor":7,"key":"SMITH"},{"data":"Jack Of All Trades","floor":15,"key":"SMITH"}],"circlet_count":0,"master_deck":["AscendersBane","Strike_R","Strike_R","Strike_R","Strike_R","Defend_R","Defend_R","Defend_R","Defend_R","Bash","Jack Of All Trades+1","Pommel Strike","Clothesline","Armaments+1","Evolve"],"relics":["Burning Blood","Omamori","Bird Faced Urn","Gambling Chip","Charon\u0027s Ashes","Bag of Marbles","Centennial Puzzle","Self Forming Clay"],"acts_visited":["Exordium"],"potions_floor_usage":[6,6,8,8],"damage_taken":[{"damage":1,"enemies":"Cultist","floor":1,"turns":3},{"damage":4,"enemies":"Jaw Worm","floor":2,"turns":5},{"damage":4,"enemies":"Small Slimes","floor":3,"turns":3},{"damage":10,"enemies":"Blue Slaver","floor":4,"turns":5},{"damage":27,"enemies":"Lagavulin","floor":6,"turns":9},{"damage":17,"enemies":"Gremlin Nob","floor":8,"turns":4},{"damage":17,"enemies":"3 Sentries","floor":10,"turns":11},{"damage":30,"enemies":"Lagavulin","floor":12,"turns":8},{"damage":28,"enemies":"The Guardian","floor":16,"turns":8}],"seed_played":"3023501380046066522","potions_obtained":[{"floor":1,"key":"Explosive Potion"},{"floor":2,"key":"EntropicBrew"},{"floor":10,"key":"FearPotion"}],"is_trial":false,"path_per_floor":["M","M","M","M","$","E","R","E","T","E","?","E","?","T","R","B"],"character_chosen":"IRONCLAD","items_purchased":[],"campfire_rested":0,"item_purchase_floors":[],"current_hp_per_floor":[73,75,75,71,71,50,50,39,39,30,48,26,26,26,26,0,0],"gold":173,"neow_bonus":"RANDOM_COLORLESS","is_daily":false,"chose_seed":false,"campfire_upgraded":2,"win_rate":0.0,"timestamp":1607704040,"path_taken":["M","M","M","?","$","E","R","E","T","E","?","E","?","?","R","BOSS"],"items_purchased_type":[],"build_version":"2020-11-30","purchased_purges":1,"victory":false,"max_hp_per_floor":[75,75,75,75,75,75,75,75,75,75,75,75,75,75,75,75,75],"relic_stats":{"Centennial Puzzle":[3],"counters":[9,56],"Self Forming Clay":[12],"Bird Faced Urn":[6],"Gambling Chip":[12],"Charon\u0027s Ashes":[9],"obtain_stats":[{"Centennial Puzzle":13,"Self Forming Clay":14,"Bird Faced Urn":8,"Gambling Chip":9,"Charon\u0027s Ashes":10,"Omamori":6,"Bag of Marbles":12,"Burning Blood":0},{"Centennial Puzzle":8,"Self Forming Clay":8,"Bird Faced Urn":6,"Gambling Chip":6,"Charon\u0027s Ashes":7,"Omamori":5,"Bag of Marbles":8,"Burning Blood":0},{"Centennial Puzzle":48,"Self Forming Clay":48,"Bird Faced Urn":29,"Gambling Chip":29,"Charon\u0027s Ashes":40,"Omamori":25,"Bag of Marbles":48,"Burning Blood":0}],"Burning Blood":46},"card_choices":[{"not_picked":["Panacea","Enlightenment"],"picked":"Jack Of All Trades","floor":0},{"not_picked":["Uppercut","Thunderclap"],"picked":"Pommel Strike","floor":1},{"not_picked":["Twin Strike","Pommel Strike"],"picked":"Clothesline","floor":2},{"not_picked":["Body Slam","Anger","Iron Wave"],"picked":"SKIP","floor":3},{"not_picked":["Dropkick","Iron Wave"],"picked":"Armaments","floor":4},{"not_picked":["Flex","True Grit","Sword Boomerang"],"picked":"SKIP","floor":6},{"not_picked":["Body Slam","Warcry"],"picked":"Evolve","floor":8},{"not_picked":["Bludgeon","Fire Breathing","Metallicize"],"picked":"SKIP","floor":10},{"not_picked":["Reckless Charge","Entrench","Thunderclap"],"picked":"SKIP","floor":12}],"player_experience":1627186,"relics_obtained":[{"floor":6,"key":"Omamori"},{"floor":8,"key":"Bird Faced Urn"},{"floor":9,"key":"Gambling Chip"},{"floor":10,"key":"Charon\u0027s Ashes"},{"floor":12,"key":"Bag of Marbles"},{"floor":14,"key":"Self Forming Clay"}],"event_choices":[{"damage_healed":18,"gold_gain":0,"player_choice":"Healed","damage_taken":0,"max_hp_gain":0,"max_hp_loss":0,"event_name":"The Cleric","floor":11,"gold_loss":35},{"damage_healed":0,"gold_gain":0,"player_choice":"Box","damage_taken":0,"relics_obtained":["Centennial Puzzle"],"max_hp_gain":0,"max_hp_loss":0,"event_name":"Big Fish","floor":13,"gold_loss":0,"cards_obtained":["Regret"]}],"is_beta":false,"boss_relics":[],"items_purged_floors":[5],"is_endless":false,"potions_floor_spawned":[1,2,10],"killed_by":"The Guardian","ascension_level":18}}