{"host":"6x4iiutqpimyd4s6","time":1607718836,"event":{"mods":["AchievementEnabler","BaseMod","BetterRewards","Colored Map","Data Control","Minty Spire (QoL Compilation)","Nulf Mod","Remove Card Discount Mod","Shop Mod","StSLib"],"gold_per_floor":[113,113,93,108,125,156,156,176,176,176,203,303,336,362,362,457,457,475,486,500,486,486,414,414,428,428,448,483,483,483,497,497,600,600,600],"floor_reached":34,"playtime":613,"items_purged":["Strike_R","Strike_R","Strike_R","Strike_R","Defend_R","Defend_R","Strike_R"],"score":550,"play_id":"eae4d5c7-f793-454d-bc18-5eaf87dec3ce","local_time":"20201211153356","is_ascension_mode":false,"campfire_choices":[{"data":"Barricade","floor":7,"key":"SMITH"},{"data":"Heavy Blade","floor":10,"key":"SMITH"},{"data":"Body Slam","floor":15,"key":"SMITH"},{"data":"Juggernaut","floor":24,"key":"SMITH"},{"data":"Shrug It Off","floor":30,"key":"SMITH"},{"data":"Dropkick","floor":32,"key":"SMITH"}],"circlet_count":0,"master_deck":["Defend_R","Defend_R","Bash+1","Heavy Blade+1","Barricade+1","Body Slam","Body Slam+1","Juggernaut+1","Dropkick+1","Body Slam+1","Shrug It Off+1","Demon Form"],"relics":["Burning Blood","Nulfmod:PlaceholderRelic","Nulfmod:PlaceholderRelic2","Thread and Needle","FossilizedHelix","WingedGreaves","Smiling Mask","Incense Burner","Eternal Feather","Pocketwatch","Nunchaku","Pen Nib"],"acts_visited":["Exordium","TheCity","TheBeyond"],"potions_floor_usage":[],"damage_taken":[{"damage":13,"enemies":"Jaw Worm","floor":1,"turns":3},{"damage":0,"enemies":"Cultist","floor":4,"turns":2},{"damage":0,"enemies":"Small Slimes","floor":5,"turns":2},{"damage":0,"enemies":"Gremlin Nob","floor":6,"turns":3},{"damage":0,"enemies":"Red Slaver","floor":8,"turns":2},{"damage":0,"enemies":"Lagavulin","floor":11,"turns":4},{"damage":0,"enemies":"3 Sentries","floor":13,"turns":4},{"damage":0,"enemies":"Lagavulin","floor":14,"turns":2},{"damage":26,"enemies":"Hexaghost","floor":16,"turns":5},{"damage":0,"enemies":"Spheric Guardian","floor":18,"turns":3},{"damage":10,"enemies":"2 Thieves","floor":19,"turns":4},{"damage":5,"enemies":"Shelled Parasite and Fungi","floor":20,"turns":3},{"damage":0,"enemies":"Snecko","floor":25,"turns":2},{"damage":0,"enemies":"Snake Plant","floor":27,"turns":2},{"damage":1,"enemies":"Book of Stabbing","floor":28,"turns":3},{"damage":0,"enemies":"Shelled Parasite and Fungi","floor":31,"turns":3},{"damage":0,"enemies":"Champ","floor":33,"turns":4}],"seed_played":"819659998328227455","potions_obtained":[{"floor":1,"key":"Fire Potion"},{"floor":3,"key":"Explosive Potion"},{"floor":4,"key":"FairyPotion"},{"floor":29,"key":"DuplicationPotion"}],"is_trial":false,"path_per_floor":["M","?","?","M","M","E","R","M","T","R","E","?","E","E","R","B",null,"M","M","M","$","T","$","R","M","T","M","E","?","R","M","R","B",null],"character_chosen":"IRONCLAD","items_purchased":["Dropkick"],"campfire_rested":0,"item_purchase_floors":[23],"current_hp_per_floor":[73,48,48,54,60,66,66,72,72,72,78,78,80,80,80,60,80,80,76,77,77,77,77,80,80,80,80,80,80,80,80,80,80,80,80],"gold":600,"neow_bonus":"UPGRADE_CARD","is_daily":false,"chose_seed":false,"campfire_upgraded":6,"win_rate":0.0,"timestamp":1607718836,"path_taken":["M","?","?","M","?","E","R","M","T","R","E","?","E","E","R","BOSS","M","M","M","$","?","$","R","?","T","M","E","?","R","M","R","BOSS"],"items_purchased_type":["Card"],"build_version":"2020-11-30","purchased_purges":7,"victory":false,"max_hp_per_floor":[80,80,80,80,80,80,80,80,80,80,80,80,80,80,80,80,80,80,80,80,80,80,80,80,80,80,80,80,80,80,80,80,80,80,80],"card_choices":[{"not_picked":["Second Wind","Shockwave"],"picked":"Heavy Blade","floor":1},{"not_picked":["Sword Boomerang","Evolve","Havoc"],"picked":"SKIP","floor":4},{"not_picked":["Clothesline","Clash","Intimidate"],"picked":"SKIP","floor":5},{"not_picked":["Power Through","Evolve"],"picked":"Barricade","floor":6},{"not_picked":["Headbutt","Pommel Strike","Wild Strike"],"picked":"SKIP","floor":8},{"not_picked":["Flex","True Grit"],"picked":"Body Slam","floor":11},{"not_picked":["Flex","Corruption"],"picked":"Body Slam","floor":13},{"not_picked":["Searing Blow","Wild Strike","Headbutt"],"picked":"SKIP","floor":14},{"not_picked":["Fiend Fire","Exhume"],"picked":"Juggernaut","floor":16},{"not_picked":["Armaments","Warcry","Perfected Strike+1"],"picked":"SKIP","floor":18},{"not_picked":["Armaments","Rage","Twin Strike"],"picked":"SKIP","floor":19},{"not_picked":["Cleave","Twin Strike+1","Shockwave+1"],"picked":"SKIP","floor":20},{"not_picked":["Sword Boomerang","Twin Strike","True Grit+1"],"picked":"SKIP","floor":25},{"not_picked":["Armaments","Heavy Blade"],"picked":"Body Slam+1","floor":27},{"not_picked":["Rampage+1","Hemokinesis"],"picked":"Shrug It Off","floor":28},{"not_picked":["Wild Strike","Blood for Blood+1","Fire Breathing"],"picked":"SKIP","floor":31},{"not_picked":["Double Tap","Brutality"],"picked":"Demon Form","floor":33}],"player_experience":285587,"relics_obtained":[{"floor":6,"key":"FossilizedHelix"},{"floor":9,"key":"WingedGreaves"},{"floor":11,"key":"Smiling Mask"},{"floor":13,"key":"Incense Burner"},{"floor":14,"key":"Eternal Feather"},{"floor":22,"key":"Pocketwatch"},{"floor":26,"key":"Nunchaku"},{"floor":28,"key":"Pen Nib"}],"event_choices":[{"damage_healed":0,"gold_gain":0,"player_choice":"Success","damage_taken":25,"relics_obtained":["Thread and Needle"],"max_hp_gain":0,"max_hp_loss":0,"event_name":"Scrap Ooze","floor":2,"gold_loss":0},{"damage_healed":0,"gold_gain":0,"player_choice":"Bought 1 Potion","damage_taken":0,"max_hp_gain":0,"max_hp_loss":0,"event_name":"The Woman in Blue","floor":3,"gold_loss":0},{"damage_healed":0,"gold_gain":100,"player_choice":"Pray","damage_taken":0,"max_hp_gain":0,"max_hp_loss":0,"event_name":"Golden Shrine","floor":12,"gold_loss":0},{"damage_healed":0,"gold_gain":0,"player_choice":"Got Potions","damage_taken":0,"max_hp_gain":0,"max_hp_loss":0,"event_name":"Lab","floor":29,"gold_loss":0}],"is_beta":false,"boss_relics":[{"not_picked":["Coffee Dripper","Mark of Pain","Calling Bell"]},{"not_picked":["Fusion Hammer","Snecko Eye","Cursed Key"]}],"items_purged_floors":[21,21,21,21,21,21,21],"is_endless":false,"potions_floor_spawned":[1,4,6,13,18,19,25,27],"ascension_level":0}}