{"host":"p245q48pmopyklqs","time":1607660594,"event":{"mods":["AchievementEnabler","BaseMod","DeckTracker","Minty Spire (QoL Compilation)","Relic Stats","StSLib","SuperFastMode"],"gold_per_floor":[117,130,130,280,293,293,324,261,288,16,51,67,67,67,67,144,144,164,182,76,76,126,126,140,151,151,167,167,181,181,205,205,276,276,295,314,324,324,324,324],"floor_reached":39,"playtime":1117,"items_purged":["Strike_P","Defend_P","Doubt"],"score":782,"play_id":"cd6cc13e-7f57-49ee-8ba4-2a95276f55f0","local_time":"20201211132314","is_ascension_mode":true,"campfire_choices":[{"data":"Eruption","floor":6.0,"key":"SMITH"},{"floor":13.0,"key":"REST"},{"data":"CrushJoints","floor":15.0,"key":"SMITH"},{"data":"Adaptation","floor":23,"key":"SMITH"},{"floor":28,"key":"REST"},{"data":"Scrawl","floor":30,"key":"SMITH"},{"data":"Ragnarok","floor":32,"key":"SMITH"}],"circlet_count":0,"master_deck":["AscendersBane","Eruption+1","Vigilance","Secret Technique","CrushJoints+1","SandsOfTime","Flash of Steel","Scrawl+1","Worship","Brilliance","Ragnarok+1","WindmillStrike","Prostrate","Adaptation+1","Vault","LessonLearned"],"relics":["PureWater","MawBank","Ancient Tea Set","Membership Card","Ice Cream","Pandora\u0027s Box","Tiny Chest","Philosopher\u0027s Stone"],"acts_visited":["Exordium","TheCity","TheBeyond"],"potions_floor_usage":[24,29],"damage_taken":[{"damage":0.0,"enemies":"Jaw Worm","floor":1.0,"turns":5.0},{"damage":8.0,"enemies":"2 Louse","floor":2.0,"turns":2.0},{"damage":0.0,"enemies":"Small Slimes","floor":5.0,"turns":4.0},{"damage":17.0,"enemies":"3 Sentries","floor":7.0,"turns":8.0},{"damage":16.0,"enemies":"Gremlin Nob","floor":11.0,"turns":3.0},{"damage":8.0,"enemies":"3 Louse","floor":12.0,"turns":4.0},{"damage":23.0,"enemies":"Slime Boss","floor":16.0,"turns":8.0},{"damage":0.0,"enemies":"Chosen","floor":18.0,"turns":3.0},{"damage":26,"enemies":"3 Byrds","floor":19,"turns":5},{"damage":9,"enemies":"Shelled Parasite and Fungi","floor":24,"turns":2},{"damage":12,"enemies":"Snake Plant","floor":25,"turns":2},{"damage":0,"enemies":"Snecko","floor":27,"turns":2},{"damage":0,"enemies":"Chosen and Byrds","floor":29,"turns":2},{"damage":6,"enemies":"Collector","floor":33,"turns":3},{"damage":25,"enemies":"3 Shapes","floor":35,"turns":4},{"damage":0,"enemies":"Orb Walker","floor":36,"turns":2},{"damage":0,"enemies":"3 Darklings","floor":37,"turns":3},{"damage":34,"enemies":"4 Shapes","floor":39,"turns":1}],"seed_played":"-5404350038965212231","potions_obtained":[{"floor":5.0,"key":"DistilledChaos"},{"floor":7.0,"key":"EntropicBrew"},{"floor":12.0,"key":"Explosive Potion"},{"floor":18.0,"key":"GamblersBrew"},{"floor":25,"key":"Regen Potion"},{"floor":36,"key":"SteroidPotion"}],"is_trial":false,"path_per_floor":["M","M","?","?","M","R","E","$","T","$","E","M","R","?","R","B",null,"M","M","$","?","?","R","M","M","T","M","R","M","R","T","R","B",null,"M","M","M","?","M"],"character_chosen":"WATCHER","items_purchased":["Membership Card","Flash of Steel","Adaptation"],"campfire_rested":2,"item_purchase_floors":[10,10,20],"current_hp_per_floor":[61,53,46,46,46,46,29,29,29,29,13,5,23,23,23,15,50,50,24,24,24,24,24,15,3,3,3,21,26,26,26,26,20,52,27,27,27,27,0,0],"gold":324,"neow_bonus":"RANDOM_COLORLESS_2","is_daily":false,"chose_seed":false,"campfire_upgraded":5,"win_rate":0.0,"timestamp":1607660594,"path_taken":["M","M","?","?","M","R","E","$","T","$","E","M","R","?","R","BOSS","M","M","$","?","?","R","M","M","T","M","R","M","R","?","R","BOSS","M","M","M","?","M"],"items_purchased_type":["Relic","Card","Card"],"build_version":"2020-11-30","purchased_purges":3,"victory":false,"max_hp_per_floor":[62,62,62,62,62,62,62,62,62,62,62,62,62,62,62,62,62,62,62,62,62,62,62,62,62,62,62,62,62,62,62,62,62,62,62,62,62,59,59,59],"relic_stats":{"counters":[18,63],"Pandora\u0027s Box":["Worship","Brilliance","Ragnarok","WindmillStrike","Prostrate"],"Tiny Chest":0,"MawBank":12,"obtain_stats":[{"Ice Cream":11,"Pandora\u0027s Box":17,"Tiny Chest":31,"Philosopher\u0027s Stone":34,"Membership Card":10,"PureWater":0,"MawBank":7,"Ancient Tea Set":9},{"Ice Cream":5,"Pandora\u0027s Box":7,"Tiny Chest":13,"Philosopher\u0027s Stone":14,"Membership Card":4,"PureWater":0,"MawBank":4,"Ancient Tea Set":4},{"Ice Cream":22,"Pandora\u0027s Box":34,"Tiny Chest":50,"Philosopher\u0027s Stone":53,"Membership Card":19,"PureWater":0,"MawBank":19,"Ancient Tea Set":19}]},"card_choices":[{"not_picked":["The Bomb","Metamorphosis"],"picked":"Secret Technique","floor":0.0},{"not_picked":["FlurryOfBlows","DeceiveReality"],"picked":"CrushJoints","floor":1.0},{"not_picked":["EmptyFist","Collect"],"picked":"SandsOfTime","floor":2.0},{"not_picked":["CrushJoints","WindmillStrike","FollowUp"],"picked":"SKIP","floor":5.0},{"not_picked":["CutThroughFate","SandsOfTime","EmptyMind"],"picked":"SKIP","floor":7.0},{"not_picked":["EmptyBody","CarveReality","CrushJoints"],"picked":"SKIP","floor":11.0},{"not_picked":["JustLucky","CrushJoints","Swivel"],"picked":"SKIP","floor":12.0},{"not_picked":["ConjureBlade","Brilliance"],"picked":"Scrawl","floor":16.0},{"not_picked":["JustLucky","WheelKick","LikeWater"],"picked":"SKIP","floor":18.0},{"not_picked":["WheelKick","Protect","Crescendo"],"picked":"SKIP","floor":19},{"not_picked":["SashWhip","EmptyFist","Perseverance"],"picked":"SKIP","floor":24},{"not_picked":["Indignation","Nirvana+1","CarveReality"],"picked":"SKIP","floor":25},{"not_picked":["Weave","Consecrate","EmptyFist"],"picked":"SKIP","floor":27},{"not_picked":["Evaluate","Halt","SashWhip"],"picked":"SKIP","floor":29},{"not_picked":["Wish","Omniscience"],"picked":"Vault","floor":33},{"not_picked":["SashWhip+1","Halt+1","JustLucky"],"picked":"SKIP","floor":35},{"not_picked":["Wireheading","Prostrate+1","BowlingBash+1"],"picked":"SKIP","floor":36},{"not_picked":["ClearTheMind","BowlingBash+1"],"picked":"LessonLearned","floor":37}],"player_experience":2253393,"relics_obtained":[{"floor":7.0,"key":"MawBank"},{"floor":9.0,"key":"Ancient Tea Set"},{"floor":11.0,"key":"Ice Cream"},{"floor":31,"key":"Tiny Chest"}],"event_choices":[{"cards_removed":["Defend_P"],"damage_healed":0.0,"max_hp_gain":0.0,"max_hp_loss":0.0,"gold_gain":0.0,"event_name":"Golden Wing","player_choice":"Card Removal","floor":3.0,"gold_loss":0.0,"damage_taken":7.0},{"damage_healed":0.0,"max_hp_gain":0.0,"max_hp_loss":0.0,"gold_gain":150.0,"event_name":"Liars Game","player_choice":"AGREE","floor":4.0,"gold_loss":0.0,"damage_taken":0.0,"cards_obtained":["Doubt"]},{"damage_healed":0.0,"max_hp_gain":0.0,"max_hp_loss":0.0,"gold_gain":0.0,"event_name":"The Cleric","player_choice":"Leave","floor":14.0,"gold_loss":0.0,"damage_taken":0.0},{"damage_healed":0,"gold_gain":0,"player_choice":"Ignored","damage_taken":0,"max_hp_gain":0,"max_hp_loss":0,"event_name":"The Mausoleum","floor":21,"gold_loss":0},{"damage_healed":0,"gold_gain":50,"player_choice":"Stole From Cult","damage_taken":0,"max_hp_gain":0,"max_hp_loss":0,"event_name":"Nest","floor":22,"gold_loss":0},{"damage_healed":0,"gold_gain":0,"player_choice":"Max HP","damage_taken":0,"max_hp_gain":0,"max_hp_loss":3,"event_name":"Winding Halls","floor":38,"gold_loss":0}],"is_beta":false,"boss_relics":[{"not_picked":["HolyWater","Black Star"],"picked":"Pandora\u0027s Box"},{"not_picked":["SacredBark","Busted Crown"],"picked":"Philosopher\u0027s Stone"}],"items_purged_floors":[8,10,20],"is_endless":false,"potions_floor_spawned":[5,7,12,18,25,36],"killed_by":"4 Shapes","ascension_level":20}}