{"host":"fevvm7bbzuh4s1jc","time":1607709232,"event":{"mods":["BaseMod","Highlight Path","Minty Spire (QoL Compilation)","Relic Stats"],"gold_per_floor":[118,129,129,143,155,185,185,199,199,235,264,278,278,303,303,388,388,414,339,359,359,359,387,387,400,433,542,30,61,76,76,76],"floor_reached":31,"playtime":1626,"items_purged":["Writhe"],"score":594,"play_id":"0252f4f9-219a-4c9c-acb9-1a5da76124cd","local_time":"20201211125352","is_ascension_mode":true,"campfire_choices":[{"data":"Glass Knife","floor":7,"key":"SMITH"},{"data":"Crippling Poison","floor":13,"key":"SMITH"},{"data":"Noxious Fumes","floor":15,"key":"SMITH"},{"floor":24,"key":"REST"}],"circlet_count":0,"master_deck":["AscendersBane","Strike_G","Strike_G","Strike_G+1","Strike_G","Defend_G","Defend_G","Defend_G","Defend_G","Defend_G","Survivor","Neutralize+1","Glass Knife+1","Leg Sweep","Noxious Fumes+1","Die Die Die","Neutralize","Crippling Poison+1","PiercingWail","Glass Knife+1","PiercingWail","Malaise","Backflip+1","Skewer+1","Footwork"],"relics":["Ring of the Snake","Calipers","Molten Egg 2","CeramicFish","Bottled Lightning","Cursed Key","Whetstone","Du-Vu Doll","Mummified Hand","Mercury Hourglass","Regal Pillow"],"acts_visited":["TheCity"],"potions_floor_usage":[10,16,23,27,29,29],"damage_taken":[{"damage":0,"enemies":"2 Louse","floor":1,"turns":2},{"damage":0,"enemies":"Cultist","floor":2,"turns":4},{"damage":0,"enemies":"Jaw Worm","floor":4,"turns":3},{"damage":6,"enemies":"Exordium Wildlife","floor":5,"turns":4},{"damage":15,"enemies":"3 Sentries","floor":6,"turns":8},{"damage":3,"enemies":"Looter","floor":8,"turns":3},{"damage":3,"enemies":"Gremlin Nob","floor":10,"turns":3},{"damage":2,"enemies":"2 Fungi Beasts","floor":11,"turns":3},{"damage":0,"enemies":"Blue Slaver","floor":12,"turns":1},{"damage":7,"enemies":"3 Sentries","floor":14,"turns":4},{"damage":19,"enemies":"Slime Boss","floor":16,"turns":9},{"damage":0,"enemies":"3 Byrds","floor":18,"turns":4},{"damage":11,"enemies":"2 Thieves","floor":20,"turns":3},{"damage":8,"enemies":"Book of Stabbing","floor":23,"turns":6},{"damage":8,"enemies":"Cultist and Chosen","floor":25,"turns":5},{"damage":17,"enemies":"Colosseum Slavers","floor":27,"turns":4},{"damage":5,"enemies":"Colosseum Nobs","floor":27,"turns":4},{"damage":7,"enemies":"Slavers","floor":29,"turns":5},{"damage":3,"enemies":"Snake Plant","floor":30,"turns":5},{"damage":6,"enemies":"Book of Stabbing","floor":31,"turns":5}],"seed_played":"-2389459296570670358","potions_obtained":[{"floor":1,"key":"ColorlessPotion"},{"floor":6,"key":"DuplicationPotion"},{"floor":8,"key":"GamblersBrew"},{"floor":10,"key":"SneckoOil"},{"floor":23,"key":"DuplicationPotion"},{"floor":25,"key":"BlessingOfTheForge"},{"floor":30,"key":"SpeedPotion"}],"is_trial":false,"path_per_floor":["M","M","?","M","M","E","R","M","T","E","M","M","R","E","R","B",null,"M","?","M","T","?","E","R","M","T","?","$","E","M","E"],"character_chosen":"THE_SILENT","items_purchased":["Footwork","Mercury Hourglass","LiquidMemories"],"campfire_rested":1,"item_purchase_floors":[28,28,28],"current_hp_per_floor":[59,59,59,59,53,38,38,35,35,32,30,30,30,23,23,4,46,46,46,35,35,35,27,45,37,37,15,15,8,5,0,0],"gold":76,"neow_bonus":"THREE_RARE_CARDS","is_daily":false,"chose_seed":false,"campfire_upgraded":3,"win_rate":0.0,"timestamp":1607709232,"path_taken":["M","M","?","M","M","E","R","?","T","E","?","M","R","E","R","BOSS","M","?","M","?","?","E","R","M","T","?","$","E","?","E"],"items_purchased_type":["Card","Relic","Potion"],"build_version":"2020-11-30","purchased_purges":1,"victory":false,"max_hp_per_floor":[60,60,60,60,60,60,60,60,60,60,60,60,60,60,60,60,60,60,60,60,60,60,60,60,60,60,60,60,60,60,60,60],"relic_stats":{"Regal Pillow":0,"counters":[20,85],"Mummified Hand":[3],"CeramicFish":63,"Whetstone":["Neutralize","Strike_G"],"Cursed Key":1,"obtain_stats":[{"Du-Vu Doll":27,"Regal Pillow":29,"Calipers":6,"Mummified Hand":27,"CeramicFish":10,"Molten Egg 2":9,"Bottled Lightning":14,"Whetstone":23,"Cursed Key":17,"Ring of the Snake":0,"Mercury Hourglass":28},{"Du-Vu Doll":17,"Regal Pillow":18,"Calipers":5,"Mummified Hand":17,"CeramicFish":7,"Molten Egg 2":6,"Bottled Lightning":10,"Whetstone":14,"Cursed Key":11,"Ring of the Snake":0,"Mercury Hourglass":17},{"Du-Vu Doll":70,"Regal Pillow":75,"Calipers":21,"Mummified Hand":70,"CeramicFish":27,"Molten Egg 2":24,"Bottled Lightning":35,"Whetstone":57,"Cursed Key":44,"Ring of the Snake":0,"Mercury Hourglass":70}],"Ring of the Snake":[40],"Mercury Hourglass":[39]},"card_choices":[{"not_picked":["Adrenaline","Storm of Steel"],"picked":"Glass Knife","floor":0},{"not_picked":["Quick Slash","Deadly Poison"],"picked":"Leg Sweep","floor":1},{"not_picked":["Flechettes","Deflect"],"picked":"Noxious Fumes","floor":2},{"not_picked":["Outmaneuver","Flying Knee"],"picked":"Crippling Poison","floor":4},{"not_picked":["Acrobatics","Dodge and Roll","Concentrate"],"picked":"SKIP","floor":5},{"not_picked":["Quick Slash","Deadly Poison","Endless Agony"],"picked":"SKIP","floor":6},{"not_picked":["Leg Sweep","Outmaneuver"],"picked":"PiercingWail","floor":8},{"not_picked":["Deadly Poison","Caltrops"],"picked":"Glass Knife+1","floor":10},{"not_picked":["Heel Hook+1","Flying Knee+1"],"picked":"PiercingWail","floor":11},{"not_picked":["Dagger Throw+1","PiercingWail","Noxious Fumes"],"picked":"SKIP","floor":12},{"not_picked":["Distraction","Outmaneuver","Doppelganger"],"picked":"SKIP","floor":14},{"not_picked":["Glass Knife+1","Tools of the Trade"],"picked":"Malaise","floor":16},{"not_picked":["Quick Slash+1","Dagger Spray+1"],"picked":"Backflip+1","floor":18},{"not_picked":["Bane+1","Expertise","Dodge and Roll"],"picked":"SKIP","floor":20},{"not_picked":["Concentrate","Poisoned Stab+1","Cloak And Dagger"],"picked":"SKIP","floor":23},{"not_picked":["Slice+1","Finisher+1","Outmaneuver"],"picked":"SKIP","floor":25},{"not_picked":["Sucker Punch+1","Setup"],"picked":"Skewer+1","floor":27},{"not_picked":["Caltrops","Skewer+1","Bane+1"],"picked":"SKIP","floor":29},{"not_picked":["Crippling Poison","Dagger Throw+1","Noxious Fumes"],"picked":"SKIP","floor":30}],"player_experience":2534101,"relics_obtained":[{"floor":6,"key":"Calipers"},{"floor":9,"key":"Molten Egg 2"},{"floor":10,"key":"CeramicFish"},{"floor":14,"key":"Bottled Lightning"},{"floor":23,"key":"Whetstone"},{"floor":27,"key":"Du-Vu Doll"},{"floor":27,"key":"Mummified Hand"},{"floor":29,"key":"Regal Pillow"}],"event_choices":[{"damage_healed":0,"gold_gain":0,"player_choice":"2 cards matched","damage_taken":0,"max_hp_gain":0,"max_hp_loss":0,"event_name":"Match and Keep!","floor":3,"gold_loss":0,"cards_obtained":["Die Die Die","Neutralize"]},{"cards_removed":["Strike_G"],"damage_healed":0,"gold_gain":0,"player_choice":"Gave Gold","damage_taken":0,"max_hp_gain":0,"max_hp_loss":0,"event_name":"Beggar","floor":19,"gold_loss":75},{"damage_healed":0,"gold_gain":0,"player_choice":"Ignored","damage_taken":0,"max_hp_gain":0,"max_hp_loss":0,"event_name":"The Mausoleum","floor":22,"gold_loss":0},{"damage_healed":0,"gold_gain":0,"player_choice":"Fight","damage_taken":0,"max_hp_gain":0,"max_hp_loss":0,"event_name":"Colosseum","floor":27,"gold_loss":0},{"damage_healed":0,"gold_gain":0,"player_choice":"Fought Nobs","damage_taken":0,"max_hp_gain":0,"max_hp_loss":0,"event_name":"Colosseum","floor":27,"gold_loss":0}],"is_beta":false,"boss_relics":[{"not_picked":["Pandora\u0027s Box","HoveringKite"],"picked":"Cursed Key"}],"items_purged_floors":[28],"is_endless":false,"potions_floor_spawned":[1,6,8,10,23,25,30],"killed_by":"Book of Stabbing","ascension_level":20}}