{"host":"msfr2axb1w9025n0","time":1607662169,"event":{"mods":["BaseMod","Colored Map","DeckTracker","Minty Spire (QoL Compilation)"],"gold_per_floor":[18,18,18,36,54,85,97,97,122,122,162,185,223,223,223,334,334,358,387,69,78,102,102,102,102],"floor_reached":24,"playtime":718,"items_purged":[],"score":324,"play_id":"86f89f98-bb14-412a-843b-a54b3e64cd60","local_time":"20201211114929","is_ascension_mode":true,"campfire_choices":[{"data":"Sunder","floor":8.0,"key":"SMITH"},{"data":"Beam Cell","floor":10.0,"key":"SMITH"},{"floor":15.0,"key":"REST"},{"floor":23.0,"key":"REST"}],"circlet_count":0,"master_deck":["AscendersBane","Strike_B","Defend_B","Defend_B","Defend_B","Defend_B","Zap","Dualcast+1","Sunder+1","Genetic Algorithm","Ball Lightning","Beam Cell+1","Self Repair","Gash","Steam","Echo Form","Rip and Tear","Cold Snap","Self Repair","Necronomicurse","Conserve Battery"],"relics":["Cracked Core","Juzu Bracelet","Anchor","CeramicFish","Kunai","Inserter","Sundial","Necronomicon"],"acts_visited":["Exordium","TheCity"],"potions_floor_usage":[24],"damage_taken":[{"damage":1.0,"enemies":"Cultist","floor":1.0,"turns":4.0},{"damage":0.0,"enemies":"2 Louse","floor":4.0,"turns":2.0},{"damage":7.0,"enemies":"Jaw Worm","floor":5.0,"turns":4.0},{"damage":25.0,"enemies":"Lagavulin","floor":6.0,"turns":6.0},{"damage":0.0,"enemies":"Gremlin Gang","floor":7.0,"turns":3.0},{"damage":16.0,"enemies":"Gremlin Nob","floor":11.0,"turns":4.0},{"damage":1.0,"enemies":"Looter","floor":12.0,"turns":2.0},{"damage":10.0,"enemies":"3 Sentries","floor":13.0,"turns":6.0},{"damage":39.0,"enemies":"Hexaghost","floor":16.0,"turns":10.0},{"damage":12.0,"enemies":"3 Byrds","floor":18.0,"turns":5.0},{"damage":26.0,"enemies":"Shell Parasite","floor":19.0,"turns":5.0},{"damage":19.0,"enemies":"Centurion and Healer","floor":22.0,"turns":5.0},{"damage":51,"enemies":"Slavers","floor":24,"turns":4}],"seed_played":"12430421434912031","potions_obtained":[{"floor":1.0,"key":"SkillPotion"},{"floor":4.0,"key":"DistilledChaos"},{"floor":6.0,"key":"Fire Potion"},{"floor":16.0,"key":"Strength Potion"}],"is_trial":false,"path_per_floor":["M","$","?","M","M","E","M","R","T","R","E","M","E","?","R","B",null,"M","M","$","?","M","R","E"],"character_chosen":"DEFECT","items_purchased":["Sundial","Self Repair"],"campfire_rested":2,"item_purchase_floors":[20,20],"current_hp_per_floor":[67,67,67,67,60,35,35,35,35,35,19,25,22,22,44,12,59,54,42,42,26,21,43,0,0],"gold":102,"neow_bonus":"REMOVE_TWO","is_daily":false,"chose_seed":false,"campfire_upgraded":2,"win_rate":0.0,"timestamp":1607662169,"path_taken":["M","?","?","?","M","E","M","R","T","R","E","M","E","?","R","BOSS","M","M","$","?","M","R","E"],"items_purchased_type":["Relic","Card"],"build_version":"2020-11-30","purchased_purges":0,"victory":false,"max_hp_per_floor":[75,75,75,75,75,75,75,75,75,75,75,75,75,75,75,75,75,75,75,75,75,75,75,75,75],"card_choices":[{"not_picked":["Hologram","Cold Snap"],"picked":"Sunder","floor":1.0},{"not_picked":["Barrage","Rebound"],"picked":"Genetic Algorithm","floor":4.0},{"not_picked":["Rebound","Tempest"],"picked":"Ball Lightning","floor":5.0},{"not_picked":["Reprogram","Creative AI"],"picked":"Beam Cell","floor":6.0},{"not_picked":["Heatsinks","Genetic Algorithm","Turbo"],"picked":"SKIP","floor":7.0},{"not_picked":["Reprogram","Leap"],"picked":"Self Repair","floor":11.0},{"not_picked":["Lockon","Ball Lightning"],"picked":"Gash","floor":12.0},{"not_picked":["Redo","Stack"],"picked":"Steam","floor":13.0},{"not_picked":["Biased Cognition","Buffer"],"picked":"Echo Form","floor":16.0},{"not_picked":["Redo","Compile Driver"],"picked":"Rip and Tear","floor":18.0},{"not_picked":["Compile Driver","Melter"],"picked":"Cold Snap","floor":19.0},{"not_picked":["Hologram","Stack"],"picked":"Conserve Battery","floor":22.0}],"player_experience":237272,"relics_obtained":[{"floor":6.0,"key":"Juzu Bracelet"},{"floor":9.0,"key":"Anchor"},{"floor":11.0,"key":"CeramicFish"},{"floor":13.0,"key":"Kunai"},{"floor":21.0,"key":"Necronomicon"}],"event_choices":[{"damage_healed":0.0,"max_hp_gain":0.0,"max_hp_loss":0.0,"gold_gain":0.0,"event_name":"Accursed Blacksmith","player_choice":"Forge","floor":3.0,"gold_loss":0.0,"damage_taken":0.0,"cards_upgraded":["Dualcast"]},{"cards_removed":["Strike_B"],"damage_healed":0.0,"max_hp_gain":0.0,"max_hp_loss":0.0,"gold_gain":0.0,"event_name":"Purifier","player_choice":"Purged","floor":14.0,"gold_loss":0.0,"damage_taken":0.0},{"damage_healed":0.0,"max_hp_gain":0.0,"max_hp_loss":0.0,"gold_gain":0.0,"event_name":"Cursed Tome","player_choice":"Obtained Book","floor":21.0,"gold_loss":0.0,"damage_taken":16.0}],"is_beta":false,"boss_relics":[{"not_picked":["Busted Crown","Coffee Dripper"],"picked":"Inserter"}],"items_purged_floors":[],"is_endless":false,"potions_floor_spawned":[1,4,6,16],"killed_by":"Slavers","ascension_level":10}}