{"host":"0vd2boh2oi7jm085","time":1607663495,"event":{"mods":["BaseMod","Colored Map","Colored Powertips","Highlight Path","Minty Spire (QoL Compilation)","Quick Restart","StSLib","The IronCluck"],"gold_per_floor":[110,260,260,260,278,353,388,44,44,64,78,78,78,93,93,172,172,187,24,24,37,47,47,72,92,144,155,105,116,66,85,85,159,159,179,1178,1178,1193,1193,1193,1193,1227,1227,1242,432,432,449,449,449,449,449],"floor_reached":50,"playtime":1128,"items_purged":["Doubt"],"score":981,"play_id":"1c1fae35-2931-4135-b455-b19f414e0da6","local_time":"20201210211135","is_ascension_mode":true,"campfire_choices":[{"data":"Blood for Blood","floor":13.0,"key":"SMITH"},{"data":"Spot Weakness","floor":15.0,"key":"SMITH"},{"floor":23.0,"key":"REST"},{"floor":32.0,"key":"REST"},{"data":"Double Tap","floor":40.0,"key":"SMITH"},{"floor":46.0,"key":"REST"},{"data":"Carnage","floor":49.0,"key":"SMITH"}],"circlet_count":0,"master_deck":["AscendersBane","Strike_R","Strike_R","Strike_R","Strike_R","Strike_R","Defend_R","Defend_R","Defend_R","Defend_R","Thunderclap","Shrug It Off","Blood for Blood+1","Cleave","Spot Weakness+1","Flex","Anger","Double Tap+1","Infernal Blade","Dropkick","Flex","Limit Break+1","Spot Weakness","Heavy Blade","Heavy Blade","Twin Strike+1","Carnage+1"],"relics":["Burning Blood","NeowsBlessing","Bag of Marbles","Meat on the Bone","Shuriken","Mercury Hourglass","Ancient Tea Set","Pen Nib","Mark of Pain","Torii","White Beast Statue","Bag of Preparation","Ice Cream","Red Skull","Strange Spoon"],"acts_visited":["TheCity","TheBeyond"],"potions_floor_usage":[50],"damage_taken":[{"damage":0.0,"enemies":"2 Louse","floor":1.0,"turns":1.0},{"damage":0.0,"enemies":"Small Slimes","floor":5.0,"turns":1.0},{"damage":0.0,"enemies":"Lagavulin","floor":7.0,"turns":1.0},{"damage":14.0,"enemies":"Cultist","floor":10.0,"turns":6.0},{"damage":7.0,"enemies":"Looter","floor":11.0,"turns":4.0},{"damage":8.0,"enemies":"Blue Slaver","floor":14.0,"turns":3.0},{"damage":48.0,"enemies":"Hexaghost","floor":16.0,"turns":9.0},{"damage":23.0,"enemies":"2 Thieves","floor":18.0,"turns":3.0},{"damage":15.0,"enemies":"Shell Parasite","floor":21.0,"turns":4.0},{"damage":37.0,"enemies":"Snecko","floor":22.0,"turns":4.0},{"damage":25.0,"enemies":"Gremlin Leader","floor":24.0,"turns":5.0},{"damage":16.0,"enemies":"Centurion and Healer","floor":25.0,"turns":5.0},{"damage":24.0,"enemies":"Snake Plant","floor":27.0,"turns":2.0},{"damage":18.0,"enemies":"3 Cultists","floor":29.0,"turns":3.0},{"damage":34.0,"enemies":"Cultist and Chosen","floor":31.0,"turns":5.0},{"damage":98.0,"enemies":"Automaton","floor":33.0,"turns":8.0},{"damage":25.0,"enemies":"3 Shapes","floor":35.0,"turns":2.0},{"damage":10.0,"enemies":"Orb Walker","floor":38.0,"turns":3.0},{"damage":49.0,"enemies":"Nemesis","floor":42.0,"turns":7.0},{"damage":14.0,"enemies":"Sphere and 2 Shapes","floor":44.0,"turns":3.0},{"damage":6.0,"enemies":"Writhing Mass","floor":47.0,"turns":2.0},{"damage":85,"enemies":"Donu and Deca","floor":50,"turns":5}],"seed_played":"-329497625744753044","potions_obtained":[{"floor":10.0,"key":"Energy Potion"},{"floor":16.0,"key":"FearPotion"},{"floor":18.0,"key":"FearPotion"},{"floor":24.0,"key":"SteroidPotion"},{"floor":25.0,"key":"FairyPotion"},{"floor":31.0,"key":"Block Potion"},{"floor":33.0,"key":"HeartOfIron"},{"floor":35.0,"key":"Explosive Potion"},{"floor":42.0,"key":"BloodPotion"},{"floor":44.0,"key":"FairyPotion"}],"is_trial":false,"path_per_floor":["M","?","?","?","M","?","E","$","T","M","M","T","R","M","R","B",null,"M","$","?","M","M","R","E","M","T","M","?","M","$","M","R","B",null,"M","?","?","M","T","R","?","E","T","M","$","R","M","?","R","B"],"character_chosen":"IRONCLAD","items_purchased":["Meat on the Bone","Flex","Infernal Blade","Heavy Blade","Carnage","Ice Cream","Red Skull","Strange Spoon","BloodPotion"],"campfire_rested":3,"item_purchase_floors":[8,8,19,30,45,45,45,45,45],"current_hp_per_floor":[74,74,74,74,75,64,70,70,70,62,61,61,61,59,59,29,64,47,47,41,44,25,47,40,42,42,36,36,36,36,20,42,40,66,47,47,47,55,55,55,55,24,24,43,43,65,65,65,65,17,17],"gold":449,"neow_bonus":"THREE_ENEMY_KILL","is_daily":false,"chose_seed":false,"campfire_upgraded":4,"win_rate":0.0,"timestamp":1607663495,"path_taken":["M","?","?","?","?","?","E","$","T","M","M","?","R","M","R","BOSS","M","$","?","?","M","R","E","M","T","?","?","M","?","M","R","BOSS","M","?","?","?","?","R","?","E","T","M","?","R","M","?","R","BOSS"],"items_purchased_type":["Relic","Card","Card","Card","Card","Relic","Relic","Relic","Potion"],"build_version":"2020-11-30","purchased_purges":1,"victory":false,"max_hp_per_floor":[75,75,75,75,75,75,75,75,75,75,75,75,75,75,75,75,75,75,75,75,75,75,75,75,75,75,75,75,75,75,75,75,75,75,75,75,75,75,75,75,75,75,75,75,75,75,75,71,71,71,71],"card_choices":[{"not_picked":["Headbutt","Iron Wave"],"picked":"Thunderclap","floor":1.0},{"not_picked":["Heavy Blade","Pommel Strike"],"picked":"Cleave","floor":5.0},{"not_picked":["Twin Strike","Blood for Blood"],"picked":"Spot Weakness","floor":7.0},{"not_picked":["Thunderclap","Clash","Sword Boomerang"],"picked":"SKIP","floor":10.0},{"not_picked":["Offering","True Grit"],"picked":"Anger","floor":11.0},{"not_picked":["Iron Wave","Warcry","Havoc"],"picked":"SKIP","floor":14.0},{"not_picked":["Berserk","Impervious"],"picked":"Double Tap","floor":16.0},{"not_picked":["Intimidate+1","True Grit","Dropkick"],"picked":"SKIP","floor":18.0},{"not_picked":["Anger","Clash"],"picked":"Dropkick","floor":21.0},{"not_picked":["Disarm","Perfected Strike"],"picked":"Flex","floor":22.0},{"not_picked":["Heavy Blade","Armaments"],"picked":"Limit Break","floor":24.0},{"not_picked":["Entrench+1","Cleave","Ghostly Armor"],"picked":"SKIP","floor":25.0},{"not_picked":["Perfected Strike","Dual Wield"],"picked":"Spot Weakness","floor":27.0},{"not_picked":["Wild Strike+1","Warcry","Flex+1"],"picked":"SKIP","floor":29.0},{"not_picked":["Thunderclap","Twin Strike","True Grit"],"picked":"SKIP","floor":31.0},{"not_picked":["Anger","Combust+1","Wild Strike"],"picked":"SKIP","floor":35.0},{"not_picked":["Bloodletting","Shrug It Off"],"picked":"Heavy Blade","floor":38.0},{"not_picked":["Shrug It Off","Flex","Evolve"],"picked":"SKIP","floor":42.0},{"not_picked":["Pommel Strike+1","Warcry"],"picked":"Twin Strike+1","floor":44.0},{"not_picked":["Blood for Blood","Battle Trance","Reckless Charge"],"picked":"SKIP","floor":47.0}],"player_experience":73724,"relics_obtained":[{"floor":7.0,"key":"Bag of Marbles"},{"floor":9.0,"key":"Shuriken"},{"floor":12.0,"key":"Mercury Hourglass"},{"floor":24.0,"key":"Ancient Tea Set"},{"floor":26.0,"key":"Pen Nib"},{"floor":39.0,"key":"Torii"},{"floor":42.0,"key":"White Beast Statue"},{"floor":43.0,"key":"Bag of Preparation"}],"event_choices":[{"damage_healed":0.0,"max_hp_gain":0.0,"max_hp_loss":0.0,"gold_gain":150.0,"event_name":"Liars Game","player_choice":"AGREE","floor":2.0,"gold_loss":0.0,"damage_taken":0.0,"cards_obtained":["Doubt"]},{"damage_healed":0.0,"max_hp_gain":0.0,"max_hp_loss":0.0,"gold_gain":0.0,"event_name":"Shining Light","player_choice":"Ignored","floor":3.0,"gold_loss":0.0,"damage_taken":0.0},{"damage_healed":0.0,"max_hp_gain":0.0,"max_hp_loss":0.0,"gold_gain":0.0,"event_name":"Match and Keep!","player_choice":"2 cards matched","floor":4.0,"gold_loss":0.0,"damage_taken":0.0,"cards_obtained":["Shrug It Off","Blood for Blood"]},{"damage_healed":0.0,"max_hp_gain":0.0,"max_hp_loss":0.0,"gold_gain":75.0,"event_name":"World of Goop","player_choice":"Gather Gold","floor":6.0,"gold_loss":0.0,"damage_taken":11.0},{"damage_healed":0.0,"max_hp_gain":0.0,"max_hp_loss":0.0,"gold_gain":0.0,"event_name":"Knowing Skull","player_choice":"","floor":20.0,"potions_obtained":[],"gold_loss":0.0,"damage_taken":6.0,"cards_obtained":[]},{"damage_healed":0.0,"max_hp_gain":0.0,"max_hp_loss":0.0,"gold_gain":0.0,"event_name":"Designer","player_choice":"Upgrade","floor":28.0,"gold_loss":50.0,"damage_taken":0.0,"cards_upgraded":["Limit Break"]},{"damage_healed":0.0,"max_hp_gain":0.0,"max_hp_loss":0.0,"gold_gain":999.0,"event_name":"MindBloom","player_choice":"Gold","floor":36.0,"gold_loss":0.0,"damage_taken":0.0,"cards_obtained":["Normality","Normality"]},{"cards_removed":["Normality","Normality"],"damage_healed":0.0,"max_hp_gain":0.0,"max_hp_loss":0.0,"gold_gain":0.0,"event_name":"Fountain of Cleansing","player_choice":"Removed Curses","floor":37.0,"gold_loss":0.0,"damage_taken":0.0},{"cards_removed":["Bash"],"damage_healed":0.0,"max_hp_gain":0.0,"max_hp_loss":0.0,"gold_gain":0.0,"event_name":"Falling","player_choice":"Removed Attack","floor":41.0,"gold_loss":0.0,"damage_taken":0.0},{"damage_healed":0.0,"max_hp_gain":0.0,"max_hp_loss":4.0,"gold_gain":0.0,"event_name":"Winding Halls","player_choice":"Max HP","floor":48.0,"gold_loss":0.0,"damage_taken":0.0}],"is_beta":false,"boss_relics":[{"not_picked":[]},{"not_picked":["Runic Pyramid","Tiny House"],"picked":"Mark of Pain"}],"items_purged_floors":[19],"is_endless":false,"potions_floor_spawned":[10,16,18,24,25,31,33,35,42,44,47],"killed_by":"Donu and Deca","ascension_level":16}}