{"host":"l1ihaotq1cxp1b6b","time":1607662525,"event":{"mods":["AchievementEnabler","BaseMod","Colored Map","Custom Start","DeckTracker","Minty Spire (QoL Compilation)","StSLib","SuperFastMode","everything is the same but u backflip on backflip"],"gold_per_floor":[117,117,92,105,116,145,197,227,227,227,242,260,260,23,23,124,124,138,63,77,77,77,77],"floor_reached":22,"playtime":346,"items_purged":["Strike_B"],"score":316,"play_id":"6e95df59-d408-49a4-bdfe-1b065f423e01","local_time":"20201211135525","is_ascension_mode":true,"campfire_choices":[{"floor":10,"key":"REST"},{"data":"Doom and Gloom","floor":15,"key":"SMITH"}],"circlet_count":0,"master_deck":["AscendersBane","Defend_B","Defend_B","Defend_B","Zap","Dualcast","Sweeping Beam","Redo","Conserve Battery","White Noise","Sweeping Beam","Doom and Gloom+1","Leap","Sunder","Amplify","Skim+1","Sweeping Beam+1","Hyperbeam+1","Self Repair+1","Loop","Turbo+1","Ghostly","Ghostly","Ghostly","Ghostly","Ghostly"],"relics":["Cracked Core","NeowsBlessing","CultistMask","Lantern","Art of War","Akabeko","MealTicket","Membership Card","PreservedInsect","Astrolabe"],"acts_visited":["Exordium","TheCity"],"potions_floor_usage":[16,16,16],"damage_taken":[{"damage":0,"enemies":"Small Slimes","floor":1,"turns":1},{"damage":0,"enemies":"Cultist","floor":4,"turns":1},{"damage":0,"enemies":"2 Louse","floor":5,"turns":1},{"damage":30,"enemies":"3 Sentries","floor":6,"turns":9},{"damage":31,"enemies":"Gremlin Nob","floor":8,"turns":4},{"damage":1,"enemies":"Gremlin Gang","floor":11,"turns":2},{"damage":7,"enemies":"2 Fungi Beasts","floor":12,"turns":2},{"damage":6,"enemies":"The Guardian","floor":16,"turns":6},{"damage":12,"enemies":"3 Byrds","floor":18,"turns":3},{"damage":50,"enemies":"Shell Parasite","floor":20,"turns":7},{"damage":36,"enemies":"Cultist and Chosen","floor":22,"turns":6}],"seed_played":"-942503831542630428","potions_obtained":[{"floor":1,"key":"Dexterity Potion"},{"floor":8,"key":"DistilledChaos"},{"floor":11,"key":"Ancient Potion"},{"floor":12,"key":"Explosive Potion"},{"floor":20,"key":"Energy Potion"}],"is_trial":false,"path_per_floor":["M","?","$","M","M","E","T","E","T","R","M","M","?","$","R","B",null,"M","$","M","?","M"],"character_chosen":"DEFECT","items_purchased":["Redo","Membership Card","Sunder","PreservedInsect","Loop"],"campfire_rested":1,"item_purchase_floors":[3,14,14,14,19],"current_hp_per_floor":[68,68,68,68,68,38,38,7,7,29,28,21,21,36,36,30,64,52,67,27,27,0,0],"gold":77,"neow_bonus":"THREE_ENEMY_KILL","is_daily":false,"chose_seed":false,"campfire_upgraded":1,"win_rate":0.0,"timestamp":1607662525,"path_taken":["M","?","$","M","?","E","?","E","T","R","M","M","?","$","R","BOSS","M","$","?","?","M"],"items_purchased_type":["Card","Relic","Card","Relic","Card"],"build_version":"2020-11-30","purchased_purges":1,"victory":false,"max_hp_per_floor":[75,75,75,75,75,75,75,75,75,75,75,75,75,75,75,75,75,75,75,75,37,37,37],"card_choices":[{"not_picked":["Auto Shields","Rebound"],"picked":"Sweeping Beam","floor":1},{"not_picked":["Hologram","Undo"],"picked":"Conserve Battery","floor":4},{"not_picked":["Chill","Ball Lightning"],"picked":"White Noise","floor":5},{"not_picked":["Steam","Go for the Eyes"],"picked":"Sweeping Beam","floor":6},{"not_picked":["Machine Learning","Conserve Battery","Hello World"],"picked":"SKIP","floor":8},{"not_picked":["Rebound","Turbo"],"picked":"Doom and Gloom","floor":11},{"not_picked":["Sweeping Beam","Static Discharge"],"picked":"Leap","floor":12},{"not_picked":["Reboot","Hyperbeam"],"picked":"Amplify","floor":16},{"not_picked":["Rebound+1","Coolheaded"],"picked":"Self Repair+1","floor":18},{"not_picked":["Stack","Rebound"],"picked":"Turbo+1","floor":20}],"player_experience":524543,"relics_obtained":[{"floor":6,"key":"Lantern"},{"floor":7,"key":"Art of War"},{"floor":8,"key":"Akabeko"},{"floor":9,"key":"MealTicket"}],"event_choices":[{"damage_healed":0,"gold_gain":0,"player_choice":"Trade","damage_taken":0,"relics_obtained":["CultistMask"],"max_hp_gain":0,"max_hp_loss":0,"event_name":"FaceTrader","floor":2,"gold_loss":0},{"cards_removed":["Strike_B"],"damage_healed":0,"gold_gain":0,"player_choice":"Purged","damage_taken":0,"max_hp_gain":0,"max_hp_loss":0,"event_name":"Purifier","floor":13,"gold_loss":0},{"damage_healed":0,"gold_gain":0,"player_choice":"Became a Ghost","damage_taken":0,"max_hp_gain":0,"max_hp_loss":38,"event_name":"Ghosts","floor":21,"gold_loss":0,"cards_obtained":["Ghostly","Ghostly","Ghostly","Ghostly","Ghostly"]}],"is_beta":false,"boss_relics":[{"not_picked":["Snecko Eye","Runic Dome"],"picked":"Astrolabe"}],"items_purged_floors":[19],"is_endless":false,"potions_floor_spawned":[1,8,11,12,20],"killed_by":"Cultist and Chosen","ascension_level":10}}