{"host":"5ulchbufvix69gs5","time":1607705870,"event":{"mods":["2.2 Compatiblity","AchievementEnabler","Act Like it!","Aspiration","Bard","BaseMod","Beaked The Cultist","Better Altar","Better Match","Better Note","Better Sensory Stone","Better Skull","Better Third Choice","BetterRewards","CCEM","Clawfect","Colored Map","Conspire","DeckTracker","Downfall","Friendly Minions","GifTheSpireLib","Googly Eyes","Halation","Hallownest","Hermit","Highlight Path","Hubris","Hunter ??","Infinite Spire","Jedi Mod","Jorbs\u0027s Wanderer Trilogy","Mad Scientist","Marisa????????","Mimic Mod","Minty Spire (QoL Compilation)","Permanent Neow","Replay The Spire","Shade Mod","Shop Mod","Spicy Shops","StSLib","Stuff the Spire","The Administrix","The Blackbeard","The Bug Knight","The Construct","The Cursed","The Disciple","The Factory","The Gatherer","The Hierophant","The Jungle","The Mystic","The Necromancer","The Problem Sleuth","The Runesmith","The Servant 0.9.4","The Spell Scribe","The Witch","Unceasing Turn Reminder"],"gold_per_floor":[118,118,4,4,4,32,42,75,75],"floor_reached":8,"playtime":507,"items_purged":[],"score":89,"play_id":"5f0e243b-6198-4805-a0d2-f033f74328f1","local_time":"20201211175750","is_ascension_mode":false,"campfire_choices":[],"circlet_count":0,"master_deck":["Gash","Gash","Gash","Gash","Gash","Defend_B+2","Defend_B","Defend_B+1","Defend_B","Defend_B","Clawfect:ClawForTheEyes","White Noise","Regret","StuffTheSpire:Plugnplay"],"relics":["hierophant:PropheticMaskRelic","Regal Pillow","infinitespire:Cubic Diamond","StuffTheSpire:RedRose","Matryoshka","Simple Rune"],"acts_visited":["Exordium"],"potions_floor_usage":[],"damage_taken":[{"damage":0,"enemies":"Cultist","floor":1,"turns":4},{"damage":6,"enemies":"Lagavulin","floor":6,"turns":6},{"damage":3,"enemies":"Jaw Worm","floor":7,"turns":4},{"damage":29,"enemies":"Gremlin Nob","floor":8,"turns":5}],"seed_played":"-8580832702591180779","potions_obtained":[{"floor":1,"key":"jedi:coolantleak"}],"is_trial":false,"path_per_floor":["M","?","$","?","?","E","M","E"],"character_chosen":"DEFECT","items_purchased":["White Noise"],"campfire_rested":0,"item_purchase_floors":[3],"current_hp_per_floor":[75,75,75,75,75,69,66,37,37],"gold":75,"neow_bonus":"RANDOM_COMMON_RELIC","is_daily":false,"chose_seed":false,"campfire_upgraded":0,"win_rate":0.0,"timestamp":1607705870,"path_taken":["M","?","$","?","?","E","M","E"],"items_purchased_type":["Card"],"build_version":"2020-11-30","purchased_purges":0,"victory":false,"max_hp_per_floor":[75,75,75,75,75,75,75,75,75],"card_choices":[{"not_picked":["Panic Button","StuffTheSpire:CleanHardDrive"],"picked":"Clawfect:ClawForTheEyes","floor":1},{"not_picked":["Reinforced Body","Self Repair"],"picked":"StuffTheSpire:Plugnplay","floor":6},{"not_picked":["jedi:BurstFrost","StuffTheSpire:GlassShard","Turbo"],"picked":"SKIP","floor":7}],"player_experience":180015,"relics_obtained":[{"floor":6,"key":"Matryoshka"},{"floor":8,"key":"Simple Rune"}],"event_choices":[],"is_beta":false,"boss_relics":[],"items_purged_floors":[],"is_endless":false,"potions_floor_spawned":[1],"killed_by":"Gremlin Nob","ascension_level":0}}