{"host":"d2jar2fx86jc1ekr","time":1607698039,"event":{"mods":["AchievementEnabler","BaseMod","Colored Map","DeckTracker","Minty Spire (QoL Compilation)","StSLib","SuperFastMode","everything is the same but u backflip on backflip"],"gold_per_floor":[112,128,128,128,139,139,155,170,194,205,225,57,57,76,76,154,154,164,184,184,201,201,201,230,230,230,155,170,187,87,87,106,106,183,183,196,196,196,214,229,229,104,114,138,53,68,87,113,166,166,166],"floor_reached":52,"playtime":1486,"items_purged":["Strike_R","Strike_R","Strike_R"],"score":1318,"play_id":"8a384672-66d9-418e-90af-074b9969a957","local_time":"20201211234719","is_ascension_mode":true,"campfire_choices":[{"data":"Shockwave","floor":6.0,"key":"SMITH"},{"data":"Finesse","floor":13.0,"key":"SMITH"},{"data":"Carnage","floor":15.0,"key":"SMITH"},{"data":"Rage","floor":23.0,"key":"SMITH"},{"floor":25.0,"key":"REST"},{"data":"Body Slam","floor":33.0,"key":"SMITH"},{"floor":41.0,"key":"REST"},{"floor":50,"key":"REST"}],"circlet_count":0,"master_deck":["AscendersBane","Strike_R","Defend_R+1","Defend_R","Bash","Finesse+1","Whirlwind+1","Pommel Strike","Shockwave+1","Pommel Strike","Carnage+1","Offering","Sentinel","Evolve","Dark Embrace","Rage+1","Feel No Pain+1","Body Slam+1","Barricade","Burning Pact","Second Wind"],"relics":["Burning Blood","Orichalcum","Chemical X","Black Star","Happy Flower","Omamori","FossilizedHelix","Fusion Hammer","Toy Ornithopter","Pocketwatch","Lantern","Lizard Tail"],"acts_visited":["Exordium","TheCity","TheBeyond"],"potions_floor_usage":[51,51],"damage_taken":[{"damage":11.0,"enemies":"2 Louse","floor":1.0,"turns":3.0},{"damage":19.0,"enemies":"Small Slimes","floor":2.0,"turns":3.0},{"damage":4.0,"enemies":"Cultist","floor":5.0,"turns":3.0},{"damage":7.0,"enemies":"Gremlin Gang","floor":7.0,"turns":3.0},{"damage":9.0,"enemies":"Looter","floor":8.0,"turns":3.0},{"damage":3.0,"enemies":"3 Louse","floor":10.0,"turns":3.0},{"damage":0.0,"enemies":"Large Slime","floor":11.0,"turns":3.0},{"damage":5.0,"enemies":"Exordium Wildlife","floor":14.0,"turns":3.0},{"damage":12.0,"enemies":"Slime Boss","floor":16.0,"turns":5.0},{"damage":6.0,"enemies":"Spheric Guardian","floor":18.0,"turns":3.0},{"damage":13.0,"enemies":"Shell Parasite","floor":19.0,"turns":3.0},{"damage":20.0,"enemies":"Centurion and Healer","floor":21.0,"turns":5.0},{"damage":31.0,"enemies":"Slavers","floor":24.0,"turns":5.0},{"damage":0.0,"enemies":"Cultist and Chosen","floor":28.0,"turns":3.0},{"damage":22.0,"enemies":"Sentry and Sphere","floor":29.0,"turns":6.0},{"damage":13.0,"enemies":"Shelled Parasite and Fungi","floor":32.0,"turns":4.0},{"damage":12.0,"enemies":"Collector","floor":34.0,"turns":6.0},{"damage":6.0,"enemies":"Orb Walker","floor":36.0,"turns":2.0},{"damage":21.0,"enemies":"3 Darklings","floor":39.0,"turns":6.0},{"damage":12.0,"enemies":"4 Shapes","floor":40.0,"turns":6.0},{"damage":6.0,"enemies":"Jaw Worm Horde","floor":43.0,"turns":3.0},{"damage":0.0,"enemies":"Maw","floor":46.0,"turns":7.0},{"damage":6,"enemies":"Writhing Mass","floor":47,"turns":4},{"damage":12,"enemies":"Reptomancer","floor":48,"turns":5},{"damage":11,"enemies":"2 Orb Walkers","floor":49,"turns":3},{"damage":26,"enemies":"Time Eater","floor":51,"turns":9}],"seed_played":"-3153895955698098467","potions_obtained":[{"floor":1.0,"key":"Explosive Potion"},{"floor":5.0,"key":"Strength Potion"},{"floor":10.0,"key":"Fire Potion"},{"floor":18.0,"key":"DuplicationPotion"},{"floor":24.0,"key":"FearPotion"},{"floor":28.0,"key":"ColorlessPotion"},{"floor":36.0,"key":"Fire Potion"},{"floor":40.0,"key":"Fire Potion"},{"floor":47,"key":"Block Potion"}],"is_trial":false,"path_per_floor":["M","M","?","?","M","R","M","M","T","M","M","$","R","M","R","B",null,"M","M","?","M","?","R","E","R","T","$","M","M","$","?","M","R","B",null,"M","?","?","M","M","R","$","M","T","$","M","M","E","?","R","B",null],"character_chosen":"IRONCLAD","items_purchased":["Chemical X","LiquidMemories"],"campfire_rested":3,"item_purchase_floors":[12,45],"current_hp_per_floor":[63,50,27,27,29,29,28,25,25,28,34,34,34,35,35,29,64,64,57,57,43,43,43,18,40,40,40,46,30,30,30,23,23,17,61,61,61,75,60,54,75,75,75,75,75,75,75,69,64,75,65],"gold":166,"neow_bonus":"RANDOM_COLORLESS","is_daily":false,"chose_seed":false,"campfire_upgraded":5,"win_rate":0.0,"timestamp":1607698039,"path_taken":["M","M","?","?","M","R","M","?","T","M","M","$","R","M","R","BOSS","M","?","?","M","?","R","E","R","T","$","M","M","$","?","?","R","BOSS","M","?","?","M","M","R","?","M","T","$","M","M","E","?","R","BOSS"],"items_purchased_type":["Relic","Potion"],"build_version":"2020-11-30","purchased_purges":3,"victory":true,"max_hp_per_floor":[75,75,75,75,75,75,75,75,75,75,75,75,75,75,75,75,75,75,75,75,75,75,75,75,75,75,75,75,75,75,75,75,75,75,75,75,75,75,75,75,75,75,75,75,75,75,75,75,75,75,75],"card_choices":[{"not_picked":["Dramatic Entrance","Dark Shackles"],"picked":"Finesse","floor":0.0},{"not_picked":["Sword Boomerang","Pommel Strike"],"picked":"Whirlwind","floor":1.0},{"not_picked":["Warcry","Havoc"],"picked":"Pommel Strike","floor":2.0},{"not_picked":["Inflame","Heavy Blade","Searing Blow"],"picked":"SKIP","floor":5.0},{"not_picked":["Body Slam","Perfected Strike","Rupture"],"picked":"SKIP","floor":7.0},{"not_picked":["Perfected Strike","Combust"],"picked":"Pommel Strike","floor":8.0},{"not_picked":["Headbutt","Fiend Fire"],"picked":"Carnage","floor":10.0},{"not_picked":["Cleave","Burning Pact","Spot Weakness"],"picked":"SKIP","floor":11.0},{"not_picked":["Armaments","Perfected Strike","Dual Wield"],"picked":"SKIP","floor":14.0},{"not_picked":["Limit Break","Bludgeon"],"picked":"Offering","floor":16.0},{"not_picked":["Anger","Iron Wave","Flex"],"picked":"SKIP","floor":18.0},{"not_picked":["Ghostly Armor","Flame Barrier","Headbutt"],"picked":"SKIP","floor":19.0},{"not_picked":["Disarm","Dark Embrace","Combust"],"picked":"SKIP","floor":21.0},{"not_picked":["Disarm","Combust"],"picked":"Dark Embrace","floor":21.0},{"not_picked":["Hemokinesis","Clash"],"picked":"Feel No Pain+1","floor":24.0},{"not_picked":["Dual Wield","Perfected Strike","Wild Strike"],"picked":"SKIP","floor":28.0},{"not_picked":["True Grit","Dark Embrace","Iron Wave"],"picked":"SKIP","floor":29.0},{"not_picked":["Flex","Havoc"],"picked":"Body Slam","floor":32.0},{"not_picked":["Brutality","Juggernaut"],"picked":"Barricade","floor":34.0},{"not_picked":["Armaments","Warcry","Iron Wave+1"],"picked":"SKIP","floor":36.0},{"not_picked":["Anger","Seeing Red","Twin Strike"],"picked":"SKIP","floor":39.0},{"not_picked":["Twin Strike+1","Shrug It Off"],"picked":"Burning Pact","floor":40.0},{"not_picked":["Cleave","Perfected Strike+1","Sword Boomerang+1"],"picked":"SKIP","floor":43.0},{"not_picked":["Cleave","Corruption","Flame Barrier"],"picked":"SKIP","floor":46.0},{"not_picked":["Headbutt","Warcry"],"picked":"Second Wind","floor":47},{"not_picked":["Heavy Blade+1","Havoc","Iron Wave"],"picked":"SKIP","floor":48}],"player_experience":362417,"relics_obtained":[{"floor":9.0,"key":"Orichalcum"},{"floor":24.0,"key":"Happy Flower"},{"floor":24.0,"key":"Omamori"},{"floor":26.0,"key":"FossilizedHelix"},{"floor":44.0,"key":"Toy Ornithopter"},{"floor":48,"key":"Pocketwatch"},{"floor":48,"key":"Lantern"},{"floor":49,"key":"Lizard Tail"}],"event_choices":[{"damage_healed":0.0,"max_hp_gain":0.0,"max_hp_loss":0.0,"gold_gain":0.0,"event_name":"Shining Light","player_choice":"Entered Light","floor":3.0,"gold_loss":0.0,"damage_taken":23.0,"cards_upgraded":["Whirlwind","Defend_R"]},{"damage_healed":0.0,"max_hp_gain":0.0,"max_hp_loss":0.0,"gold_gain":0.0,"event_name":"Match and Keep!","player_choice":"1 cards matched","floor":4.0,"gold_loss":0.0,"damage_taken":0.0,"cards_obtained":["Shockwave"]},{"damage_healed":0.0,"max_hp_gain":0.0,"max_hp_loss":0.0,"gold_gain":0.0,"cards_transformed":["Defend_R","Strike_R"],"event_name":"Drug Dealer","player_choice":"Became Test Subject","floor":20.0,"gold_loss":0.0,"damage_taken":0.0,"cards_obtained":["Sentinel","Evolve"]},{"damage_healed":0.0,"max_hp_gain":0.0,"max_hp_loss":0.0,"gold_gain":0.0,"event_name":"The Library","player_choice":"Read","floor":22.0,"gold_loss":0.0,"damage_taken":0.0,"cards_obtained":["Rage"]},{"cards_removed":["Defend_R"],"damage_healed":0.0,"max_hp_gain":0.0,"max_hp_loss":0.0,"gold_gain":0.0,"event_name":"Back to Basics","player_choice":"Elegance","floor":31.0,"gold_loss":0.0,"damage_taken":0.0},{"damage_healed":0.0,"max_hp_gain":0.0,"max_hp_loss":0.0,"gold_gain":0.0,"event_name":"Tomb of Lord Red Mask","player_choice":"Ignored","floor":37.0,"gold_loss":0.0,"damage_taken":0.0},{"damage_healed":15.0,"max_hp_gain":0.0,"max_hp_loss":0.0,"gold_gain":0.0,"event_name":"Winding Halls","player_choice":"Writhe","floor":38.0,"gold_loss":0.0,"damage_taken":0.0,"cards_obtained":["Writhe"]},{"damage_healed":0,"gold_gain":0,"player_choice":"Fight","damage_taken":0,"max_hp_gain":0,"max_hp_loss":0,"event_name":"Mysterious Sphere","floor":49,"gold_loss":0}],"is_beta":false,"boss_relics":[{"not_picked":["SacredBark","Runic Dome"],"picked":"Black Star"},{"not_picked":["Velvet Choker","Pandora\u0027s Box"],"picked":"Fusion Hammer"}],"items_purged_floors":[27,30,42],"is_endless":false,"potions_floor_spawned":[1,5,10,18,24,28,29,36,40,47],"ascension_level":19}}