{"host":"d1za9dvx43o9v494","time":1607727582,"event":{"mods":["2.2 Compatiblity","BaseMod","Better-Laid Plans","Colored Map","Downfall","Emptier Cage","Minty Spire (QoL Compilation)","Permanent Neow","StSLib"],"gold_per_floor":[99,126,138,168,184,184,208,208,208,235,246,246,26,26,46,151,151,151,179,479,505,590,590,615,476,503,536,536,550,550,564,578,674,674,599,803,803,728,746,777,803,834,846,771,697,707,754,767,781,781,781,814,629,629,629],"floor_reached":56,"playtime":5263,"items_purged":["champ:Strike","Writhe","champ:DefensiveStyle","champ:FlashCut"],"score":1904,"play_id":"57a32f1b-125c-46d6-bc5d-9c4e9c271b7a","local_time":"20201212015942","is_ascension_mode":true,"campfire_choices":[{"data":"champ:Taunt","floor":1.0,"key":"SMITH"},{"data":"champ:Improvising","floor":18.0,"key":"SMITH"},{"floor":35.0,"key":"RECALL"},{"data":"champ:Haymaker","floor":38,"key":"SMITH"},{"data":"champ:BladeFlurry","floor":44,"key":"SMITH"},{"data":"champ:PreciseThrust","floor":54,"key":"SMITH"}],"circlet_count":0,"master_deck":["champ:Strike+1","champ:Strike+1","champ:Defend+1","champ:Defend+1","champ:Defend+1","champ:Execute","champ:Taunt+1","champ:Circumvent","champ:GladiatorStyle+1","champ:GladiatorStyle","champ:DeathBlow","champ:PreciseThrust+1","champ:RisingSlash+1","champ:Haymaker+1","champ:PreciseThrust+1","champ:BladeFlurry+1","champ:GladiatorStyle+1","champ:SwordSigil","champ:GladiatorStyle","champ:RapidStrikes"],"relics":["champ:ChampionCrown","Anchor","Juzu Bracelet","Ice Cream","Art of War","Smiling Mask","Tiny Chest","Membership Card","Coffee Dripper","champ:SignatureFinisher","Old Coin","Happy Flower","StrikeDummy","Omamori","Oddly Smooth Stone","expansioncontent:StudyCardRelic","downfall:HeartBlessingBlue","TheAbacus","Pantograph","downfall:HeartBlessingRed","Orichalcum","Dream Catcher","Centennial Puzzle","downfall:HeartBlessingGreen","champ:DuelingGlove","Champion Belt","HandDrill","Toy Ornithopter","champ:BerserkersGuideToSlaughter"],"acts_visited":["Exordium","TheCity","TheBeyond","TheEnding"],"potions_floor_usage":[55,55,55],"damage_taken":[{"damage":29.0,"enemies":"Gremlin Nob","floor":2.0,"turns":5.0},{"damage":11.0,"enemies":"2 Louse","floor":3.0,"turns":3.0},{"damage":20.0,"enemies":"3 Sentries","floor":4.0,"turns":9.0},{"damage":5.0,"enemies":"Jaw Worm","floor":5.0,"turns":3.0},{"damage":19.0,"enemies":"Gremlin Nob","floor":10.0,"turns":4.0},{"damage":0.0,"enemies":"Cultist","floor":11.0,"turns":4.0},{"damage":0.0,"enemies":"downfall:FleeingMerchant","floor":13.0,"turns":4.0},{"damage":20.0,"enemies":"3 Louse","floor":15.0,"turns":1.0},{"damage":52.0,"enemies":"downfall:Ironclad","floor":16.0,"turns":6.0},{"damage":78.0,"enemies":"Gremlin Leader","floor":19.0,"turns":6.0},{"damage":28.0,"enemies":"downfall:FleeingMerchant","floor":25.0,"turns":4.0},{"damage":39.0,"enemies":"Slavers","floor":27.0,"turns":4.0},{"damage":20.0,"enemies":"Shell Parasite","floor":29.0,"turns":3.0},{"damage":20.0,"enemies":"Spheric Guardian","floor":31.0,"turns":2.0},{"damage":20.0,"enemies":"Snecko","floor":32.0,"turns":3.0},{"damage":36.0,"enemies":"downfall:Defect","floor":33.0,"turns":6.0},{"damage":40,"enemies":"downfall:FleeingMerchant","floor":36,"turns":4},{"damage":20,"enemies":"Orb Walker","floor":39,"turns":2},{"damage":3,"enemies":"Reptomancer","floor":40,"turns":4},{"damage":44,"enemies":"Nemesis","floor":42,"turns":5},{"damage":25,"enemies":"3 Shapes","floor":43,"turns":3},{"damage":5,"enemies":"Writhing Mass","floor":46,"turns":2},{"damage":31,"enemies":"2 Orb Walkers","floor":47,"turns":3},{"damage":20,"enemies":"Maw","floor":48,"turns":4},{"damage":20,"enemies":"Transient","floor":49,"turns":5},{"damage":0,"enemies":"downfall:Watcher","floor":50,"turns":4},{"damage":38,"enemies":"downfall:CharBossMerchant","floor":52,"turns":5},{"damage":80,"enemies":"downfall:NeowBoss","floor":55,"turns":11}],"seed_played":"-105696625601161191","potions_obtained":[{"floor":10.0,"key":"AttackPotion"},{"floor":11.0,"key":"EntropicBrew"},{"floor":16.0,"key":"SteroidPotion"},{"floor":27.0,"key":"champ:OpenerPotion"},{"floor":28.0,"key":"downfall:CursedFountainPotion"}],"is_trial":false,"path_per_floor":["R","E","M","E","M","?","T","?","?","E","M","?","$","?","M","B",null,"R","E","?","T","?","?","T","$","T","E","?","M","?","M","M","B",null,"R","?","T","R","M","E","T","E","M","R","$","M","?","M","M","B",null,"E","$","R","B",null],"character_chosen":"THE_CHAMP","items_purchased":["Membership Card","StrikeDummy","TheAbacus","champ:SwordSigil","champ:BerserkersGuideToSlaughter","champ:GladiatorStyle","champ:RapidStrikes"],"campfire_rested":0,"item_purchase_floors":[13,25,36,45,53,53,53],"current_hp_per_floor":[90,71,65,50,50,43,43,43,43,29,29,29,29,59,59,47,90,90,72,72,72,54,54,54,51,51,37,37,37,37,37,37,37,90,100,100,100,100,100,97,97,93,93,93,93,88,77,77,77,100,100,82,82,82,100],"gold":629,"neow_bonus":"TRANSFORM_CARD","is_daily":false,"chose_seed":false,"campfire_upgraded":5,"win_rate":0.0,"timestamp":1607727582,"path_taken":["R","E","M","E","M","?","T","?","?","E","M","?","$","?","M","BOSS","R","E","?","?","?","?","T","?","?","E","?","M","?","M","M","BOSS","R","?","?","R","M","E","T","E","M","R","$","M","?","M","M","BOSS","E","$","R","BOSS"],"items_purchased_type":["Relic","Relic","Relic","Card","Relic","Card","Card"],"build_version":"2020-11-30","purchased_purges":4,"victory":true,"max_hp_per_floor":[90,90,90,90,90,90,90,90,90,90,90,90,90,90,90,90,90,90,90,90,90,90,90,90,90,90,90,90,90,90,90,90,90,90,100,100,100,100,100,100,100,100,100,100,100,100,100,100,100,100,100,100,100,100,100],"card_choices":[{"not_picked":["champ:GladiatorsShout","champ:Duel"],"picked":"champ:FlashCut","floor":2.0},{"not_picked":["champ:Lariat","champ:SkillfulDodge"],"picked":"champ:GladiatorStyle","floor":3.0},{"not_picked":["champ:Backstep","champ:TornadoPunch"],"picked":"champ:DefensiveStyle","floor":4.0},{"not_picked":["champ:Circumvent","champ:HeartStrike","champ:PerfectedStrike"],"picked":"SKIP","floor":5.0},{"not_picked":["champ:ShieldWall","champ:FaceSlap","champ:Backstep"],"picked":"SKIP","floor":10.0},{"not_picked":["champ:DefensiveShout","champ:Devastate"],"picked":"champ:GladiatorStyle","floor":11.0},{"not_picked":["champ:EndlessRage","champ:EnragedBash"],"picked":"champ:DeathBlow","floor":13.0},{"not_picked":["champ:Circumvent","champ:StanceDance"],"picked":"champ:PreciseThrust","floor":15.0},{"not_picked":["champ:EnchantSword","champ:CheapShot"],"picked":"champ:Improvising","floor":16.0},{"not_picked":["champ:AdrenalArmor","champ:BerserkersShout"],"picked":"champ:RisingSlash+1","floor":19.0},{"not_picked":["champ:RageSigil+1","champ:EnchantShield","champ:BringItOn"],"picked":"SKIP","floor":25.0},{"not_picked":["champ:SwordSigil","champ:FlashCut"],"picked":"champ:Haymaker","floor":27.0},{"not_picked":["champ:GladiatorsShout","champ:DefensiveShout","champ:ShieldSigil+1"],"picked":"SKIP","floor":29.0},{"not_picked":["champ:TornadoPunch+1","champ:FaceSlap+1"],"picked":"champ:PreciseThrust+1","floor":31.0},{"not_picked":["champ:BerserkersShout","champ:Riposte","champ:GladiatorsShout"],"picked":"SKIP","floor":32.0},{"not_picked":["champ:TornadoPunch+1","champ:FalseCounter"],"picked":"champ:BladeFlurry","floor":36},{"not_picked":["champ:FanOfKnives","champ:SkillfulDodge","champ:FlashCut"],"picked":"SKIP","floor":39},{"not_picked":["champ:AdrenalArmor+1","champ:FocusedBerserking","champ:Encircle+1"],"picked":"SKIP","floor":40},{"not_picked":["champ:FanOfKnives+1","champ:Encircle+1","champ:CheapShot"],"picked":"SKIP","floor":42},{"not_picked":["champ:FanOfKnives+1","champ:Encircle"],"picked":"champ:GladiatorStyle+1","floor":43},{"not_picked":["champ:FlashCut+1","champ:ViciousMockery","champ:TornadoPunch+1"],"picked":"SKIP","floor":46},{"not_picked":["champ:FanOfKnives+1","champ:PerfectedStrike","champ:TornadoPunch+1"],"picked":"SKIP","floor":48},{"not_picked":["champ:DefensiveShout","champ:PerfectedStrike+1","champ:AdrenalArmor+1"],"picked":"SKIP","floor":49},{"not_picked":["champ:FocusedDefense+1","champ:Backstep+1","champ:ShieldSigil"],"picked":"SKIP","floor":52}],"player_experience":570965,"relics_obtained":[{"floor":2.0,"key":"Anchor"},{"floor":4.0,"key":"Ice Cream"},{"floor":7.0,"key":"Smiling Mask"},{"floor":10.0,"key":"Tiny Chest"},{"floor":19.0,"key":"champ:SignatureFinisher"},{"floor":24.0,"key":"Happy Flower"},{"floor":26.0,"key":"Omamori"},{"floor":27.0,"key":"Oddly Smooth Stone"},{"floor":37,"key":"Pantograph"},{"floor":40,"key":"Orichalcum"},{"floor":41,"key":"Dream Catcher"},{"floor":42,"key":"Centennial Puzzle"},{"floor":47,"key":"champ:DuelingGlove"},{"floor":52,"key":"HandDrill"},{"floor":52,"key":"Toy Ornithopter"}],"event_choices":[{"damage_healed":0.0,"max_hp_gain":0.0,"max_hp_loss":0.0,"gold_gain":0.0,"event_name":"Scrap Ooze","player_choice":"Success","floor":6.0,"gold_loss":0.0,"damage_taken":7.0,"relics_obtained":["Art of War"]},{"cards_removed":["champ:Strike"],"damage_healed":0.0,"max_hp_gain":0.0,"max_hp_loss":0.0,"gold_gain":0.0,"event_name":"The Cleric","player_choice":"Card Removal","floor":9.0,"gold_loss":0.0,"damage_taken":0.0},{"damage_healed":0.0,"max_hp_gain":0.0,"max_hp_loss":0.0,"gold_gain":0.0,"event_name":"Living Wall","player_choice":"Grow","floor":12.0,"gold_loss":0.0,"damage_taken":0.0,"cards_upgraded":["champ:GladiatorStyle"]},{"damage_healed":30.0,"max_hp_gain":0.0,"max_hp_loss":0.0,"gold_gain":0.0,"event_name":"Big Fish","player_choice":"Banana","floor":14.0,"gold_loss":0.0,"damage_taken":0.0},{"damage_healed":0.0,"max_hp_gain":0.0,"max_hp_loss":0.0,"gold_gain":0.0,"event_name":"Back to Basics","player_choice":"Simplicity","floor":30.0,"gold_loss":0.0,"damage_taken":0.0,"cards_upgraded":["champ:Strike","champ:Strike","champ:Defend","champ:Defend","champ:Defend"]},{"damage_healed":0,"gold_gain":0,"player_choice":"Fight","damage_taken":0,"max_hp_gain":0,"max_hp_loss":0,"event_name":"Mysterious Sphere","floor":47,"gold_loss":0}],"is_beta":false,"boss_relics":[{"not_picked":["Pandora\u0027s Box","Cursed Key"],"picked":"Coffee Dripper"},{"not_picked":["SlaversCollar","Tiny House"],"picked":"expansioncontent:StudyCardRelic"}],"items_purged_floors":[13,36,45,53],"is_endless":false,"potions_floor_spawned":[10,11,16,19,27,32,42,43,46,48],"ascension_level":1}}