{"host":"1c52r9kaxdyo25eq","time":1607695248,"event":{"mods":["AchievementEnabler","BaseMod","Minty Spire (QoL Compilation)","Rare Cards Sparkle","SuperFastMode","everything is the same but u backflip on backflip"],"gold_per_floor":[119,194,36,36,49,81,101,101,101,116,146,156,56,56,56,134,134,145,70,70,89,89,89,89],"floor_reached":23,"playtime":414,"items_purged":["Defend_P","Strike_P"],"score":461,"play_id":"0faee39f-6d09-4246-86bb-b08784142e7e","local_time":"20201211230048","is_ascension_mode":true,"campfire_choices":[{"data":"Eruption","floor":8.0,"key":"SMITH"},{"data":"MentalFortress","floor":15.0,"key":"SMITH"}],"circlet_count":0,"master_deck":["AscendersBane","Strike_P+1","Strike_P+1","Defend_P+1","Defend_P+1","Eruption+1","Vigilance","MentalFortress+1","FearNoEvil+1","LessonLearned","Tantrum","Scrawl"],"relics":["PureWater","NeowsBlessing","Sundial","Potion Belt","Shuriken","Runic Pyramid"],"acts_visited":["Exordium","TheCity"],"potions_floor_usage":[16],"damage_taken":[{"damage":0.0,"enemies":"2 Louse","floor":1.0,"turns":1.0},{"damage":0.0,"enemies":"Small Slimes","floor":5.0,"turns":1.0},{"damage":0.0,"enemies":"Lagavulin","floor":6.0,"turns":2.0},{"damage":9.0,"enemies":"Jaw Worm","floor":7.0,"turns":5.0},{"damage":1.0,"enemies":"2 Fungi Beasts","floor":10.0,"turns":4.0},{"damage":0.0,"enemies":"Gremlin Nob","floor":11.0,"turns":2.0},{"damage":2.0,"enemies":"Exordium Thugs","floor":12.0,"turns":4.0},{"damage":6,"enemies":"Hexaghost","floor":16,"turns":8},{"damage":0,"enemies":"Spheric Guardian","floor":18,"turns":3},{"damage":8,"enemies":"3 Byrds","floor":21,"turns":5},{"damage":33,"enemies":"Slavers","floor":23,"turns":4}],"seed_played":"7397187721824502810","potions_obtained":[{"floor":1.0,"key":"EssenceOfSteel"},{"floor":7.0,"key":"SpeedPotion"},{"floor":10.0,"key":"DistilledChaos"}],"is_trial":false,"path_per_floor":["M","?","$","?","M","E","M","R","T","M","E","M","$","?","R","B",null,"M","?","?","M","?","E"],"character_chosen":"WATCHER","items_purchased":["MentalFortress"],"campfire_rested":0,"item_purchase_floors":[3],"current_hp_per_floor":[61,50,50,30,30,30,21,21,21,20,20,18,18,18,18,12,54,54,54,54,46,46,13,13],"gold":89,"neow_bonus":"THREE_ENEMY_KILL","is_daily":false,"chose_seed":false,"campfire_upgraded":2,"win_rate":0.0,"timestamp":1607695248,"path_taken":["M","?","$","?","M","E","M","R","T","M","E","M","$","?","R","BOSS","M","?","?","M","?","E"],"items_purchased_type":["Card"],"build_version":"2020-11-30","purchased_purges":2,"victory":false,"max_hp_per_floor":[68,68,68,68,68,68,68,68,68,68,68,68,68,68,68,68,68,68,68,68,68,68,68,68],"card_choices":[{"not_picked":["Swivel","DeceiveReality","SignatureMove"],"picked":"SKIP","floor":1.0},{"not_picked":["Weave","Halt","JustLucky"],"picked":"SKIP","floor":5.0},{"not_picked":["EmptyFist","Crescendo","Protect"],"picked":"SKIP","floor":6.0},{"not_picked":["FlurryOfBlows","Wallop"],"picked":"FearNoEvil","floor":7.0},{"not_picked":["Consecrate","Crescendo","Indignation"],"picked":"SKIP","floor":10.0},{"not_picked":["JustLucky","Judgement","Wallop"],"picked":"SKIP","floor":11.0},{"not_picked":["SashWhip","Crescendo","JustLucky"],"picked":"SKIP","floor":12.0},{"not_picked":["Blasphemy","Establishment"],"picked":"LessonLearned","floor":16},{"not_picked":["EmptyFist","ThirdEye","PathToVictory"],"picked":"SKIP","floor":18},{"not_picked":["Meditate","Crescendo"],"picked":"Tantrum","floor":21}],"player_experience":456387,"relics_obtained":[{"floor":6.0,"key":"Sundial"},{"floor":9.0,"key":"Potion Belt"},{"floor":11.0,"key":"Shuriken"}],"event_choices":[{"damage_healed":0.0,"max_hp_gain":0.0,"max_hp_loss":0.0,"gold_gain":75.0,"event_name":"World of Goop","player_choice":"Gather Gold","floor":2.0,"gold_loss":0.0,"damage_taken":11.0},{"damage_healed":0.0,"max_hp_gain":0.0,"max_hp_loss":0.0,"gold_gain":0.0,"event_name":"Shining Light","player_choice":"Entered Light","floor":4.0,"gold_loss":0.0,"damage_taken":20.0,"cards_upgraded":["Defend_P","Defend_P"]},{"cards_removed":["Defend_P"],"damage_healed":0.0,"max_hp_gain":0.0,"max_hp_loss":0.0,"gold_gain":0.0,"event_name":"Living Wall","player_choice":"Forget","floor":14.0,"gold_loss":0.0,"damage_taken":0.0},{"cards_removed":["Strike_P"],"damage_healed":0,"gold_gain":0,"player_choice":"Gave Gold","damage_taken":0,"max_hp_gain":0,"max_hp_loss":0,"event_name":"Beggar","floor":19,"gold_loss":75},{"damage_healed":0,"gold_gain":0,"player_choice":"Ignored","damage_taken":0,"max_hp_gain":0,"max_hp_loss":0,"event_name":"Ghosts","floor":20,"gold_loss":0},{"damage_healed":0,"gold_gain":0,"player_choice":"Read","damage_taken":0,"max_hp_gain":0,"max_hp_loss":0,"event_name":"The Library","floor":22,"gold_loss":0,"cards_obtained":["Scrawl"]}],"is_beta":false,"boss_relics":[{"not_picked":["Busted Crown","HolyWater"],"picked":"Runic Pyramid"}],"items_purged_floors":[3,13],"is_endless":false,"potions_floor_spawned":[1,7,10],"killed_by":"Slavers","ascension_level":17}}