{"host":"0msxzbajcl1c78mb","time":1607661269,"event":{"mods":["AchievementEnabler","BaseMod","Colored Map","Colored Powertips","Highlight Path","Minty Spire (QoL Compilation)","Relic Sorter","Relic Stats","StSLib","The Jungle","everything is the same but u backflip on backflip"],"gold_per_floor":[115,40,40,52,52,87,87,114,166,186,199,230,230,240,240,337,337,353,365,365,376,388,422,448,483,483,514,514,514,523,523,523,523,523],"floor_reached":33,"playtime":2470,"items_purged":["Strike_R"],"score":563,"play_id":"f43b98e6-b27d-442c-862d-0864f357441c","local_time":"20201210233429","is_ascension_mode":true,"campfire_choices":[{"floor":7,"key":"DIG"},{"data":"Uppercut","floor":13,"key":"SMITH"},{"floor":15,"key":"DIG"},{"floor":29,"key":"DIG"},{"floor":32,"key":"DIG"}],"circlet_count":0,"master_deck":["Strike_R","Defend_R+1","Defend_R","Defend_R+1","Defend_R","Bash","Shrug It Off","Hemokinesis","Finesse","Uppercut+1","Shrug It Off","Shrug It Off","Corruption+1","Feed","Warcry+1","Inflame+1","Clothesline","Blood for Blood","Shrug It Off","Iron Wave+1","Impervious","Shame"],"relics":["Burning Blood","NeowsBlessing","Strawberry","Shovel","War Paint","Frozen Egg 2","PreservedInsect","Boot","Pen Nib","Black Star","Nunchaku","CeramicFish","Art of War","Blue Candle","Singing Bowl","Dream Catcher","Toy Ornithopter","theJungle:WildPear","Potion Belt","theJungle:PaperFaux","theJungle:SpiritDisease","Molten Egg 2"],"acts_visited":["Exordium","Exordium"],"potions_floor_usage":[8,16,16,23,23,23,23,24,24,24,25,33,33,33],"damage_taken":[{"damage":0,"enemies":"2 Louse","floor":1,"turns":1},{"damage":0,"enemies":"Cultist","floor":4,"turns":1},{"damage":0,"enemies":"Gremlin Nob","floor":6,"turns":1},{"damage":26,"enemies":"Lagavulin","floor":8,"turns":5},{"damage":4,"enemies":"Jaw Worm","floor":10,"turns":3},{"damage":23,"enemies":"Gremlin Gang","floor":11,"turns":7},{"damage":18,"enemies":"Gremlin Nob","floor":12,"turns":3},{"damage":3,"enemies":"Blue Slaver","floor":14,"turns":4},{"damage":14,"enemies":"Hexaghost","floor":16,"turns":10},{"damage":9,"enemies":"theJungle:MUSHROOMGANG","floor":18,"turns":6},{"damage":25,"enemies":"theJungle:Flameango_and_Byrd","floor":19,"turns":7},{"damage":29,"enemies":"theJungle:2_Snecko_Cultists","floor":21,"turns":4},{"damage":11,"enemies":"theJungle:Snecko_Cultist_And_Trap","floor":22,"turns":8},{"damage":19,"enemies":"theJungle:Cassacara","floor":23,"turns":6},{"damage":20,"enemies":"theJungle:SlimyTreeVines","floor":24,"turns":10},{"damage":2,"enemies":"theJungle:MamaSnecko","floor":25,"turns":3},{"damage":16,"enemies":"theJungle:Cassacara","floor":27,"turns":6},{"damage":60,"enemies":"theJungle:QueenSpyder","floor":33,"turns":17}],"seed_played":"-6269372941748597705","potions_obtained":[{"floor":1,"key":"LiquidMemories"},{"floor":4,"key":"SteroidPotion"},{"floor":10,"key":"SneckoOil"},{"floor":11,"key":"DistilledChaos"},{"floor":14,"key":"SpeedPotion"},{"floor":16,"key":"SpeedPotion"},{"floor":22,"key":"EntropicBrew"},{"floor":25,"key":"BlessingOfTheForge"},{"floor":27,"key":"Regen Potion"}],"is_trial":false,"path_per_floor":["M","$","?","M","?","E","R","E","T","M","M","E","R","M","R","B",null,"M","M","?","M","M","E","M","E","T","E","?","R","?","?","R","B"],"character_chosen":"IRONCLAD","items_purchased":[],"campfire_rested":0,"item_purchase_floors":[],"current_hp_per_floor":[78,78,85,87,87,87,87,67,67,69,52,40,40,43,43,35,74,74,58,58,35,33,23,34,38,38,30,40,40,40,40,40,0,0],"gold":523,"neow_bonus":"THREE_ENEMY_KILL","is_daily":false,"chose_seed":false,"campfire_upgraded":1,"win_rate":0.0,"timestamp":1607661269,"path_taken":["M","$","?","?","?","E","R","E","T","?","M","E","R","M","R","BOSS","M","M","?","M","?","E","M","E","T","E","?","R","?","?","R","BOSS"],"items_purchased_type":[],"build_version":"2020-11-30","purchased_purges":1,"victory":false,"max_hp_per_floor":[80,80,87,87,87,87,87,87,87,87,87,87,87,87,87,87,87,90,93,93,93,96,99,99,99,99,101,111,111,111,111,111,111,111],"relic_stats":{"Singing Bowl":2,"counters":[18,102],"CeramicFish":27,"Blue Candle":[1],"PreservedInsect":136,"Pen Nib":[12],"War Paint":["Defend_R","Defend_R"],"Boot":[10],"Burning Blood":92,"Nunchaku":[5],"Dream Catcher":0,"Shovel":4,"Black Star":3,"Art of War":[3],"obtain_stats":[{"Potion Belt":29,"NeowsBlessing":0,"Singing Bowl":26,"CeramicFish":23,"Blue Candle":25,"PreservedInsect":9,"Pen Nib":15,"theJungle:WildPear":28,"theJungle:SpiritDisease":31,"War Paint":7,"Frozen Egg 2":8,"theJungle:PaperFaux":30,"Boot":12,"Burning Blood":0,"Nunchaku":23,"Dream Catcher":27,"Shovel":6,"Strawberry":3,"Molten Egg 2":32,"Black Star":17,"Art of War":25,"Toy Ornithopter":27},{"Potion Belt":17,"NeowsBlessing":0,"Singing Bowl":16,"CeramicFish":14,"Blue Candle":16,"PreservedInsect":4,"Pen Nib":8,"theJungle:WildPear":17,"theJungle:SpiritDisease":17,"War Paint":3,"Frozen Egg 2":4,"theJungle:PaperFaux":17,"Boot":7,"Burning Blood":0,"Nunchaku":14,"Dream Catcher":17,"Shovel":3,"Strawberry":1,"Molten Egg 2":17,"Black Star":9,"Art of War":16,"Toy Ornithopter":17},{"Potion Belt":85,"NeowsBlessing":0,"Singing Bowl":79,"CeramicFish":66,"Blue Candle":79,"PreservedInsect":8,"Pen Nib":25,"theJungle:WildPear":85,"theJungle:SpiritDisease":85,"War Paint":3,"Frozen Egg 2":8,"theJungle:PaperFaux":85,"Boot":21,"Burning Blood":0,"Nunchaku":66,"Dream Catcher":85,"Shovel":3,"Strawberry":1,"Molten Egg 2":85,"Black Star":35,"Art of War":79,"Toy Ornithopter":85}],"Toy Ornithopter":15},"card_choices":[{"not_picked":["Entrench","Havoc","Heavy Blade"],"picked":"SKIP","floor":1},{"not_picked":["Body Slam","Headbutt"],"picked":"Shrug It Off","floor":4},{"not_picked":["Havoc","Combust"],"picked":"Uppercut","floor":6},{"not_picked":["Heavy Blade","Rage","Evolve+1"],"picked":"SKIP","floor":8},{"not_picked":["Pommel Strike","Reckless Charge"],"picked":"Shrug It Off","floor":10},{"not_picked":["Havoc","Warcry"],"picked":"Shrug It Off","floor":11},{"not_picked":["Evolve+1","Twin Strike"],"picked":"Corruption+1","floor":12},{"not_picked":["Sword Boomerang","Perfected Strike","Pommel Strike"],"picked":"SKIP","floor":14},{"not_picked":["Bludgeon","Brutality+1"],"picked":"Feed","floor":16},{"not_picked":["Infernal Blade","Wild Strike"],"picked":"Warcry+1","floor":18},{"not_picked":["Pommel Strike","Sword Boomerang"],"picked":"Inflame+1","floor":19},{"not_picked":["Wild Strike","Anger+1"],"picked":"Shrug It Off","floor":21},{"not_picked":["Anger","Pommel Strike","Wild Strike+1"],"picked":"SKIP","floor":22},{"not_picked":["Dark Embrace+1","Infernal Blade"],"picked":"Iron Wave+1","floor":23},{"not_picked":["Iron Wave","Warcry"],"picked":"Impervious","floor":24},{"not_picked":["Havoc","Feel No Pain+1","Wild Strike"],"picked":"SKIP","floor":25},{"not_picked":["Intimidate+1","True Grit","Iron Wave"],"picked":"Singing Bowl","floor":27}],"player_experience":237102,"relics_obtained":[{"floor":6,"key":"Shovel"},{"floor":7,"key":"War Paint"},{"floor":8,"key":"Frozen Egg 2"},{"floor":9,"key":"PreservedInsect"},{"floor":12,"key":"Boot"},{"floor":15,"key":"Pen Nib"},{"floor":23,"key":"Nunchaku"},{"floor":23,"key":"CeramicFish"},{"floor":25,"key":"Art of War"},{"floor":25,"key":"Blue Candle"},{"floor":26,"key":"Singing Bowl"},{"floor":27,"key":"Dream Catcher"},{"floor":27,"key":"Toy Ornithopter"},{"floor":29,"key":"Potion Belt"},{"floor":32,"key":"Molten Egg 2"}],"event_choices":[{"damage_healed":0,"gold_gain":0,"player_choice":"Gave Potion","damage_taken":0,"relics_obtained":["Strawberry"],"max_hp_gain":0,"max_hp_loss":0,"event_name":"WeMeetAgain","floor":3,"gold_loss":0},{"damage_healed":0,"gold_gain":0,"player_choice":"2 cards matched","damage_taken":0,"max_hp_gain":0,"max_hp_loss":0,"event_name":"Match and Keep!","floor":5,"gold_loss":0,"cards_obtained":["Hemokinesis","Finesse"]},{"damage_healed":0,"gold_gain":0,"player_choice":"2 cards matched","damage_taken":0,"max_hp_gain":0,"max_hp_loss":0,"event_name":"Match and Keep!","floor":20,"gold_loss":0,"cards_obtained":["Clothesline","Blood for Blood"]}],"is_beta":false,"boss_relics":[{"not_picked":["Philosopher\u0027s Stone","Velvet Choker"],"picked":"Black Star"}],"items_purged_floors":[2],"is_endless":false,"potions_floor_spawned":[1,4,10,11,14,16,22,25,27],"killed_by":"theJungle:QueenSpyder","ascension_level":6}}