{"host":"2lo6hma6kymb0g9i","time":1607693766,"event":{"mods":["BaseMod","Colored Map","DeckTracker","Minty Spire (QoL Compilation)"],"gold_per_floor":[119,119,119,119,134,134,146,175,175,175,201,212,231,265,265,364,364,364,364],"floor_reached":18,"playtime":1465,"items_purged":[],"score":287,"play_id":"4442813a-3d91-4679-ba60-be58002918cd","local_time":"20201211223606","is_ascension_mode":true,"campfire_choices":[{"data":"Blade Dance","floor":6,"key":"SMITH"},{"data":"Neutralize","floor":10,"key":"SMITH"},{"data":"Blade Dance","floor":15,"key":"SMITH"}],"circlet_count":0,"master_deck":["Strike_G","Strike_G","Strike_G","Strike_G","Defend_G","Defend_G","Defend_G","Defend_G","Defend_G","Survivor","Neutralize+1","Swift Strike","Blade Dance+1","Backflip","Backflip","Well Laid Plans","Tactician","Backstab","Blur","Blade Dance+1","Corpse Explosion"],"relics":["Ring of the Snake","Kunai","Bag of Marbles","Bag of Preparation","Anchor","Letter Opener","Runic Pyramid"],"acts_visited":["Exordium","TheCity"],"potions_floor_usage":[14],"damage_taken":[{"damage":0,"enemies":"Small Slimes","floor":1,"turns":3},{"damage":0,"enemies":"Jaw Worm","floor":5,"turns":3},{"damage":0,"enemies":"Cultist","floor":7,"turns":3},{"damage":25,"enemies":"Lagavulin","floor":8,"turns":7},{"damage":5,"enemies":"3 Sentries","floor":11,"turns":9},{"damage":0,"enemies":"Exordium Thugs","floor":12,"turns":6},{"damage":0,"enemies":"Looter","floor":13,"turns":2},{"damage":0,"enemies":"Lagavulin","floor":14,"turns":5},{"damage":14,"enemies":"Hexaghost","floor":16,"turns":12},{"damage":2,"enemies":"Chosen","floor":18,"turns":2}],"seed_played":"-7523572950291898392","potions_obtained":[{"floor":1,"key":"GamblersBrew"},{"floor":8,"key":"DuplicationPotion"},{"floor":13,"key":"GamblersBrew"}],"is_trial":false,"path_per_floor":["M","?","?","T","M","R","M","E","T","R","E","M","M","E","R","B",null,"M"],"character_chosen":"THE_SILENT","items_purchased":[],"campfire_rested":0,"item_purchase_floors":[],"current_hp_per_floor":[63,63,68,68,68,68,68,43,43,43,38,38,38,38,38,24,62,60,60],"gold":364,"neow_bonus":"RANDOM_COLORLESS","is_daily":false,"chose_seed":false,"campfire_upgraded":3,"win_rate":0.0,"timestamp":1607693766,"path_taken":["M","?","?","?","?","R","M","E","T","R","E","M","M","E","R","BOSS","M"],"items_purchased_type":[],"build_version":"2020-11-30","purchased_purges":0,"victory":false,"max_hp_per_floor":[70,70,75,75,75,75,75,75,75,75,75,75,75,75,75,75,75,75,75],"card_choices":[{"not_picked":["Deep Breath","Dramatic Entrance"],"picked":"Swift Strike","floor":0},{"not_picked":["Backflip","Calculated Gamble"],"picked":"Blade Dance","floor":1},{"not_picked":["Dagger Spray","Bane"],"picked":"Backflip","floor":5},{"not_picked":["Doppelganger","Distraction"],"picked":"Backflip","floor":7},{"not_picked":["Acrobatics","Deadly Poison"],"picked":"Well Laid Plans","floor":8},{"not_picked":["Sucker Punch","Dagger Throw"],"picked":"Tactician","floor":11},{"not_picked":["Outmaneuver","Slice"],"picked":"Backstab","floor":12},{"not_picked":["All Out Attack","Slice"],"picked":"Blur","floor":13},{"not_picked":["Night Terror","Dash"],"picked":"Blade Dance","floor":14},{"not_picked":["Malaise","After Image"],"picked":"Corpse Explosion","floor":16}],"player_experience":764551,"relics_obtained":[{"floor":4,"key":"Kunai"},{"floor":8,"key":"Bag of Marbles"},{"floor":9,"key":"Bag of Preparation"},{"floor":11,"key":"Anchor"},{"floor":14,"key":"Letter Opener"}],"event_choices":[{"cards_removed":["Strike_G"],"damage_healed":0,"gold_gain":0,"player_choice":"Forget","damage_taken":0,"max_hp_gain":0,"max_hp_loss":0,"event_name":"Living Wall","floor":2,"gold_loss":0},{"damage_healed":0,"gold_gain":0,"player_choice":"Donut","damage_taken":0,"max_hp_gain":5,"max_hp_loss":0,"event_name":"Big Fish","floor":3,"gold_loss":0}],"is_beta":false,"boss_relics":[{"not_picked":["Philosopher\u0027s Stone","Astrolabe"],"picked":"Runic Pyramid"}],"items_purged_floors":[],"is_endless":false,"potions_floor_spawned":[1,8,13],"killed_by":"Chosen","ascension_level":8}}