{"host":"on8rz1ayhhz269sg","time":1607661639,"event":{"mods":["BaseMod","Hermit","Minty Spire (QoL Compilation)","StSLib","The Cursed"],"gold_per_floor":[118,130,130,41,55,55,82,69,92,103,103,118,3,13,13,108,108,125,139,139,158,173,173,189,242,267,36,36,36,36,48,48,151,151,163,174,67,81,98,98,28,28,53,53,99,149,159,159,159,159],"floor_reached":51,"playtime":4703,"items_purged":[],"score":701,"play_id":"86090a47-bede-4d46-9ff4-6a4a2ad8ade0","local_time":"20201211124039","is_ascension_mode":false,"campfire_choices":[{"data":"TheCursedMod:CursedWand","floor":6.0,"key":"SMITH"},{"floor":15.0,"key":"REST"},{"floor":23.0,"key":"REST"},{"floor":28.0,"key":"REST"},{"data":"TheCursedMod:Evocation","floor":30.0,"key":"SMITH"},{"floor":32.0,"key":"REST"},{"data":"TheCursedMod:CollectTribute","floor":40.0,"key":"SMITH"},{"data":"TheCursedMod:Hemoplague","floor":42.0,"key":"SMITH"},{"data":"TheCursedMod:SmokeScreen","floor":44.0,"key":"SMITH"},{"data":"TheCursedMod:SmokeScreen","floor":49.0,"key":"SMITH"}],"circlet_count":0,"master_deck":["TheCursedMod:Strike_TheCursed","TheCursedMod:Strike_TheCursed","TheCursedMod:Defend_TheCursed","TheCursedMod:Defend_TheCursed","TheCursedMod:Defend_TheCursed","TheCursedMod:CursedWand+1","TheCursedMod:CleanUpWorkshop","TheCursedMod:Dregs","TheCursedMod:HellsGateOpen","TheCursedMod:CircleOfCorruption","TheCursedMod:LuckyCharm","TheCursedMod:SmokeScreen+1","TheCursedMod:Wield","TheCursedMod:Hemoplague+1","TheCursedMod:HellfireBreathing","TheCursedMod:Torture","TheCursedMod:CircleOfAmplification","TheCursedMod:CursedAmulet","TheCursedMod:WearCloak","TheCursedMod:Hemoplague","TheCursedMod:Obscuration","TheCursedMod:StunningStrike","TheCursedMod:Evocation","TheCursedMod:FleshFromBone","TheCursedMod:Evocation+1","TheCursedMod:EmpowerCircles","TheCursedMod:WearCloak+1","TheCursedMod:Stigma","TheCursedMod:SmokeScreen+1","TheCursedMod:HellsGateOpen","TheCursedMod:Stretching","TheCursedMod:ParallelWorld","TheCursedMod:SpitefulPlan","TheCursedMod:FleshFromBone","TheCursedMod:CollectTribute+1","TheCursedMod:RapidMovement+1","TheCursedMod:SmokeScreen+1","TheCursedMod:CircleOfFlame","TheCursedMod:ReleasedStrength","TheCursedMod:SoulCrush+1","Parasite","TheCursedMod:CursedBlade+1","TheCursedMod:SmokeScreen+1","TheCursedMod:Stretching","TheCursedMod:CursedArmor","TheCursedMod:Torture+1","Writhe"],"relics":["TheCursedMod:BlackMagicAdvanced","NeowsBlessing","Tiny Chest","Oddly Smooth Stone","TheCursedMod:OminousMark","Regal Pillow","Vajra","OrangePellets","Dream Catcher","Smiling Mask","Bird Faced Urn"],"acts_visited":["Exordium","TheCity","TheBeyond"],"potions_floor_usage":[50],"damage_taken":[{"damage":0.0,"enemies":"2 Louse","floor":1.0,"turns":1.0},{"damage":0.0,"enemies":"Cultist","floor":2.0,"turns":1.0},{"damage":0.0,"enemies":"Small Slimes","floor":5.0,"turns":1.0},{"damage":45.0,"enemies":"Gremlin Nob","floor":7.0,"turns":6.0},{"damage":1.0,"enemies":"Exordium Thugs","floor":8.0,"turns":4.0},{"damage":3.0,"enemies":"Looter","floor":10.0,"turns":4.0},{"damage":1.0,"enemies":"3 Louse","floor":12.0,"turns":4.0},{"damage":10.0,"enemies":"Lots of Slimes","floor":14.0,"turns":5.0},{"damage":34.0,"enemies":"Slime Boss","floor":16.0,"turns":13.0},{"damage":1.0,"enemies":"Shell Parasite","floor":18.0,"turns":5.0},{"damage":25.0,"enemies":"2 Thieves","floor":19.0,"turns":5.0},{"damage":17.0,"enemies":"Snecko","floor":21.0,"turns":7.0},{"damage":21.0,"enemies":"3 Cultists","floor":22.0,"turns":5.0},{"damage":0.0,"enemies":"Snake Plant","floor":24.0,"turns":4.0},{"damage":12.0,"enemies":"Shelled Parasite and Fungi","floor":31.0,"turns":4.0},{"damage":0.0,"enemies":"Champ","floor":33.0,"turns":12.0},{"damage":3.0,"enemies":"Orb Walker","floor":35.0,"turns":4.0},{"damage":6.0,"enemies":"3 Darklings","floor":36.0,"turns":6.0},{"damage":0.0,"enemies":"Transient","floor":38.0,"turns":5.0},{"damage":4.0,"enemies":"Writhing Mass","floor":39.0,"turns":7.0},{"damage":2.0,"enemies":"Mind Bloom Boss Battle","floor":46.0,"turns":6.0},{"damage":24.0,"enemies":"3 Darklings","floor":47.0,"turns":7.0},{"damage":17,"enemies":"Donu and Deca","floor":50,"turns":11}],"seed_played":"-7651965559931214275","potions_obtained":[{"floor":2.0,"key":"SpeedPotion"},{"floor":5.0,"key":"Dexterity Potion"},{"floor":7.0,"key":"Dexterity Potion"},{"floor":14.0,"key":"Strength Potion"},{"floor":21.0,"key":"EntropicBrew"},{"floor":22.0,"key":"LiquidMemories"},{"floor":31.0,"key":"PowerPotion"},{"floor":35.0,"key":"DistilledChaos"},{"floor":36.0,"key":"DuplicationPotion"},{"floor":39.0,"key":"AttackPotion"}],"is_trial":false,"path_per_floor":["M","M","?","$","M","R","E","M","T","M","?","M","$","M","R","B",null,"M","M","?","M","M","R","M","T","T","$","R","?","R","M","R","B",null,"M","M","$","M","M","R","$","R","T","R","T","?","M","?","R","B",null],"character_chosen":"THE_CURSED","items_purchased":["TheCursedMod:LuckyCharm","TheCursedMod:SmokeScreen","TheCursedMod:WearCloak","TheCursedMod:Hemoplague","OrangePellets","TheCursedMod:HellsGateOpen","TheCursedMod:Stretching","TheCursedMod:CircleOfFlame","TheCursedMod:ReleasedStrength","TheCursedMod:SmokeScreen","TheCursedMod:Stretching"],"campfire_rested":4,"item_purchase_floors":[4,4,13,13,27,27,27,37,37,41,41],"current_hp_per_floor":[75,75,75,75,75,75,30,29,29,26,26,25,25,15,37,3,75,74,49,49,32,11,33,33,33,33,33,70,70,70,58,75,75,75,72,66,66,66,62,62,62,62,62,62,62,60,52,71,71,70],"gold":159,"neow_bonus":"THREE_ENEMY_KILL","is_daily":false,"chose_seed":false,"campfire_upgraded":6,"win_rate":0.0,"timestamp":1607661639,"path_taken":["M","M","?","$","?","R","E","M","T","M","?","M","?","M","R","BOSS","M","M","?","M","M","R","M","?","T","$","R","?","R","M","R","BOSS","M","M","$","?","?","R","$","R","T","R","?","?","M","?","R","BOSS"],"items_purchased_type":["Card","Card","Card","Card","Relic","Card","Card","Card","Card","Card","Card"],"build_version":"2020-11-30","purchased_purges":0,"victory":true,"max_hp_per_floor":[75,75,75,75,75,75,75,75,75,75,75,75,75,75,75,75,75,75,75,75,75,75,75,75,75,75,75,75,75,75,75,75,75,75,75,75,75,75,75,75,75,75,75,75,75,75,75,75,75,75],"card_choices":[{"not_picked":["TheCursedMod:CursedShiv","TheCursedMod:CursedAmulet"],"picked":"TheCursedMod:HellsGateOpen","floor":1.0},{"not_picked":["TheCursedMod:CursedShiv","TheCursedMod:Stigma"],"picked":"TheCursedMod:CircleOfCorruption","floor":2.0},{"not_picked":["TheCursedMod:RavingStaff","TheCursedMod:VitalStrike"],"picked":"TheCursedMod:Wield","floor":5.0},{"not_picked":["TheCursedMod:Neurasthenia","TheCursedMod:CursedAmulet"],"picked":"TheCursedMod:Hemoplague","floor":7.0},{"not_picked":["TheCursedMod:SurpriseAttack","TheCursedMod:RavingStaff"],"picked":"TheCursedMod:HellfireBreathing","floor":8.0},{"not_picked":["TheCursedMod:ManaBullet","TheCursedMod:RavingStaff"],"picked":"TheCursedMod:Torture","floor":10.0},{"not_picked":["TheCursedMod:CursedShiv","TheCursedMod:Wield"],"picked":"TheCursedMod:CursedAmulet","floor":12.0},{"not_picked":["TheCursedMod:SurpriseAttack","TheCursedMod:AbyssShockwave"],"picked":"TheCursedMod:Obscuration","floor":14.0},{"not_picked":["TheCursedMod:ParallelWorld","TheCursedMod:ForbiddenAlchemy"],"picked":"TheCursedMod:StunningStrike","floor":16.0},{"not_picked":["TheCursedMod:CursedAmulet","TheCursedMod:CursedArmor"],"picked":"TheCursedMod:Evocation","floor":18.0},{"not_picked":["TheCursedMod:CursedStaff","TheCursedMod:VitalStrike"],"picked":"TheCursedMod:FleshFromBone","floor":19.0},{"not_picked":["TheCursedMod:CursedShiv+1","TheCursedMod:StingEye"],"picked":"TheCursedMod:WearCloak+1","floor":21.0},{"not_picked":["TheCursedMod:CursedRelics","TheCursedMod:PrepareRite+1"],"picked":"TheCursedMod:Stigma","floor":22.0},{"not_picked":["TheCursedMod:CircleOfFlame","TheCursedMod:CircleOfCorruption"],"picked":"TheCursedMod:SmokeScreen+1","floor":24.0},{"not_picked":["TheCursedMod:Stretching","TheCursedMod:CircleOfFlame"],"picked":"TheCursedMod:FleshFromBone","floor":31.0},{"not_picked":["TheCursedMod:OutForBlood","TheCursedMod:DemonSword"],"picked":"TheCursedMod:CollectTribute","floor":33.0},{"not_picked":["TheCursedMod:Stigma+1","TheCursedMod:Torture+1"],"picked":"TheCursedMod:RapidMovement+1","floor":35.0},{"not_picked":["TheCursedMod:SpitefulStrike+1","TheCursedMod:Obscuration+1"],"picked":"TheCursedMod:SmokeScreen+1","floor":36.0},{"not_picked":["TheCursedMod:HellfireBreathing+1","TheCursedMod:FleshFromBone"],"picked":"TheCursedMod:SoulCrush+1","floor":38.0},{"not_picked":["TheCursedMod:CursedAmulet","TheCursedMod:TacticalStrike"],"picked":"TheCursedMod:CursedBlade+1","floor":39.0},{"not_picked":["TheCursedMod:RavingStaff+1","TheCursedMod:ReleasedStrength+1"],"picked":"TheCursedMod:CursedArmor","floor":46.0},{"not_picked":["TheCursedMod:OutForBlood","TheCursedMod:SoulCrush"],"picked":"TheCursedMod:Torture+1","floor":47.0}],"player_experience":119943,"relics_obtained":[{"floor":7.0,"key":"Tiny Chest"},{"floor":9.0,"key":"Oddly Smooth Stone"},{"floor":25.0,"key":"Regal Pillow"},{"floor":26.0,"key":"Vajra"},{"floor":43.0,"key":"Dream Catcher"},{"floor":45.0,"key":"Smiling Mask"},{"floor":46.0,"key":"Bird Faced Urn"}],"event_choices":[{"damage_healed":0.0,"max_hp_gain":0.0,"max_hp_loss":0.0,"gold_gain":0.0,"event_name":"Fountain of Cleansing","player_choice":"Ignored","floor":3.0,"gold_loss":0.0,"damage_taken":0.0},{"damage_healed":0.0,"max_hp_gain":0.0,"max_hp_loss":0.0,"gold_gain":0.0,"cards_transformed":["TheCursedMod:Strike_TheCursed"],"event_name":"Transmorgrifier","player_choice":"Transformed","floor":11.0,"gold_loss":0.0,"damage_taken":0.0,"cards_obtained":["TheCursedMod:CircleOfAmplification"]},{"damage_healed":0.0,"max_hp_gain":0.0,"max_hp_loss":0.0,"gold_gain":0.0,"cards_transformed":["TheCursedMod:Strike_TheCursed","TheCursedMod:Defend_TheCursed"],"event_name":"Drug Dealer","player_choice":"Became Test Subject","floor":20.0,"gold_loss":0.0,"damage_taken":0.0,"cards_obtained":["TheCursedMod:Evocation","TheCursedMod:EmpowerCircles"]},{"damage_healed":0.0,"max_hp_gain":0.0,"max_hp_loss":0.0,"gold_gain":0.0,"event_name":"Match and Keep!","player_choice":"2 cards matched","floor":29.0,"gold_loss":0.0,"damage_taken":0.0,"cards_obtained":["TheCursedMod:ParallelWorld","TheCursedMod:SpitefulPlan"]},{"damage_healed":0.0,"max_hp_gain":0.0,"max_hp_loss":0.0,"gold_gain":0.0,"event_name":"MindBloom","player_choice":"Fight","floor":46.0,"gold_loss":0.0,"damage_taken":0.0},{"damage_healed":19.0,"max_hp_gain":0.0,"max_hp_loss":0.0,"gold_gain":0.0,"event_name":"Winding Halls","player_choice":"Writhe","floor":48.0,"gold_loss":0.0,"damage_taken":0.0,"cards_obtained":["Writhe"]}],"is_beta":false,"boss_relics":[{"not_picked":["Black Star","Velvet Choker"],"picked":"TheCursedMod:OminousMark"},{"not_picked":["Runic Pyramid","Fusion Hammer"],"picked":"TheCursedMod:BlackMagicAdvanced"}],"items_purged_floors":[],"is_endless":false,"potions_floor_spawned":[2,5,7,14,21,22,31,35,36,39],"ascension_level":0}}