{"host":"m6aaltr68g9tvoay","time":1607675700,"event":{"mods":["AchievementEnabler","BaseMod","Colored Map","Minty Spire (QoL Compilation)","StSLib"],"gold_per_floor":[116,116,133,133,82,82,82,94,120,120,120,149,149,167,167,167,167],"floor_reached":16,"playtime":528,"items_purged":[],"score":191,"play_id":"1fa67cb1-af67-4455-881c-bab48998cdec","local_time":"20201211003500","is_ascension_mode":true,"campfire_choices":[{"data":"Sucker Punch","floor":6,"key":"SMITH"},{"data":"Blade Dance","floor":11,"key":"SMITH"},{"data":"Storm of Steel","floor":13,"key":"SMITH"},{"data":"Distraction","floor":15,"key":"SMITH"}],"circlet_count":0,"master_deck":["AscendersBane","Strike_G","Strike_G","Strike_G","Strike_G","Strike_G","Defend_G","Defend_G","Defend_G","Defend_G","Defend_G","Survivor","Neutralize","Infinite Blades","Sucker Punch+1","Flying Knee","Blade Dance+1","Storm of Steel+1","Distraction+1"],"relics":["Ring of the Snake","MealTicket","Ancient Tea Set","HornCleat"],"acts_visited":["Exordium"],"potions_floor_usage":[12,12],"damage_taken":[{"damage":9,"enemies":"Jaw Worm","floor":1,"turns":4},{"damage":0,"enemies":"Cultist","floor":3,"turns":4},{"damage":0,"enemies":"2 Louse","floor":8,"turns":2},{"damage":3,"enemies":"Gremlin Nob","floor":12,"turns":3},{"damage":15,"enemies":"Exordium Thugs","floor":14,"turns":4},{"damage":58,"enemies":"The Guardian","floor":16,"turns":9}],"seed_played":"3475520680747178104","potions_obtained":[{"floor":1,"key":"SkillPotion"},{"floor":3,"key":"Swift Potion"},{"floor":14,"key":"GhostInAJar"}],"is_trial":false,"path_per_floor":["M","?","M","?","$","R","$","M","T","?","R","E","R","M","R","B"],"character_chosen":"THE_SILENT","items_purchased":["Flying Knee"],"campfire_rested":0,"item_purchase_floors":[5],"current_hp_per_floor":[50,76,76,76,76,76,76,76,76,76,76,73,73,58,58,0,0],"gold":167,"neow_bonus":"ONE_RANDOM_RARE_CARD","is_daily":false,"chose_seed":false,"campfire_upgraded":4,"win_rate":0.0,"timestamp":1607675700,"path_taken":["M","?","?","?","?","R","$","?","T","?","R","E","R","?","R","BOSS"],"items_purchased_type":["Card"],"build_version":"2020-11-30","purchased_purges":0,"victory":false,"max_hp_per_floor":[66,76,76,76,76,76,76,76,76,76,76,76,76,76,76,76,76],"card_choices":[{"not_picked":["Prepared","Dagger Throw"],"picked":"Infinite Blades","floor":1},{"not_picked":["Acrobatics","Eviscerate"],"picked":"Sucker Punch","floor":3},{"not_picked":["Flying Knee","Poisoned Stab"],"picked":"Blade Dance","floor":8},{"not_picked":["Predator","Dagger Spray"],"picked":"Storm of Steel","floor":12},{"not_picked":["Poisoned Stab","Deadly Poison"],"picked":"Distraction","floor":14}],"player_experience":1220275,"relics_obtained":[{"floor":4,"key":"MealTicket"},{"floor":9,"key":"Ancient Tea Set"},{"floor":12,"key":"HornCleat"}],"event_choices":[{"cards_removed":["Night Terror"],"damage_healed":16,"gold_gain":0,"player_choice":"Offered Rare","damage_taken":0,"max_hp_gain":10,"max_hp_loss":0,"event_name":"Bonfire Elementals","floor":2,"gold_loss":0},{"damage_healed":0,"gold_gain":0,"player_choice":"Relic","damage_taken":0,"max_hp_gain":0,"max_hp_loss":0,"event_name":"Wheel of Change","floor":4,"gold_loss":0},{"damage_healed":0,"gold_gain":0,"player_choice":"0 cards matched","damage_taken":0,"max_hp_gain":0,"max_hp_loss":0,"event_name":"Match and Keep!","floor":10,"gold_loss":0,"cards_obtained":[]}],"is_beta":false,"boss_relics":[],"items_purged_floors":[],"is_endless":false,"potions_floor_spawned":[1,3,14],"killed_by":"The Guardian","ascension_level":19}}