{"host":"z26j60ycepuqi9th","time":1607690061,"event":{"mods":["Act Like it!","BaseMod","CapriCore","Card Filter","Card Forge","DeckTracker","Dota2Spire","Friendly Minions","Highlight Path","Mari Mod (Legacy)","Mari\u0027s V1 Patch","Minty Spire (QoL Compilation)","MostiFishMod","Permanent Neow","Quick Restart","Relic Stats","Shop Mod","Spicy Shops","StSLib","SuperFastMode","TestMod","The Alterego","The Dragon Tamer","TheWitcher","[地精首领爬塔]The Maniac","【遗物卡牌】REMEMod","篝火指南"],"gold_per_floor":[109,128,53,18,31,62,81,106,141,153,184,224,249,261,273,357,369,418,459,361,420,432,496,362,417,464,509,509,409,480,513,91,201,201,201,61,115,137,137],"floor_reached":38,"playtime":1172,"items_purged":["Strike_G","Strike_G","Defend_G","Survivor","Defend_G"],"score":1167,"play_id":"44ddbc07-abf8-448c-873e-c422f0162a18","local_time":"20201211203421","is_ascension_mode":true,"campfire_choices":[{"data":"HalloweenModCandy","floor":15,"key":"SMITH"},{"floor":28,"key":"REST"},{"data":"Defend_G","floor":35,"key":"PURGE"}],"circlet_count":0,"master_deck":["AscendersBane","Strike_G+1","Defend_G","Defend_G","Neutralize+1","DTMod:HeadStart","HalloweenModCandy+1","HalloweenModTrick","HalloweenModGhostCostume","HalloweenModGhostCostume","HalloweenModGhostCostume","HalloweenModGhostCostume","HalloweenModGhostCostume","HalloweenModGhostCostume","HalloweenModGhostCostume","HalloweenModGhostCostume","HalloweenModGhostCostume+1","HalloweenModGhostCostume","HalloweenModGhostCostume","HalloweenModGhostCostume","HalloweenModGhostCostume","HalloweenModGhostCostume","HalloweenModGhostCostume","HalloweenModGhostCostume","HalloweenModGhostCostume","HalloweenModGhostCostume+1"],"relics":["Ring of the Snake","Hammer of Thor","Seething Fire","Anvil of the Gods","DaveBox","testmod-TestBox","REME_ComplimentaryCards","HalloweenModHalloween","Blue Candle","FeatherPendant","Question Card","PrismaticShard","testmod-OneHitWonder","MawBank","testmod-TurbochargingSystem","Art of War","REME_HourglassOfDeath","ImportantClient","REME_LowDesire","Dota2Spire:DrumOfEndurance","testmod-Acrobat","Ancient Tea Set","Sling","Omamori","Bag of Preparation","testmod-AssaultLearning","testmod-ArcanaOfDestiny","Calling Bell","Lantern","Shuriken","Peace Pipe","Juzu Bracelet"],"acts_visited":["Exordium","TheCity","TheBeyond","TheEnding"],"potions_floor_usage":[],"damage_taken":[{"damage":0,"enemies":"Cultist","floor":1,"turns":3},{"damage":2,"enemies":"2 Louse","floor":2,"turns":2},{"damage":0,"enemies":"Jaw Worm","floor":5,"turns":1},{"damage":9,"enemies":"Gremlin Nob","floor":6,"turns":3},{"damage":2,"enemies":"Exordium Wildlife","floor":7,"turns":3},{"damage":2,"enemies":"Lagavulin","floor":8,"turns":3},{"damage":20,"enemies":"Gremlin Gang","floor":11,"turns":3},{"damage":22,"enemies":"3 Sentries","floor":12,"turns":4},{"damage":2,"enemies":"Exordium Thugs","floor":13,"turns":2},{"damage":2,"enemies":"The Guardian","floor":16,"turns":2},{"damage":14,"enemies":"3 Byrds","floor":18,"turns":3},{"damage":17,"enemies":"2 Thieves","floor":19,"turns":4},{"damage":27,"enemies":"Snake Plant","floor":21,"turns":3},{"damage":34,"enemies":"Slavers","floor":23,"turns":3},{"damage":13,"enemies":"REME_1_Revenger","floor":25,"turns":3},{"damage":2,"enemies":"Snecko","floor":27,"turns":2},{"damage":20,"enemies":"Book of Stabbing","floor":30,"turns":2},{"damage":14,"enemies":"3 Cultists","floor":31,"turns":3},{"damage":8,"enemies":"Automaton","floor":33,"turns":4},{"damage":40,"enemies":"Shield and Spear","floor":37,"turns":3},{"damage":26,"enemies":"The Heart","floor":38,"turns":1}],"seed_played":"-4196698774350763900","potions_obtained":[{"floor":2,"key":"Fire Potion"},{"floor":8,"key":"PowerPotion"}],"is_trial":false,"path_per_floor":["M","M","$","?","M","E","M","E","T","?","M","E","M","T","R","B",null,"M","M","?","M","?","E","$","E","T","M","R","$","E","M","R","B",null,"R","$","E","B"],"character_chosen":"THE_SILENT","items_purchased":["Sling","testmod-ArcanaOfDestiny"],"campfire_rested":1,"item_purchase_floors":[24,32],"current_hp_per_floor":[59,57,57,66,66,65,66,66,66,66,53,39,45,45,45,58,64,66,49,49,37,37,11,11,6,6,12,31,31,19,20,20,34,64,64,64,26,0,0],"gold":137,"neow_bonus":"UPGRADE_CARD","is_daily":false,"chose_seed":false,"campfire_upgraded":1,"win_rate":0.0,"timestamp":1607690061,"path_taken":["M","M","$","?","M","E","M","E","T","?","?","E","M","?","R","BOSS","M","M","?","?","?","E","?","E","T","?","R","$","E","M","R","BOSS","R","$","E","BOSS"],"items_purchased_type":["Relic","Relic"],"build_version":"2020-11-30","purchased_purges":5,"victory":false,"max_hp_per_floor":[66,66,66,66,66,66,66,66,66,66,66,66,66,66,66,66,66,66,66,66,66,66,66,66,66,66,66,66,66,66,66,66,66,66,66,66,66,66,66],"relic_stats":{"Peace Pipe":1,"counters":[21,57],"Shuriken":[2],"Blue Candle":[30],"Art of War":[8],"Bag of Preparation":[12],"Juzu Bracelet":0,"Question Card":66721,"MawBank":192,"obtain_stats":[{"Lantern":34,"DaveBox":0,"Dota2Spire:DrumOfEndurance":17,"Hammer of Thor":0,"HalloweenModHalloween":0,"Bag of Preparation":26,"Juzu Bracelet":37,"PrismaticShard":1,"Ancient Tea Set":23,"Sling":24,"REME_LowDesire":17,"testmod-ArcanaOfDestiny":32,"Ring of the Snake":0,"ImportantClient":16,"testmod-TestBox":0,"Blue Candle":0,"Omamori":25,"Seething Fire":0,"testmod-TurbochargingSystem":9,"Question Card":1,"MawBank":8,"Calling Bell":34,"Peace Pipe":34,"REME_HourglassOfDeath":14,"Anvil of the Gods":0,"FeatherPendant":0,"Shuriken":34,"testmod-Acrobat":17,"testmod-AssaultLearning":30,"Art of War":12,"testmod-OneHitWonder":6,"REME_ComplimentaryCards":0},{"Lantern":19,"DaveBox":0,"Dota2Spire:DrumOfEndurance":10,"Hammer of Thor":0,"HalloweenModHalloween":0,"Bag of Preparation":15,"Juzu Bracelet":20,"PrismaticShard":1,"Ancient Tea Set":14,"Sling":14,"REME_LowDesire":10,"testmod-ArcanaOfDestiny":18,"Ring of the Snake":0,"ImportantClient":10,"testmod-TestBox":0,"Blue Candle":0,"Omamori":15,"Seething Fire":0,"testmod-TurbochargingSystem":6,"Question Card":1,"MawBank":6,"Calling Bell":19,"Peace Pipe":19,"REME_HourglassOfDeath":9,"Anvil of the Gods":0,"FeatherPendant":0,"Shuriken":19,"testmod-Acrobat":10,"testmod-AssaultLearning":17,"Art of War":8,"testmod-OneHitWonder":4,"REME_ComplimentaryCards":0},{"Lantern":53,"DaveBox":0,"Dota2Spire:DrumOfEndurance":26,"Hammer of Thor":0,"HalloweenModHalloween":0,"Bag of Preparation":42,"Juzu Bracelet":56,"PrismaticShard":3,"Ancient Tea Set":39,"Sling":39,"REME_LowDesire":26,"testmod-ArcanaOfDestiny":49,"Ring of the Snake":0,"ImportantClient":26,"testmod-TestBox":0,"Blue Candle":0,"Omamori":42,"Seething Fire":0,"testmod-TurbochargingSystem":15,"Question Card":3,"MawBank":15,"Calling Bell":53,"Peace Pipe":53,"REME_HourglassOfDeath":24,"Anvil of the Gods":0,"FeatherPendant":0,"Shuriken":53,"testmod-Acrobat":26,"testmod-AssaultLearning":46,"Art of War":22,"testmod-OneHitWonder":9,"REME_ComplimentaryCards":0}],"Ring of the Snake":[42]},"card_choices":[{"not_picked":["HalloweenModGhostCostume","HalloweenModTrick"],"picked":"HalloweenModCandy","floor":1},{"not_picked":["HalloweenModCandy","HalloweenModGhostCostume","HalloweenModGhostCostume"],"picked":"HalloweenModTrick","floor":2},{"not_picked":["HalloweenModTrick","HalloweenModCandy","HalloweenModCandy"],"picked":"HalloweenModGhostCostume","floor":5},{"not_picked":["HalloweenModTrick","HalloweenModCandy","HalloweenModTrick"],"picked":"HalloweenModGhostCostume","floor":6},{"not_picked":["HalloweenModTrick","HalloweenModCandy","HalloweenModCandy"],"picked":"HalloweenModGhostCostume","floor":7},{"not_picked":["HalloweenModCandy","HalloweenModTrick","HalloweenModTrick"],"picked":"HalloweenModGhostCostume","floor":8},{"not_picked":["HalloweenModTrick","HalloweenModCandy","HalloweenModCandy"],"picked":"HalloweenModGhostCostume","floor":11},{"not_picked":["HalloweenModTrick","HalloweenModCandy","HalloweenModCandy"],"picked":"HalloweenModGhostCostume","floor":12},{"not_picked":["HalloweenModCandy","HalloweenModTrick","HalloweenModCandy"],"picked":"HalloweenModGhostCostume","floor":13},{"not_picked":["HalloweenModTrick","HalloweenModCandy","HalloweenModTrick"],"picked":"HalloweenModGhostCostume","floor":16},{"not_picked":["HalloweenModTrick","HalloweenModCandy","HalloweenModTrick"],"picked":"HalloweenModGhostCostume+1","floor":18},{"not_picked":["HalloweenModTrick","HalloweenModCandy","HalloweenModCandy"],"picked":"HalloweenModGhostCostume","floor":19},{"not_picked":["HalloweenModTrick","HalloweenModCandy","HalloweenModCandy"],"picked":"HalloweenModGhostCostume","floor":21},{"not_picked":["HalloweenModTrick","HalloweenModCandy","HalloweenModTrick"],"picked":"HalloweenModGhostCostume","floor":23},{"not_picked":["HalloweenModTrick","HalloweenModCandy","HalloweenModCandy"],"picked":"HalloweenModGhostCostume","floor":25},{"not_picked":["HalloweenModCandy","HalloweenModTrick","HalloweenModTrick"],"picked":"HalloweenModGhostCostume","floor":27},{"not_picked":["HalloweenModCandy","HalloweenModTrick","HalloweenModGhostCostume"],"picked":"HalloweenModGhostCostume","floor":30},{"not_picked":["HalloweenModTrick","HalloweenModCandy+1","HalloweenModCandy"],"picked":"HalloweenModGhostCostume","floor":31},{"not_picked":["HalloweenModTrick","HalloweenModCandy","HalloweenModCandy"],"picked":"HalloweenModGhostCostume","floor":33},{"not_picked":["HalloweenModTrick","HalloweenModCandy","HalloweenModGhostCostume+1"],"picked":"HalloweenModGhostCostume+1","floor":37}],"player_experience":103001,"relics_obtained":[{"floor":1,"key":"Question Card"},{"floor":1,"key":"PrismaticShard"},{"floor":6,"key":"testmod-OneHitWonder"},{"floor":8,"key":"MawBank"},{"floor":9,"key":"testmod-TurbochargingSystem"},{"floor":12,"key":"Art of War"},{"floor":14,"key":"REME_HourglassOfDeath"},{"floor":16,"key":"ImportantClient"},{"floor":17,"key":"Dota2Spire:DrumOfEndurance"},{"floor":17,"key":"testmod-Acrobat"},{"floor":23,"key":"Ancient Tea Set"},{"floor":25,"key":"Omamori"},{"floor":26,"key":"Bag of Preparation"},{"floor":30,"key":"testmod-AssaultLearning"},{"floor":34,"key":"Lantern"},{"floor":34,"key":"Shuriken"},{"floor":34,"key":"Peace Pipe"},{"floor":37,"key":"Juzu Bracelet"}],"event_choices":[{"damage_healed":16,"gold_gain":0,"player_choice":"Healed","damage_taken":0,"max_hp_gain":0,"max_hp_loss":0,"event_name":"The Cleric","floor":4,"gold_loss":35},{"cards_removed":["Strike_G"],"damage_healed":0,"gold_gain":0,"player_choice":"Offered Basic","damage_taken":0,"max_hp_gain":0,"max_hp_loss":0,"event_name":"Bonfire Elementals","floor":10,"gold_loss":0},{"cards_removed":["Strike_G"],"damage_healed":0,"gold_gain":0,"player_choice":"Upgrade and Remove","damage_taken":0,"max_hp_gain":0,"max_hp_loss":0,"event_name":"Designer","floor":20,"gold_loss":110,"cards_upgraded":["Strike_G"]},{"damage_healed":0,"gold_gain":0,"player_choice":"Ignored","damage_taken":0,"max_hp_gain":0,"max_hp_loss":0,"event_name":"Vampires","floor":22,"gold_loss":0}],"is_beta":false,"boss_relics":[{"not_picked":["SynthV:MejaisSoulstealer","MetatronsCube"],"picked":"REME_LowDesire"},{"not_picked":["BloodWine","testmod-Nine"],"picked":"Calling Bell"}],"items_purged_floors":[3,24,29,32,36],"is_endless":false,"potions_floor_spawned":[2,8,13,16,21,23,25,31,33,37],"killed_by":"The Heart","ascension_level":17}}