{"host":"gzrx8rm2nhta4pjr","time":1607650620,"event":{"mods":["2.2 Compatiblity","Act Like it!","AlwaysNeverKeys","BaseMod","Better Altar","Better Sensory Stone","Better Silent Start","Block Reminder","Curses Come First","Defuse TimeMaze Blight","Disable Question Mark Monsters","Emptier Cage","GifTheSpireLib","Infinite Spire","Marked Mod","Minty Spire (QoL Compilation)","Potionbrewer","Rare Cards Sparkle","Remove Card Discount Mod","Reorder Act Four","SCP261 Mod","Shop Mod","StSLib","Stuff the Spire","Swap Starting Deck Mod","The Bug Knight","The Senshi","The Servant 0.9.4","Transform Curses"],"gold_per_floor":[113,113,288,288,304,304,324,334,360,360,386,386,2,2,2,123,123,139,154,154,172,172,172,172,212,212,212,227,142,142,162,162,288,351,369,369,279,279,279,279,279],"floor_reached":40,"playtime":9585,"items_purged":["Parasite","Doubt"],"score":475,"play_id":"cb7d9541-85ed-4ce7-bdc3-81a49b53bedc","local_time":"20201210203700","is_ascension_mode":false,"campfire_choices":[{"floor":6,"key":"REST"},{"floor":12,"key":"REST"},{"data":"Barricade","floor":15,"key":"SMITH"},{"floor":23,"key":"REST"},{"floor":27,"key":"REST"},{"floor":30,"key":"REST"},{"floor":32,"key":"REST"}],"circlet_count":0,"master_deck":["Iron Wave","Iron Wave","Iron Wave","Iron Wave","Iron Wave","Entrench","Entrench","Entrench","Entrench","Barricade+1","StuffTheSpire:Resist","Juggernaut","Feed","Juggernaut","StuffTheSpire:Resist","J.A.X.","StuffTheSpire:Incineration+1","infinitespire:Collect","infinitespire:FutureSight","Body Slam+1","Evolve+1","Armaments","Demon Form","Thunderclap","Body Slam+1","StuffTheSpire:BrainWave","StuffTheSpire:PlasmaPulse","Forethought"],"relics":["Burning Blood","MerchantsRug","HandDrill","Golden Idol","infinitespire:Burning Sword","StuffTheSpire:Saxophone","Anchor","StuffTheSpire:Wildfire","Bag of Marbles","Tiny House","ClockworkSouvenir"],"acts_visited":["Exordium","TheCity","TheBeyond"],"potions_floor_usage":[5,11,25,33,40,40,40],"damage_taken":[{"damage":0,"enemies":"2 Louse","floor":1,"turns":3},{"damage":0,"enemies":"Small Slimes","floor":5,"turns":3},{"damage":2,"enemies":"Cultist","floor":7,"turns":6},{"damage":21,"enemies":"3 Louse","floor":8,"turns":7},{"damage":19,"enemies":"3 Sentries","floor":11,"turns":10},{"damage":30,"enemies":"Slime Boss","floor":16,"turns":22},{"damage":12,"enemies":"Chosen","floor":18,"turns":6},{"damage":43,"enemies":"2 Thieves","floor":19,"turns":5},{"damage":28,"enemies":"Snecko","floor":21,"turns":5},{"damage":29,"enemies":"Gremlin Leader","floor":25,"turns":5},{"damage":3,"enemies":"Snake Plant","floor":28,"turns":2},{"damage":22,"enemies":"Centurion and Healer","floor":31,"turns":6},{"damage":55,"enemies":"Automaton","floor":33,"turns":8},{"damage":43,"enemies":"Orb Walker","floor":35,"turns":5},{"damage":62,"enemies":"Nightmare","floor":40,"turns":4}],"seed_played":"-6651520008595964468","potions_obtained":[{"floor":1,"key":"Fire Potion"},{"floor":8,"key":"SCP261:PenguinPunchPotion"},{"floor":21,"key":"Dexterity Potion"},{"floor":31,"key":"Explosive Potion"},{"floor":34,"key":"ColorlessPotion"},{"floor":35,"key":"PowerPotion"},{"floor":37,"key":"SCP261:EnergyGasPotion"}],"is_trial":false,"path_per_floor":["M","?","?","?","M","R","M","M","T","?","E","R","$","?","R","B",null,"M","M","?","M","AVR","R","?","E","T","R","M","?","R","M","R","B",null,"M","?","?","AVR","?","NM"],"character_chosen":"IRONCLAD","items_purchased":["MerchantsRug","HandDrill","Feed"],"campfire_rested":6,"item_purchase_floors":[13,13,13],"current_hp_per_floor":[46,46,46,38,44,68,72,57,57,77,64,80,77,58,58,37,80,74,37,37,15,15,39,39,19,19,43,46,46,70,57,82,33,91,54,54,54,54,54,0,0],"gold":279,"neow_bonus":"","is_daily":false,"chose_seed":false,"campfire_upgraded":1,"win_rate":0.0,"timestamp":1607650620,"path_taken":["M","?","?","?","M","R","?","M","T","?","E","R","$","?","R","BOSS","M","M","?","M","AVR","R","?","E","T","R","M","?","R","M","R","BOSS","M","?","?","AVR","?","NM"],"items_purchased_type":["Relic","Relic","Card"],"build_version":"2020-11-30","purchased_purges":2,"victory":false,"max_hp_per_floor":[80,80,80,80,80,80,80,80,80,80,80,80,77,77,77,80,80,80,80,80,80,80,80,80,83,83,83,83,83,83,86,86,86,91,91,82,82,82,82,82,82],"card_choices":[{"not_picked":["Headbutt","Havoc","Clash"],"picked":"SKIP","floor":1},{"not_picked":["Thunderclap","Armaments"],"picked":"StuffTheSpire:Resist","floor":5},{"not_picked":["Headbutt","StuffTheSpire:Slingshot","Entrench"],"picked":"SKIP","floor":7},{"not_picked":["Pommel Strike","Clash","Warcry"],"picked":"SKIP","floor":8},{"not_picked":["Uppercut","Intimidate"],"picked":"Juggernaut","floor":11},{"not_picked":["Exhume","Bludgeon"],"picked":"Juggernaut","floor":16},{"not_picked":["Carnage+1","Cleave"],"picked":"StuffTheSpire:Resist","floor":18},{"not_picked":["StuffTheSpire:RockThrow","Entrench"],"picked":"Iron Wave","floor":19},{"not_picked":["Second Wind","True Grit"],"picked":"StuffTheSpire:Incineration","floor":21},{"not_picked":["Iron Wave","Headbutt"],"picked":"Body Slam+1","floor":25},{"not_picked":["Shrug It Off+1","Barricade"],"picked":"Evolve+1","floor":28},{"not_picked":["Sword Boomerang","Blood for Blood"],"picked":"Armaments","floor":31},{"not_picked":["Offering","Exhume"],"picked":"Demon Form","floor":33},{"not_picked":["StuffTheSpire:Slingshot","Sentinel+1"],"picked":"Thunderclap","floor":34},{"not_picked":["StuffTheSpire:RockThrow","Dual Wield"],"picked":"Body Slam+1","floor":35},{"not_picked":["Chrysalis","Madness"],"picked":"StuffTheSpire:PlasmaPulse","floor":39},{"not_picked":["StuffTheSpire:FreeRealEstate","Jack Of All Trades"],"picked":"Forethought","floor":39}],"player_experience":1308793,"relics_obtained":[{"floor":9,"key":"Oddly Smooth Stone"},{"floor":11,"key":"Smiling Mask"},{"floor":25,"key":"Anchor"},{"floor":26,"key":"StuffTheSpire:Wildfire"}],"event_choices":[{"damage_healed":0,"gold_gain":0,"player_choice":"Leave","damage_taken":0,"max_hp_gain":0,"max_hp_loss":0,"event_name":"The Cleric","floor":2,"gold_loss":0},{"damage_healed":0,"gold_gain":175,"player_choice":"AGREE","damage_taken":0,"max_hp_gain":0,"max_hp_loss":0,"event_name":"Liars Game","floor":3,"gold_loss":0,"cards_obtained":["Doubt"]},{"damage_healed":0,"gold_gain":0,"player_choice":"Damaged","damage_taken":8,"max_hp_gain":0,"max_hp_loss":0,"event_name":"Wheel of Change","floor":4,"gold_loss":0},{"damage_healed":20,"gold_gain":0,"player_choice":"Healed and dodged fight","damage_taken":0,"max_hp_gain":0,"max_hp_loss":0,"event_name":"Mushrooms","floor":10,"gold_loss":0,"cards_obtained":["Parasite"]},{"damage_healed":0,"gold_gain":0,"player_choice":"Take Damage","damage_taken":19,"relics_obtained":["Golden Idol"],"max_hp_gain":0,"max_hp_loss":0,"event_name":"Golden Idol","floor":14,"gold_loss":0},{"damage_healed":0,"gold_gain":0,"player_choice":"Obtain J.A.X.","damage_taken":0,"max_hp_gain":0,"max_hp_loss":0,"event_name":"Drug Dealer","floor":20,"gold_loss":0,"cards_obtained":["J.A.X."]},{"cards_removed":["Iron Wave"],"damage_healed":0,"gold_gain":0,"player_choice":"Elegance","damage_taken":0,"max_hp_gain":0,"max_hp_loss":0,"event_name":"Back to Basics","floor":24,"gold_loss":0},{"damage_healed":0,"gold_gain":0,"player_choice":"Obtained Relic","damage_taken":0,"relics_obtained":["Bag of Marbles"],"max_hp_gain":0,"max_hp_loss":0,"event_name":"Addict","floor":29,"gold_loss":85},{"damage_healed":0,"gold_gain":3,"player_choice":"1","damage_taken":0,"max_hp_gain":0,"max_hp_loss":0,"event_name":"betterStone:BetterStone","floor":39,"gold_loss":0}],"is_beta":false,"boss_relics":[{"not_picked":["Black Blood","StuffTheSpire:Kangaroo"],"picked":"infinitespire:Burning Sword"},{"not_picked":["Runic Dome","Sozu"],"picked":"Tiny House"}],"items_purged_floors":[13,13],"is_endless":false,"potions_floor_spawned":[1,8,21,31,35],"killed_by":"Nightmare","ascension_level":0}}