{"host":"df48i9djcn92c5sx","time":1607666088,"event":{"mods":["BaseMod","Downfall","Marisa£®ÏF”Í°°ƒß¿Ì…≥£©","Minty Spire (QoL Compilation)","READ ME - Guardian Mod","READ ME - Snecko Mod","Reimu£®≤©¿ˆ¡È√Œ£©","Remilia£®¿Ÿ√◊¿Ú—«£©","Replay The Spire","Shop Mod","StSLib","The Jungle","The Servant 0.9.4"],"gold_per_floor":[113,124,164,8,24,24,49,83,110,110,127,127,24,41,41,120,120,130,110,2,53,63,63,92,92,118,68,82,82,82,101,101,175,175,187,203,22,22,22,22],"floor_reached":39,"playtime":1401,"items_purged":["Strike_G","Strike_G","Strike_G"],"score":985,"play_id":"e7501ec6-f191-4239-9f4a-1fecce283f7f","local_time":"20201211135448","is_ascension_mode":true,"campfire_choices":[{"data":"Backflip","floor":6.0,"key":"SMITH"},{"data":"Deadly Poison","floor":10.0,"key":"SMITH"},{"data":"Wraith Form v2","floor":15.0,"key":"SMITH"},{"data":"Burst","floor":23.0,"key":"SMITH"},{"data":"Noxious Fumes","floor":29.0,"key":"SMITH"},{"data":"Dash","floor":32.0,"key":"SMITH"}],"circlet_count":0,"master_deck":["AscendersBane","Strike_G","Strike_G+1","Defend_G","Defend_G","Defend_G","Defend_G","Defend_G+1","Survivor","Neutralize+1","Backflip+1","Dash+1","Deadly Poison+1","Malaise","Outmaneuver","Wraith Form v2+1","Burst+1","Blade Dance+1","Pot Of Greed","Pot Of Greed","Noxious Fumes+1","After Image","Deadly Poison","Bouncing Flask+1","Pot Of Greed","Well Laid Plans","Sucker Punch+1","Wraith","Parasite"],"relics":["Ring of the Snake","Replay:Accelerometer","PreservedInsect","Vajra","Lantern","Incense Burner","Painkiller Herb","Grinning Jar","Smiling Mask","Simple Rune","WristBlade"],"acts_visited":["Exordium","TheCity","TheBeyond"],"potions_floor_usage":[],"damage_taken":[{"damage":2.0,"enemies":"Jaw Worm","floor":1.0,"turns":6.0},{"damage":0.0,"enemies":"2 Louse","floor":2.0,"turns":2.0},{"damage":0.0,"enemies":"Cultist","floor":5.0,"turns":4.0},{"damage":5.0,"enemies":"Lagavulin","floor":8.0,"turns":6.0},{"damage":0.0,"enemies":"Exordium Wildlife","floor":11.0,"turns":3.0},{"damage":0.0,"enemies":"Red Slaver","floor":14.0,"turns":4.0},{"damage":15.0,"enemies":"Hexaghost","floor":16.0,"turns":14.0},{"damage":18.0,"enemies":"Spheric Guardian","floor":18.0,"turns":5.0},{"damage":0.0,"enemies":"3 Byrds","floor":22.0,"turns":5.0},{"damage":1.0,"enemies":"Book of Stabbing","floor":24.0,"turns":5.0},{"damage":0.0,"enemies":"Centurion and Healer","floor":28.0,"turns":6.0},{"damage":1.0,"enemies":"Cultist and Chosen","floor":31.0,"turns":7.0},{"damage":43.0,"enemies":"Pondfish","floor":33.0,"turns":12.0},{"damage":8.0,"enemies":"3 Shapes","floor":35.0,"turns":6.0},{"damage":0.0,"enemies":"Orb Walker","floor":36.0,"turns":3.0},{"damage":0,"enemies":"Writhing Mass","floor":39,"turns":2}],"seed_played":"2379289488723893921","potions_obtained":[{"floor":2.0,"key":"SteroidPotion"},{"floor":5.0,"key":"SkillPotion"},{"floor":8.0,"key":"Weak Potion"},{"floor":16.0,"key":"Explosive Potion"},{"floor":19.0,"key":"DistilledChaos"},{"floor":22.0,"key":"LiquidBronze"},{"floor":28.0,"key":"Swift Potion"},{"floor":31.0,"key":"Milkshake"}],"is_trial":false,"path_per_floor":["M","M","?","$","M","R","T","E","T","R","M","?","$","M","R","B",null,"?","?","T","T","?","T","E","?","T","T","?","T","?","?","T","B",null,"?","?","T","?","?"],"character_chosen":"THE_SILENT","items_purchased":["Malaise","Outmaneuver","Fruit Juice","Well Laid Plans","Sucker Punch+1"],"campfire_rested":0,"item_purchase_floors":[4,13,20,37,37],"current_hp_per_floor":[57,57,57,57,57,57,57,52,52,52,52,52,52,52,52,37,59,41,41,46,46,46,46,45,45,45,45,45,45,45,44,44,1,54,46,46,46,46,46,46],"gold":22,"neow_bonus":"RANDOM_EVENT","is_daily":false,"chose_seed":false,"campfire_upgraded":6,"win_rate":0.0,"timestamp":1607666088,"path_taken":["M","M","?","?","?","R","?","E","T","R","M","?","$","M","R","BOSS","?","?","T","?","?","T","E","?","T","T","?","T","?","?","T","BOSS","?","?","T","?","?"],"items_purchased_type":["Card","Card","Potion","Card","Undefined"],"build_version":"2020-11-30","purchased_purges":3,"victory":false,"max_hp_per_floor":[66,66,66,66,66,66,66,66,66,66,66,66,66,66,66,66,66,66,66,71,71,71,71,71,71,71,71,71,71,71,71,71,71,71,71,71,71,71,71,71],"card_choices":[{"not_picked":["Slice","Flechettes"],"picked":"Backflip","floor":1.0},{"not_picked":["Well Laid Plans","Bane"],"picked":"Dash","floor":2.0},{"not_picked":["Flying Knee","Predator"],"picked":"Deadly Poison","floor":3.0},{"not_picked":["Deflect","ReplayTheSpireMod:Tripwire","Flying Knee"],"picked":"SKIP","floor":5.0},{"not_picked":["Flechettes","Dodge and Roll","Quick Slash"],"picked":"SKIP","floor":8.0},{"not_picked":["Eviscerate","ReplayTheSpireMod:The Works","Flying Knee"],"picked":"SKIP","floor":11.0},{"not_picked":["Dagger Throw","Quick Slash"],"picked":"Wraith Form v2","floor":14.0},{"not_picked":["Malaise","Die Die Die"],"picked":"Burst","floor":16.0},{"not_picked":["Poisoned Stab","Crippling Poison"],"picked":"Blade Dance+1","floor":18.0},{"not_picked":["Outmaneuver","Blade Dance","All Out Attack"],"picked":"SKIP","floor":22.0},{"not_picked":["Dagger Throw","Accuracy"],"picked":"Noxious Fumes","floor":24.0},{"not_picked":["Poisoned Stab","Blur","Concentrate"],"picked":"SKIP","floor":28.0},{"not_picked":["Deflect","Sneak Up","Outmaneuver"],"picked":"SKIP","floor":31.0},{"not_picked":["Storm of Steel","Atom Bomb"],"picked":"After Image","floor":33.0},{"not_picked":["Dodge and Roll+1","Acrobatics"],"picked":"Deadly Poison","floor":35.0},{"not_picked":["Endless Agony+1","Backstab"],"picked":"Bouncing Flask+1","floor":36.0}],"player_experience":1380393,"relics_obtained":[{"floor":3.0,"key":"Replay:Accelerometer"},{"floor":7.0,"key":"PreservedInsect"},{"floor":8.0,"key":"Vajra"},{"floor":9.0,"key":"Lantern"},{"floor":21.0,"key":"Grinning Jar"},{"floor":24.0,"key":"Smiling Mask"},{"floor":26.0,"key":"Simple Rune"}],"event_choices":[{"damage_healed":0.0,"max_hp_gain":0.0,"max_hp_loss":0.0,"gold_gain":0.0,"event_name":"Living Wall","player_choice":"Grow","floor":0.0,"gold_loss":0.0,"damage_taken":0.0,"cards_upgraded":["Neutralize"]},{"damage_healed":0.0,"max_hp_gain":0.0,"max_hp_loss":0.0,"gold_gain":0.0,"event_name":"Dead Adventurer","player_choice":"Searched \u00271\u0027 times","floor":12.0,"gold_loss":0.0,"damage_taken":0.0,"relics_obtained":["Incense Burner"]},{"damage_healed":0.0,"max_hp_gain":0.0,"max_hp_loss":0.0,"gold_gain":0.0,"event_name":"The Woman in Blue","player_choice":"Bought 1 Potion","floor":19.0,"gold_loss":0.0,"damage_taken":0.0},{"damage_healed":0.0,"max_hp_gain":0.0,"max_hp_loss":0.0,"gold_gain":0.0,"event_name":"Ghosts","player_choice":"Ignored","floor":25.0,"gold_loss":0.0,"damage_taken":0.0},{"damage_healed":0.0,"max_hp_gain":0.0,"max_hp_loss":0.0,"gold_gain":0.0,"event_name":"OrinTheCat","player_choice":"Ignored","floor":38.0,"gold_loss":0.0,"damage_taken":0.0}],"is_beta":false,"boss_relics":[{"not_picked":["Black Star","Replay:Fungal Core"],"picked":"Painkiller Herb"},{"not_picked":["Fusion Hammer","Tiny House"],"picked":"WristBlade"}],"items_purged_floors":[13,27,37],"is_endless":false,"potions_floor_spawned":[2,5,8,16,22,28,31],"killed_by":"Writhing Mass","ascension_level":16}}