{"host":"6wux4armhsntp4yb","time":1607675832,"event":{"mods":["BaseMod","Colored Map","DeckTracker","Minty Spire (QoL Compilation)","Relic Stats"],"gold_per_floor":[114,114,114,137,137,137,173,173,198,217,217,217,232,131,131,224,224,205,65,86,86,124,124,149,191,191,243,288,288,315,351,351,438,438,457,484,502,518,531,566,566,601,624,649,662,688,726,743,743,743,743,743],"floor_reached":51,"playtime":3966,"items_purged":["Strike_G","Strike_G"],"score":1646,"play_id":"e99f1105-0efd-47dd-a360-dffa7277171b","local_time":"20201211173712","is_ascension_mode":true,"campfire_choices":[{"data":"Well Laid Plans","floor":6.0,"key":"SMITH"},{"data":"1","floor":8.0,"key":"LIFT"},{"data":"2","floor":12.0,"key":"LIFT"},{"data":"3","floor":15.0,"key":"LIFT"},{"data":"Bullet Time","floor":23.0,"key":"SMITH"},{"data":"Footwork","floor":32.0,"key":"SMITH"},{"data":"Calculated Gamble","floor":41.0,"key":"SMITH"},{"floor":49.0,"key":"RECALL"}],"circlet_count":0,"master_deck":["AscendersBane","Defend_G","Defend_G","Defend_G","Defend_G","Defend_G","Survivor","Neutralize","Dagger Spray","Well Laid Plans+1","Backstab","Leg Sweep","Acrobatics","Bullet Time+1","CurseOfTheBell","Footwork+1","Eviscerate+1","Tactician","Terror","Acrobatics","Slice+1","Bite+1","Bite+1","Bite+1","Bite+1","Bite+1","PiercingWail","Eviscerate+1","Corpse Explosion","Calculated Gamble+1","Master of Strategy","Madness","Secret Technique","Madness","Madness","Noxious Fumes","Prepared+1","Backflip+1","Tactician"],"relics":["Ring of the Snake","NeowsBlessing","Bloody Idol","Nunchaku","WarpedTongs","Girya","Orichalcum","Calling Bell","Omamori","Molten Egg 2","Torii","Blue Candle","Red Mask","CeramicFish","Bag of Preparation","Sundial","Centennial Puzzle","HoveringKite","Lantern","Snake Skull","Ornamental Fan","Potion Belt"],"acts_visited":["Exordium","TheCity","TheBeyond"],"potions_floor_usage":[],"damage_taken":[{"damage":0.0,"enemies":"Jaw Worm","floor":1.0,"turns":1.0},{"damage":0.0,"enemies":"2 Louse","floor":4.0,"turns":1.0},{"damage":0.0,"enemies":"Lagavulin","floor":7.0,"turns":2.0},{"damage":4.0,"enemies":"Cultist","floor":10.0,"turns":3.0},{"damage":0.0,"enemies":"Exordium Wildlife","floor":13.0,"turns":3.0},{"damage":12.0,"enemies":"The Guardian","floor":16.0,"turns":15.0},{"damage":1.0,"enemies":"2 Thieves","floor":18.0,"turns":4.0},{"damage":0.0,"enemies":"3 Byrds","floor":20.0,"turns":7.0},{"damage":1.0,"enemies":"Masked Bandits","floor":22.0,"turns":6.0},{"damage":0.0,"enemies":"Centurion and Healer","floor":24.0,"turns":9.0},{"damage":1.0,"enemies":"Slavers","floor":25.0,"turns":6.0},{"damage":17.0,"enemies":"Gremlin Leader","floor":27.0,"turns":6.0},{"damage":7.0,"enemies":"Snake Plant","floor":30.0,"turns":3.0},{"damage":4.0,"enemies":"Book of Stabbing","floor":31.0,"turns":5.0},{"damage":46.0,"enemies":"Collector","floor":33.0,"turns":11.0},{"damage":7.0,"enemies":"3 Darklings","floor":35.0,"turns":3.0},{"damage":0.0,"enemies":"3 Shapes","floor":38.0,"turns":2.0},{"damage":32.0,"enemies":"3 Darklings","floor":39.0,"turns":3.0},{"damage":46.0,"enemies":"Giant Head","floor":40.0,"turns":7.0},{"damage":26.0,"enemies":"Reptomancer","floor":42.0,"turns":5.0},{"damage":17.0,"enemies":"Nemesis","floor":44.0,"turns":5.0},{"damage":6.0,"enemies":"Writhing Mass","floor":45.0,"turns":5.0},{"damage":10.0,"enemies":"Transient","floor":46.0,"turns":6.0},{"damage":27.0,"enemies":"Reptomancer","floor":47.0,"turns":3.0},{"damage":1.0,"enemies":"Jaw Worm Horde","floor":48.0,"turns":3.0},{"damage":39.0,"enemies":"Donu and Deca","floor":50.0,"turns":10.0},{"damage":78,"enemies":"Time Eater","floor":51,"turns":12}],"seed_played":"-4443663510688326256","potions_obtained":[{"floor":7.0,"key":"Energy Potion"},{"floor":13.0,"key":"AttackPotion"},{"floor":16.0,"key":"FearPotion"},{"floor":22.0,"key":"FearPotion"},{"floor":24.0,"key":"Swift Potion"},{"floor":33.0,"key":"FairyPotion"},{"floor":35.0,"key":"Fire Potion"},{"floor":44.0,"key":"AttackPotion"},{"floor":45.0,"key":"Dexterity Potion"},{"floor":46.0,"key":"DuplicationPotion"}],"is_trial":false,"path_per_floor":["M","?","?","M","?","R","E","R","T","M","?","R","M","$","R","B",null,"M","$","M","?","?","R","M","E","T","E","?","?","M","E","R","B",null,"M","?","?","M","M","E","R","E","T","E","M","M","E","M","R","B","B"],"character_chosen":"THE_SILENT","items_purchased":["Acrobatics","Footwork"],"campfire_rested":0,"item_purchase_floors":[14,19],"current_hp_per_floor":[59,59,59,59,59,59,59,59,59,55,48,48,48,48,48,36,54,53,53,53,53,52,52,52,51,51,34,34,34,42,42,42,42,42,42,42,42,42,24,25,25,30,35,38,42,42,28,42,42,41,0,0],"gold":743,"neow_bonus":"THREE_ENEMY_KILL","is_daily":false,"chose_seed":false,"campfire_upgraded":4,"win_rate":0.0,"timestamp":1607675832,"path_taken":["M","?","?","?","?","R","E","R","T","?","?","R","M","$","R","BOSS","M","$","M","?","?","R","M","E","T","E","?","?","M","E","R","BOSS","M","?","?","M","M","E","R","E","T","E","M","M","E","M","R","BOSS","BOSS"],"items_purchased_type":["Card","Card"],"build_version":"2020-11-30","purchased_purges":2,"victory":false,"max_hp_per_floor":[66,60,60,60,60,60,60,60,60,60,60,60,60,60,60,60,60,60,60,60,60,60,60,60,60,60,60,42,42,42,42,42,42,42,42,42,42,42,42,42,42,42,42,42,42,42,42,42,42,42,42,42],"relic_stats":{"Torii":42,"counters":[27,146],"Blue Candle":[0],"CeramicFish":180,"HoveringKite":[36],"Snake Skull":[28],"Bag of Preparation":[32],"Orichalcum":[234],"WarpedTongs":[141],"Nunchaku":[32],"Centennial Puzzle":[36],"Sundial":[12],"Ornamental Fan":[76],"Bloody Idol":86,"obtain_stats":[{"Potion Belt":47,"Girya":7,"Lantern":40,"NeowsBlessing":0,"Torii":17,"Golden Idol":2,"Blue Candle":21,"CeramicFish":25,"HoveringKite":34,"Snake Skull":42,"Omamori":17,"Bag of Preparation":26,"Orichalcum":9,"WarpedTongs":5,"Calling Bell":17,"Nunchaku":3,"Centennial Puzzle":31,"Sundial":27,"Ornamental Fan":44,"Bloody Idol":29,"Molten Egg 2":17,"Red Mask":22,"Ring of the Snake":0},{"Potion Belt":24,"Girya":3,"Lantern":19,"NeowsBlessing":0,"Torii":6,"Golden Idol":1,"Blue Candle":8,"CeramicFish":11,"HoveringKite":15,"Snake Skull":20,"Omamori":6,"Bag of Preparation":11,"Orichalcum":3,"WarpedTongs":2,"Calling Bell":6,"Nunchaku":1,"Centennial Puzzle":14,"Sundial":12,"Ornamental Fan":21,"Bloody Idol":12,"Molten Egg 2":6,"Red Mask":9,"Ring of the Snake":0},{"Potion Belt":121,"Girya":4,"Lantern":97,"NeowsBlessing":0,"Torii":25,"Golden Idol":1,"Blue Candle":36,"CeramicFish":57,"HoveringKite":82,"Snake Skull":102,"Omamori":25,"Bag of Preparation":57,"Orichalcum":4,"WarpedTongs":2,"Calling Bell":25,"Nunchaku":1,"Centennial Puzzle":71,"Sundial":63,"Ornamental Fan":107,"Bloody Idol":63,"Molten Egg 2":25,"Red Mask":42,"Ring of the Snake":0}],"Ring of the Snake":[54]},"card_choices":[{"not_picked":["Poisoned Stab","Masterful Stab"],"picked":"Dagger Spray","floor":1.0},{"not_picked":["Acrobatics","Backflip"],"picked":"Well Laid Plans","floor":4.0},{"not_picked":["Acrobatics","Finisher"],"picked":"Backstab","floor":7.0},{"not_picked":["Quick Slash","All Out Attack"],"picked":"Leg Sweep","floor":10.0},{"not_picked":["Deflect","Sucker Punch","All Out Attack"],"picked":"SKIP","floor":13.0},{"not_picked":["Grand Finale","Storm of Steel"],"picked":"Bullet Time","floor":16.0},{"not_picked":["Quick Slash+1","Dagger Throw+1","Bane+1"],"picked":"SKIP","floor":18.0},{"not_picked":["Quick Slash+1","Dagger Throw+1","Bane+1"],"picked":"SKIP","floor":18.0},{"not_picked":["Cloak And Dagger","Noxious Fumes"],"picked":"Eviscerate+1","floor":20.0},{"not_picked":["Calculated Gamble","Expertise"],"picked":"Tactician","floor":22.0},{"not_picked":["Tactician","Bane+1"],"picked":"Terror","floor":24.0},{"not_picked":["Dagger Throw+1","Bouncing Flask+1"],"picked":"Acrobatics","floor":25.0},{"not_picked":["Deflect","Underhanded Strike+1"],"picked":"Slice+1","floor":27.0},{"not_picked":["Bane+1","Grand Finale+1"],"picked":"PiercingWail","floor":30.0},{"not_picked":["Cloak And Dagger+1","Tactician"],"picked":"Eviscerate+1","floor":31.0},{"not_picked":["Die Die Die+1","Storm of Steel"],"picked":"Corpse Explosion","floor":33.0},{"not_picked":["Choke+1","Acrobatics+1"],"picked":"Calculated Gamble","floor":35.0},{"not_picked":["Good Instincts","Discovery"],"picked":"Master of Strategy","floor":36.0},{"not_picked":["Forethought","Bandage Up"],"picked":"Madness","floor":36.0},{"not_picked":["Dark Shackles","Flash of Steel+1"],"picked":"Secret Technique","floor":36.0},{"not_picked":["Riddle With Holes+1","Blade Dance","Prepared"],"picked":"SKIP","floor":38.0},{"not_picked":["Caltrops","Quick Slash+1","Sucker Punch+1"],"picked":"SKIP","floor":39.0},{"not_picked":["Footwork","Bullet Time"],"picked":"Noxious Fumes","floor":40.0},{"not_picked":["Quick Slash+1","Underhanded Strike+1"],"picked":"Prepared+1","floor":42.0},{"not_picked":["Cloak And Dagger","Catalyst+1","Slice+1"],"picked":"SKIP","floor":44.0},{"not_picked":["Prepared","Noxious Fumes","Cloak And Dagger"],"picked":"SKIP","floor":45.0},{"not_picked":["Underhanded Strike+1","Bouncing Flask"],"picked":"Backflip+1","floor":46.0},{"not_picked":["Sucker Punch+1","Expertise"],"picked":"Tactician","floor":47.0},{"not_picked":["Bane+1","Dodge and Roll","Dash+1"],"picked":"SKIP","floor":48.0}],"player_experience":5608744,"relics_obtained":[{"floor":3.0,"key":"Nunchaku"},{"floor":7.0,"key":"Girya"},{"floor":9.0,"key":"Orichalcum"},{"floor":17.0,"key":"Omamori"},{"floor":17.0,"key":"Molten Egg 2"},{"floor":17.0,"key":"Torii"},{"floor":22.0,"key":"Red Mask"},{"floor":25.0,"key":"CeramicFish"},{"floor":26.0,"key":"Bag of Preparation"},{"floor":27.0,"key":"Sundial"},{"floor":31.0,"key":"Centennial Puzzle"},{"floor":40.0,"key":"Lantern"},{"floor":42.0,"key":"Snake Skull"},{"floor":44.0,"key":"Ornamental Fan"},{"floor":47.0,"key":"Potion Belt"}],"event_choices":[{"damage_healed":0.0,"max_hp_gain":0.0,"max_hp_loss":6.0,"gold_gain":0.0,"event_name":"Golden Idol","player_choice":"Lose Max HP","floor":2.0,"gold_loss":0.0,"damage_taken":0.0,"relics_obtained":["Golden Idol"]},{"damage_healed":0.0,"max_hp_gain":0.0,"max_hp_loss":0.0,"gold_gain":0.0,"event_name":"Wheel of Change","player_choice":"Relic","floor":3.0,"gold_loss":0.0,"damage_taken":0.0},{"damage_healed":0.0,"max_hp_gain":0.0,"max_hp_loss":0.0,"gold_gain":0.0,"event_name":"Accursed Blacksmith","player_choice":"Rummage","floor":5.0,"gold_loss":0.0,"damage_taken":0.0,"relics_obtained":["WarpedTongs"],"cards_obtained":["Pain"]},{"cards_removed":["Pain"],"damage_healed":0.0,"max_hp_gain":0.0,"max_hp_loss":0.0,"gold_gain":0.0,"event_name":"Golden Wing","player_choice":"Card Removal","floor":11.0,"gold_loss":0.0,"damage_taken":7.0},{"damage_healed":0.0,"max_hp_gain":0.0,"max_hp_loss":0.0,"gold_gain":0.0,"event_name":"The Mausoleum","player_choice":"Opened","floor":21.0,"gold_loss":0.0,"damage_taken":0.0,"relics_obtained":["Blue Candle"],"cards_obtained":["Writhe"]},{"damage_healed":0.0,"max_hp_gain":0.0,"max_hp_loss":0.0,"gold_gain":0.0,"event_name":"Masked Bandits","player_choice":"Fought Bandits","floor":22.0,"gold_loss":0.0,"damage_taken":0.0},{"damage_healed":0.0,"max_hp_gain":0.0,"max_hp_loss":18.0,"gold_gain":0.0,"event_name":"Vampires","player_choice":"Became a vampire","floor":28.0,"gold_loss":0.0,"damage_taken":0.0,"cards_obtained":["Bite","Bite","Bite","Bite","Bite"]},{"damage_healed":0.0,"max_hp_gain":0.0,"max_hp_loss":0.0,"gold_gain":0.0,"event_name":"Forgotten Altar","player_choice":"Gave Idol","floor":29.0,"relics_lost":["Golden Idol"],"gold_loss":0.0,"damage_taken":0.0,"relics_obtained":["Bloody Idol"]},{"damage_healed":0.0,"max_hp_gain":0.0,"max_hp_loss":0.0,"gold_gain":0.0,"event_name":"SensoryStone","player_choice":"Memory 3","floor":36.0,"gold_loss":0.0,"damage_taken":10.0},{"damage_healed":0.0,"max_hp_gain":0.0,"max_hp_loss":0.0,"gold_gain":0.0,"event_name":"Winding Halls","player_choice":"Embrace Madness","floor":37.0,"gold_loss":0.0,"damage_taken":8.0,"cards_obtained":["Madness","Madness"]}],"is_beta":false,"boss_relics":[{"not_picked":["Tiny House","SlaversCollar"],"picked":"Calling Bell"},{"not_picked":["Philosopher\u0027s Stone","Empty Cage"],"picked":"HoveringKite"}],"items_purged_floors":[14,19],"is_endless":false,"potions_floor_spawned":[7,13,16,22,24,33,35,44,45,46],"killed_by":"Time Eater","ascension_level":20}}