{"host":"vkn5295jy2rrqx8j","time":1607645279,"event":{"mods":["BaseMod","Colored Map","GifTheSpireLib","Hermit","Minty Spire (QoL Compilation)","StSLib","The Cursed"],"gold_per_floor":[17,34,47,62,62,62,96,96,148,148,167,4,19,37,37,37,37],"floor_reached":16,"playtime":578,"items_purged":[],"score":208,"play_id":"ec5f63ff-7b2b-47f1-843d-f82ffc5e9e9d","local_time":"20201211090759","is_ascension_mode":true,"campfire_choices":[{"floor":6.0,"key":"REST"},{"floor":8,"key":"REST"},{"data":"Setup","floor":10,"key":"SMITH"},{"floor":15,"key":"REST"}],"circlet_count":0,"master_deck":["AscendersBane","Strike_G","Strike_G","Strike_G","Strike_G","Strike_G","Defend_G","Defend_G","Defend_G","Defend_G","Defend_G","Survivor","Neutralize","Sadistic Nature+1","Flying Knee","Predator","Dagger Throw","Deflect","Setup+1","Backflip","PiercingWail","Footwork","Adrenaline"],"relics":["Ring of the Snake","Bottled Lightning","Dream Catcher","ClockworkSouvenir"],"acts_visited":["Exordium"],"potions_floor_usage":[11],"damage_taken":[{"damage":6.0,"enemies":"Cultist","floor":1.0,"turns":6.0},{"damage":9.0,"enemies":"Jaw Worm","floor":2.0,"turns":4.0},{"damage":1.0,"enemies":"2 Louse","floor":3.0,"turns":3.0},{"damage":20.0,"enemies":"Large Slime","floor":4.0,"turns":8.0},{"damage":23.0,"enemies":"3 Sentries","floor":7.0,"turns":7.0},{"damage":0,"enemies":"Lots of Slimes","floor":11,"turns":5},{"damage":8,"enemies":"Exordium Wildlife","floor":13,"turns":5},{"damage":21,"enemies":"Exordium Thugs","floor":14,"turns":4},{"damage":38,"enemies":"Slime Boss","floor":16,"turns":3}],"seed_played":"-321900513532362710","potions_obtained":[{"floor":3.0,"key":"Energy Potion"},{"floor":4.0,"key":"SteroidPotion"},{"floor":14,"key":"Poison Potion"}],"is_trial":false,"path_per_floor":["M","M","M","M","?","R","E","R","T","R","M","$","M","M","R","B"],"character_chosen":"THE_SILENT","items_purchased":["ClockworkSouvenir"],"campfire_rested":3,"item_purchase_floors":[12],"current_hp_per_floor":[53,44,43,23,23,42,19,38,38,38,38,38,30,9,28,0,0],"gold":37,"neow_bonus":"RANDOM_COLORLESS_2","is_daily":false,"chose_seed":false,"campfire_upgraded":1,"win_rate":0.0,"timestamp":1607645279,"path_taken":["M","M","M","?","?","R","E","R","T","R","M","$","M","M","R","BOSS"],"items_purchased_type":["Relic"],"build_version":"2020-11-30","purchased_purges":0,"victory":false,"max_hp_per_floor":[66,66,66,66,66,66,66,66,66,66,66,66,66,66,66,66,66],"card_choices":[{"not_picked":["Secret Weapon","Panache"],"picked":"Sadistic Nature","floor":0.0},{"not_picked":["Underhanded Strike","Flechettes"],"picked":"Flying Knee","floor":1.0},{"not_picked":["Endless Agony","Underhanded Strike"],"picked":"Predator","floor":2.0},{"not_picked":["All Out Attack","Quick Slash"],"picked":"Dagger Throw","floor":3.0},{"not_picked":["Bane","Riddle With Holes"],"picked":"Deflect","floor":4.0},{"not_picked":["Grand Finale","Outmaneuver"],"picked":"Setup","floor":7},{"not_picked":["Dagger Throw","Bane"],"picked":"Backflip","floor":11},{"not_picked":["Endless Agony","Prepared"],"picked":"PiercingWail","floor":13},{"not_picked":["Outmaneuver","Tactician"],"picked":"Footwork","floor":14},{"not_picked":["Cloak And Dagger","Calculated Gamble"],"picked":"Adrenaline","floor":15}],"player_experience":785671,"relics_obtained":[{"floor":7,"key":"Bottled Lightning"},{"floor":9,"key":"Dream Catcher"}],"event_choices":[{"damage_healed":0.0,"max_hp_gain":0.0,"max_hp_loss":0.0,"gold_gain":0.0,"event_name":"Accursed Blacksmith","player_choice":"Forge","floor":5.0,"gold_loss":0.0,"damage_taken":0.0,"cards_upgraded":["Sadistic Nature"]}],"is_beta":false,"boss_relics":[],"items_purged_floors":[],"is_endless":false,"potions_floor_spawned":[3,4,14],"killed_by":"Slime Boss","ascension_level":20}}