{"host":"msfr2axb1w9025n0","time":1607683766,"event":{"mods":["BaseMod","Colored Map","DeckTracker","Minty Spire (QoL Compilation)"],"gold_per_floor":[118,44,44,61,76,107,122,149,218,78,94,112,141,171,171,245,245,257,257,269,281,281,281,581,611,611,636,84,117,132,166,166,242,242,259,35,0,0,53,82,82,108,108,108,108,139,154,171,171,171,171],"floor_reached":50,"playtime":2840,"items_purged":[],"score":1133,"play_id":"50316008-68f2-4305-903f-e0c83603d77e","local_time":"20201211174926","is_ascension_mode":true,"campfire_choices":[{"floor":15.0,"key":"REST"},{"data":"After Image","floor":23.0,"key":"SMITH"},{"data":"Malaise","floor":32.0,"key":"SMITH"},{"data":"Burst","floor":44,"key":"SMITH"},{"data":"Footwork","floor":49,"key":"SMITH"}],"circlet_count":0,"master_deck":["AscendersBane","Defend_G","Defend_G","Defend_G","Defend_G","Defend_G","Survivor+1","Neutralize","Blade Dance","PiercingWail","Cloak And Dagger","Burst+1","Infinite Blades","Cloak And Dagger","Dagger Spray","Malaise+1","After Image+1","Footwork+1","Bite","Bite","Bite","Bite","Bite","Well Laid Plans","Terror+1","Blur+1","Caltrops","Malaise+1","Flechettes","PiercingWail","Deflect"],"relics":["Ring of the Snake","Lizard Tail","Juzu Bracelet","StoneCalendar","Lantern","Kunai","Omamori","Blue Candle","Busted Crown","Old Coin","Nunchaku","Gremlin Horn","Ancient Tea Set","Ornamental Fan","Singing Bowl","Darkstone Periapt","Meat on the Bone","WristBlade","War Paint","Red Mask","Prayer Wheel","White Beast Statue","Dream Catcher","Molten Egg 2","Dead Branch"],"acts_visited":["Exordium","TheCity","TheBeyond"],"potions_floor_usage":[35,50,50],"damage_taken":[{"damage":4.0,"enemies":"Jaw Worm","floor":1.0,"turns":5.0},{"damage":0.0,"enemies":"2 Louse","floor":4.0,"turns":3.0},{"damage":1.0,"enemies":"Cultist","floor":5.0,"turns":3.0},{"damage":12.0,"enemies":"Gremlin Nob","floor":6.0,"turns":4.0},{"damage":0.0,"enemies":"Exordium Wildlife","floor":7.0,"turns":4.0},{"damage":24.0,"enemies":"Lagavulin","floor":8.0,"turns":7.0},{"damage":0.0,"enemies":"2 Fungi Beasts","floor":11.0,"turns":3.0},{"damage":0.0,"enemies":"3 Louse","floor":12.0,"turns":2.0},{"damage":4.0,"enemies":"3 Sentries","floor":13.0,"turns":7.0},{"damage":23.0,"enemies":"The Guardian","floor":16.0,"turns":17.0},{"damage":13.0,"enemies":"Spheric Guardian","floor":18.0,"turns":7.0},{"damage":18.0,"enemies":"Chosen","floor":20.0,"turns":7.0},{"damage":17.0,"enemies":"3 Cultists","floor":21.0,"turns":7.0},{"damage":3.0,"enemies":"Gremlin Leader","floor":25.0,"turns":11.0},{"damage":9.0,"enemies":"Book of Stabbing","floor":27.0,"turns":7.0},{"damage":11.0,"enemies":"Slavers","floor":29.0,"turns":7.0},{"damage":0.0,"enemies":"Shelled Parasite and Fungi","floor":30.0,"turns":7.0},{"damage":3.0,"enemies":"Book of Stabbing","floor":31.0,"turns":7.0},{"damage":30,"enemies":"Automaton","floor":33,"turns":16},{"damage":11,"enemies":"3 Darklings","floor":35,"turns":7},{"damage":21,"enemies":"2 Orb Walkers","floor":39,"turns":8},{"damage":13,"enemies":"Nemesis","floor":40,"turns":9},{"damage":8,"enemies":"Reptomancer","floor":42,"turns":10},{"damage":26,"enemies":"Nemesis","floor":46,"turns":9},{"damage":0,"enemies":"3 Shapes","floor":47,"turns":5},{"damage":15,"enemies":"3 Darklings","floor":48,"turns":5},{"damage":70,"enemies":"Time Eater","floor":50,"turns":13}],"seed_played":"3454643674192163719","potions_obtained":[{"floor":1.0,"key":"SteroidPotion"},{"floor":5.0,"key":"SneckoOil"},{"floor":6.0,"key":"Swift Potion"},{"floor":7.0,"key":"DuplicationPotion"},{"floor":13.0,"key":"Dexterity Potion"},{"floor":25.0,"key":"LiquidMemories"},{"floor":30.0,"key":"AttackPotion"},{"floor":35,"key":"BlessingOfTheForge"},{"floor":46,"key":"Block Potion"}],"is_trial":false,"path_per_floor":["M","$","?","M","M","E","M","E","T","$","M","M","E","?","R","B",null,"M","?","M","M","?","R","?","E","T","E","$","E","M","E","R","B",null,"M","$","?","?","?","E","$","E","T","R","?","E","M","M","R","B"],"character_chosen":"THE_SILENT","items_purchased":["Dash","Infinite Blades","Cloak And Dagger","Block Potion","Ornamental Fan","Singing Bowl","Well Laid Plans","Caltrops","War Paint"],"campfire_rested":1,"item_purchase_floors":[2,10,10,10,28,28,28,36,36],"current_hp_per_floor":[59,59,47,47,46,34,34,10,10,10,10,10,6,6,24,1,48,35,35,17,31,31,31,31,44,44,39,39,38,46,48,48,50,50,50,50,50,50,41,40,40,52,52,52,54,38,48,45,45,0,0],"gold":171,"neow_bonus":"ONE_RARE_RELIC","is_daily":false,"chose_seed":false,"campfire_upgraded":4,"win_rate":0.0,"timestamp":1607683766,"path_taken":["M","$","?","M","M","E","M","E","T","$","M","M","E","?","R","BOSS","M","?","M","M","?","R","?","E","T","E","?","E","M","E","R","BOSS","M","$","?","?","?","E","$","E","T","R","?","E","M","M","R","BOSS"],"items_purchased_type":["Card","Card","Card","Potion","Relic","Relic","Card","Card","Relic"],"build_version":"2020-11-30","purchased_purges":0,"victory":false,"max_hp_per_floor":[63,63,63,63,63,63,63,63,63,63,63,63,63,63,63,63,63,63,63,63,63,44,44,44,44,44,44,44,44,46,48,48,50,50,50,50,50,50,52,52,52,54,54,54,54,54,58,60,60,60,60],"card_choices":[{"not_picked":["Flying Knee","Outmaneuver"],"picked":"Blade Dance","floor":1.0},{"not_picked":["Bane","Prepared"],"picked":"PiercingWail","floor":4.0},{"not_picked":["Outmaneuver","Dodge and Roll"],"picked":"Cloak And Dagger","floor":5.0},{"not_picked":["Slice","Acrobatics"],"picked":"Burst","floor":6.0},{"not_picked":["Skewer","Dagger Throw","Catalyst"],"picked":"SKIP","floor":7.0},{"not_picked":["Masterful Stab","Outmaneuver","Bouncing Flask"],"picked":"SKIP","floor":8.0},{"not_picked":["Storm of Steel","Deflect"],"picked":"Dagger Spray","floor":11.0},{"not_picked":["Bane","Endless Agony","Flying Knee"],"picked":"SKIP","floor":12.0},{"not_picked":["Dagger Throw","Finisher"],"picked":"Malaise","floor":13.0},{"not_picked":["Glass Knife","Unload"],"picked":"After Image","floor":16.0},{"not_picked":["Outmaneuver"],"picked":"SKIP","floor":18.0},{"not_picked":["Sucker Punch"],"picked":"SKIP","floor":20.0},{"not_picked":[],"picked":"Footwork","floor":21.0},{"not_picked":["Prepared"],"picked":"SKIP","floor":25.0},{"not_picked":["Slice"],"picked":"SKIP","floor":27.0},{"not_picked":[],"picked":"Terror","floor":29.0},{"not_picked":["Dagger Throw"],"picked":"Singing Bowl","floor":30.0},{"not_picked":["Heel Hook"],"picked":"Singing Bowl","floor":31.0},{"not_picked":["Tools of the Trade"],"picked":"Singing Bowl","floor":33},{"not_picked":[],"picked":"Blur+1","floor":35},{"not_picked":["Deadly Poison"],"picked":"Singing Bowl","floor":39},{"not_picked":[],"picked":"Flechettes","floor":40},{"not_picked":["Endless Agony"],"picked":"Singing Bowl","floor":42},{"not_picked":[],"picked":"PiercingWail","floor":46},{"not_picked":["Dodge and Roll"],"picked":"Singing Bowl","floor":47},{"not_picked":["Concentrate+1"],"picked":"Singing Bowl","floor":47},{"not_picked":["Tactician"],"picked":"Singing Bowl","floor":48},{"not_picked":[],"picked":"Deflect","floor":48}],"player_experience":240022,"relics_obtained":[{"floor":6.0,"key":"StoneCalendar"},{"floor":8.0,"key":"Lantern"},{"floor":9.0,"key":"Kunai"},{"floor":13.0,"key":"Omamori"},{"floor":25.0,"key":"Nunchaku"},{"floor":26.0,"key":"Gremlin Horn"},{"floor":27.0,"key":"Ancient Tea Set"},{"floor":29.0,"key":"Darkstone Periapt"},{"floor":31.0,"key":"Meat on the Bone"},{"floor":39,"key":"Prayer Wheel"},{"floor":40,"key":"White Beast Statue"},{"floor":42,"key":"Dream Catcher"},{"floor":43,"key":"Molten Egg 2"},{"floor":46,"key":"Dead Branch"}],"event_choices":[{"damage_healed":0.0,"max_hp_gain":0.0,"max_hp_loss":0.0,"gold_gain":0.0,"event_name":"Scrap Ooze","player_choice":"Success","floor":3.0,"gold_loss":0.0,"damage_taken":12.0,"relics_obtained":["Juzu Bracelet"]},{"damage_healed":0.0,"max_hp_gain":0.0,"max_hp_loss":0.0,"gold_gain":30.0,"event_name":"Dead Adventurer","player_choice":"Searched \u00272\u0027 times","floor":14.0,"gold_loss":0.0,"damage_taken":0.0,"relics_obtained":["Blue Candle"]},{"damage_healed":0.0,"max_hp_gain":0.0,"max_hp_loss":0.0,"gold_gain":0.0,"event_name":"The Woman in Blue","player_choice":"Bought 0 Potions","floor":19.0,"gold_loss":0.0,"damage_taken":0.0},{"damage_healed":0.0,"max_hp_gain":0.0,"max_hp_loss":19.0,"gold_gain":0.0,"event_name":"Vampires","player_choice":"Became a vampire","floor":22.0,"gold_loss":0.0,"damage_taken":0.0,"cards_obtained":["Bite","Bite","Bite","Bite","Bite"]},{"damage_healed":0.0,"max_hp_gain":0.0,"max_hp_loss":0.0,"gold_gain":0.0,"event_name":"Addict","player_choice":"Stole Relic","floor":24.0,"gold_loss":0.0,"damage_taken":0.0,"relics_obtained":["Old Coin"],"cards_obtained":["Shame"]},{"damage_healed":0,"gold_gain":0,"player_choice":"Paid","damage_taken":0,"relics_obtained":["Red Mask"],"max_hp_gain":0,"max_hp_loss":0,"event_name":"Tomb of Lord Red Mask","floor":37,"gold_loss":35},{"damage_healed":0,"gold_gain":0,"player_choice":"Copied","damage_taken":0,"max_hp_gain":0,"max_hp_loss":0,"event_name":"Duplicator","floor":38,"gold_loss":0,"cards_obtained":["Malaise"]},{"damage_healed":0,"gold_gain":0,"player_choice":"Fight","damage_taken":0,"max_hp_gain":0,"max_hp_loss":0,"event_name":"Mysterious Sphere","floor":39,"gold_loss":0},{"cards_removed":["Dash"],"damage_healed":2,"gold_gain":0,"player_choice":"Offered Uncommon","damage_taken":0,"max_hp_gain":0,"max_hp_loss":0,"event_name":"Bonfire Elementals","floor":45,"gold_loss":0}],"is_beta":false,"boss_relics":[{"not_picked":["Velvet Choker","Ectoplasm"],"picked":"Busted Crown"},{"not_picked":["Cursed Key","Runic Dome"],"picked":"WristBlade"}],"items_purged_floors":[],"is_endless":false,"potions_floor_spawned":[1,5,6,7,12,13,20,25,30,33,35,42,46,47,48],"killed_by":"Time Eater","ascension_level":13}}