{"host":"p7j7o00jacnw7qzt","time":1607724095,"event":{"mods":["BaseMod","Colored Map","Colored Powertips","DeckTracker","Highlight Path","Minty Spire (QoL Compilation)","Relic Stats"],"gold_per_floor":[112,127,127,127,52,81,81,96,121,131,131,31,62,82,82,82,82],"floor_reached":16,"playtime":412,"items_purged":["Strike_R","Strike_R"],"score":270,"play_id":"3959aa91-8b5b-4ff8-9a9f-124ce36621f0","local_time":"20201211170135","is_ascension_mode":true,"campfire_choices":[{"data":"Rampage","floor":7.0,"key":"SMITH"},{"data":"Shockwave","floor":15.0,"key":"SMITH"}],"circlet_count":0,"master_deck":["AscendersBane","Strike_R","Strike_R","Defend_R","Defend_R","Defend_R","Defend_R","Bash","Rampage+1","Exhume","Bloodletting","Shockwave+1","Brutality"],"relics":["Burning Blood","NeowsBlessing","Ancient Tea Set","Golden Idol"],"acts_visited":["Exordium"],"potions_floor_usage":[16],"damage_taken":[{"damage":0.0,"enemies":"2 Louse","floor":1.0,"turns":1.0},{"damage":0.0,"enemies":"Cultist","floor":2.0,"turns":1.0},{"damage":0.0,"enemies":"Lagavulin","floor":6.0,"turns":1.0},{"damage":9.0,"enemies":"Jaw Worm","floor":8.0,"turns":4.0},{"damage":22.0,"enemies":"Exordium Thugs","floor":10.0,"turns":6.0},{"damage":24.0,"enemies":"Gremlin Nob","floor":13.0,"turns":4.0},{"damage":13.0,"enemies":"Looter","floor":14.0,"turns":4.0},{"damage":26,"enemies":"The Guardian","floor":16,"turns":4}],"seed_played":"8970573839569951725","potions_obtained":[{"floor":1.0,"key":"GamblersBrew"},{"floor":2.0,"key":"Explosive Potion"},{"floor":13.0,"key":"SpeedPotion"}],"is_trial":false,"path_per_floor":["M","M","?","?","$","E","R","M","T","M","?","$","E","M","R","B"],"character_chosen":"IRONCLAD","items_purchased":[],"campfire_rested":0,"item_purchase_floors":[],"current_hp_per_floor":[74,75,80,80,80,80,80,77,77,61,61,61,43,36,36,10,10],"gold":82,"neow_bonus":"THREE_ENEMY_KILL","is_daily":false,"chose_seed":false,"campfire_upgraded":2,"win_rate":0.0,"timestamp":1607724095,"path_taken":["M","M","?","?","$","E","R","M","T","?","?","?","E","M","R","BOSS"],"items_purchased_type":[],"build_version":"2020-11-30","purchased_purges":2,"victory":false,"max_hp_per_floor":[75,75,80,80,80,80,80,80,80,80,72,72,72,72,72,72,72],"relic_stats":{"counters":[8,25],"Golden Idol":10,"obtain_stats":[{"NeowsBlessing":0,"Golden Idol":11,"Ancient Tea Set":6,"Burning Blood":0},{"NeowsBlessing":0,"Golden Idol":5,"Ancient Tea Set":3,"Burning Blood":0},{"NeowsBlessing":0,"Golden Idol":13,"Ancient Tea Set":3,"Burning Blood":0}],"Burning Blood":31},"card_choices":[{"not_picked":["Infernal Blade","Clothesline"],"picked":"Rampage","floor":1.0},{"not_picked":["Rampage","Havoc","Sword Boomerang"],"picked":"SKIP","floor":2.0},{"not_picked":["Flame Barrier","Pummel","Power Through"],"picked":"SKIP","floor":6.0},{"not_picked":["Armaments","Flame Barrier"],"picked":"Bloodletting","floor":8.0},{"not_picked":["Anger","Clothesline"],"picked":"Shockwave","floor":10.0},{"not_picked":["Perfected Strike","Power Through"],"picked":"Brutality","floor":13.0},{"not_picked":["Anger","Wild Strike","Heavy Blade"],"picked":"SKIP","floor":14.0}],"player_experience":783343,"relics_obtained":[{"floor":6.0,"key":"Ancient Tea Set"}],"event_choices":[{"damage_healed":0.0,"max_hp_gain":5.0,"max_hp_loss":0.0,"gold_gain":0.0,"event_name":"Big Fish","player_choice":"Donut","floor":3.0,"gold_loss":0.0,"damage_taken":0.0},{"damage_healed":0.0,"max_hp_gain":0.0,"max_hp_loss":0.0,"gold_gain":0.0,"cards_transformed":["Strike_R"],"event_name":"Transmorgrifier","player_choice":"Transformed","floor":4.0,"gold_loss":0.0,"damage_taken":0.0,"cards_obtained":["Exhume"]},{"damage_healed":0.0,"max_hp_gain":0.0,"max_hp_loss":8.0,"gold_gain":0.0,"event_name":"Golden Idol","player_choice":"Lose Max HP","floor":11.0,"gold_loss":0.0,"damage_taken":0.0,"relics_obtained":["Golden Idol"]}],"is_beta":false,"boss_relics":[],"items_purged_floors":[5,12],"is_endless":false,"potions_floor_spawned":[1,2,10,13],"killed_by":"The Guardian","ascension_level":20}}