{"host":"7gewg82ormp6yt4e","time":1607701462,"event":{"mods":["BaseMod","Block Reminder","Colored Map","Colored Powertips","DeckTracker","Highlight Path","Minty Spire (QoL Compilation)","Relic Stats","StSLib"],"gold_per_floor":[109,34,34,34,50,50,78,96,96,107,107,31,31,45,45,121,121,139,34,44,44,44,44,58,58,58,71,71,71,71,88,88,166,166,183,196,196,196,213,240,255,255,255,287,22,38,69,81,81,81,81],"floor_reached":50,"playtime":3080,"items_purged":["Strike_G","Pain"],"score":1114,"play_id":"2c83d5db-ec55-4824-a229-256a924f5c33","local_time":"20201212004422","is_ascension_mode":true,"campfire_choices":[{"data":"Flying Knee","floor":6.0,"key":"SMITH"},{"data":"Caltrops","floor":13.0,"key":"SMITH"},{"data":"Neutralize","floor":15.0,"key":"SMITH"},{"data":"Wraith Form v2","floor":23.0,"key":"SMITH"},{"data":"Ghostly","floor":30.0,"key":"SMITH"},{"data":"Ghostly","floor":32.0,"key":"SMITH"},{"floor":42.0,"key":"REST"},{"floor":49.0,"key":"RECALL"}],"circlet_count":0,"master_deck":["AscendersBane","Strike_G","Strike_G","Strike_G","Defend_G","Defend_G","Defend_G","Defend_G","Defend_G","Survivor","Neutralize+1","Leg Sweep","Flying Knee+1","Wraith Form v2+1","Caltrops+1","After Image","After Image","Deadly Poison","Skewer","Deadly Poison+1","Ghostly+1","Ghostly+1","Ghostly","Malaise"],"relics":["Ring of the Snake","NeowsBlessing","FaceOfCleric","Singing Bowl","Bag of Preparation","Busted Crown","WarpedTongs","Pear","Nilry\u0027s Codex","Snecko Eye","Snake Skull","Tough Bandages","ClockworkSouvenir","White Beast Statue"],"acts_visited":["Exordium","TheCity","TheBeyond"],"potions_floor_usage":[],"damage_taken":[{"damage":0.0,"enemies":"2 Louse","floor":1.0,"turns":1.0},{"damage":0.0,"enemies":"Jaw Worm","floor":5.0,"turns":1.0},{"damage":0.0,"enemies":"3 Sentries","floor":7.0,"turns":2.0},{"damage":4.0,"enemies":"Cultist","floor":8.0,"turns":5.0},{"damage":1.0,"enemies":"Looter","floor":10.0,"turns":4.0},{"damage":18.0,"enemies":"Exordium Thugs","floor":14.0,"turns":6.0},{"damage":26.0,"enemies":"The Guardian","floor":16.0,"turns":13.0},{"damage":0.0,"enemies":"3 Byrds","floor":18.0,"turns":3.0},{"damage":7.0,"enemies":"Chosen","floor":20.0,"turns":7.0},{"damage":12.0,"enemies":"Shelled Parasite and Fungi","floor":24.0,"turns":8.0},{"damage":11.0,"enemies":"Snake Plant","floor":27.0,"turns":5.0},{"damage":13.0,"enemies":"Chosen and Byrds","floor":31.0,"turns":8.0},{"damage":12.0,"enemies":"Automaton","floor":33.0,"turns":14.0},{"damage":16.0,"enemies":"3 Darklings","floor":35.0,"turns":8.0},{"damage":6.0,"enemies":"Orb Walker","floor":36.0,"turns":6.0},{"damage":13.0,"enemies":"Sphere and 2 Shapes","floor":39.0,"turns":5.0},{"damage":12.0,"enemies":"Reptomancer","floor":40.0,"turns":8.0},{"damage":5.0,"enemies":"Maw","floor":41.0,"turns":9.0},{"damage":11.0,"enemies":"Nemesis","floor":44.0,"turns":10.0},{"damage":2.0,"enemies":"4 Shapes","floor":46.0,"turns":6.0},{"damage":4.0,"enemies":"Reptomancer","floor":47.0,"turns":9.0},{"damage":0.0,"enemies":"Spire Growth","floor":48.0,"turns":7.0},{"damage":47,"enemies":"Donu and Deca","floor":50,"turns":6}],"seed_played":"-4370896850996673800","potions_obtained":[{"floor":7.0,"key":"BlessingOfTheForge"},{"floor":11.0,"key":"DuplicationPotion"},{"floor":16.0,"key":"Weak Potion"},{"floor":18.0,"key":"Weak Potion"},{"floor":24.0,"key":"Dexterity Potion"},{"floor":31.0,"key":"CunningPotion"},{"floor":35.0,"key":"Fruit Juice"},{"floor":39.0,"key":"LiquidBronze"},{"floor":44.0,"key":"Block Potion"},{"floor":46.0,"key":"DuplicationPotion"},{"floor":48.0,"key":"DuplicationPotion"}],"is_trial":false,"path_per_floor":["M","$","?","?","M","R","E","M","T","M","?","$","R","M","R","B",null,"M","$","M","$","?","R","M","?","T","M","?","?","R","M","R","B",null,"M","M","?","?","M","E","M","R","T","E","$","M","E","M","R","B"],"character_chosen":"THE_SILENT","items_purchased":["Leg Sweep","Caltrops","Deadly Poison","ClockworkSouvenir"],"campfire_rested":1,"item_purchase_floors":[2,12,19,45],"current_hp_per_floor":[59,59,52,52,53,53,54,53,53,55,55,55,55,38,38,13,60,63,63,57,57,57,57,46,46,56,48,27,27,27,17,17,6,40,32,29,51,47,37,28,26,45,45,37,37,38,37,40,40,0,0],"gold":81,"neow_bonus":"THREE_ENEMY_KILL","is_daily":false,"chose_seed":false,"campfire_upgraded":6,"win_rate":0.0,"timestamp":1607701462,"path_taken":["M","$","?","?","?","R","E","M","T","M","?","?","R","M","R","BOSS","M","$","?","?","?","R","M","?","T","?","?","?","R","M","R","BOSS","M","M","?","?","M","E","M","R","T","E","$","M","E","M","R","BOSS"],"items_purchased_type":["Card","Card","Card","Relic"],"build_version":"2020-11-30","purchased_purges":2,"victory":false,"max_hp_per_floor":[66,66,66,66,67,67,68,71,71,74,74,74,74,75,75,76,76,79,79,80,80,80,80,81,81,91,94,94,47,47,50,50,51,51,59,62,51,57,60,63,66,66,66,69,69,72,75,78,78,78,78],"relic_stats":{"Tough Bandages":[18],"Busted Crown":36,"FaceOfCleric":21,"Singing Bowl":34,"counters":[23,151],"Snecko Eye":[117,111,118,108],"Snake Skull":[20],"Bag of Preparation":[28],"obtain_stats":[{"Pear":26,"NeowsBlessing":0,"Singing Bowl":7,"Nilry\u0027s Codex":28,"Snake Skull":40,"Bag of Preparation":9,"White Beast Statue":47,"WarpedTongs":25,"ClockworkSouvenir":45,"Tough Bandages":44,"Busted Crown":17,"FaceOfCleric":4,"Snecko Eye":34,"Ring of the Snake":0},{"Pear":10,"NeowsBlessing":0,"Singing Bowl":3,"Nilry\u0027s Codex":11,"Snake Skull":17,"Bag of Preparation":4,"White Beast Statue":21,"WarpedTongs":10,"ClockworkSouvenir":19,"Tough Bandages":19,"Busted Crown":7,"FaceOfCleric":1,"Snecko Eye":13,"Ring of the Snake":0},{"Pear":50,"NeowsBlessing":0,"Singing Bowl":4,"Nilry\u0027s Codex":55,"Snake Skull":104,"Bag of Preparation":9,"White Beast Statue":138,"WarpedTongs":50,"ClockworkSouvenir":123,"Tough Bandages":123,"Busted Crown":32,"FaceOfCleric":1,"Snecko Eye":77,"Ring of the Snake":0}],"Ring of the Snake":[46],"WarpedTongs":[101]},"card_choices":[{"not_picked":["Deflect","Underhanded Strike","Distraction"],"picked":"SKIP","floor":1.0},{"not_picked":["Heel Hook","Dodge and Roll"],"picked":"Flying Knee","floor":5.0},{"not_picked":["Riddle With Holes","Predator"],"picked":"Wraith Form v2","floor":7.0},{"not_picked":["Acrobatics","Concentrate","Quick Slash"],"picked":"Singing Bowl","floor":8.0},{"not_picked":["Bane","Acrobatics","Finisher"],"picked":"Singing Bowl","floor":10.0},{"not_picked":["Calculated Gamble","Sucker Punch"],"picked":"After Image","floor":14.0},{"not_picked":["Tools of the Trade","Burst"],"picked":"After Image","floor":16.0},{"not_picked":["Slice"],"picked":"Singing Bowl","floor":18.0},{"not_picked":[],"picked":"Skewer","floor":20.0},{"not_picked":[],"picked":"Deadly Poison+1","floor":24.0},{"not_picked":["Distraction+1"],"picked":"Singing Bowl","floor":27.0},{"not_picked":["All Out Attack"],"picked":"Singing Bowl","floor":31.0},{"not_picked":[],"picked":"Malaise","floor":33.0},{"not_picked":["Reflex"],"picked":"Singing Bowl","floor":35.0},{"not_picked":["Outmaneuver+1"],"picked":"Singing Bowl","floor":36.0},{"not_picked":["Mind Blast"],"picked":"Singing Bowl","floor":38.0},{"not_picked":["Dark Shackles"],"picked":"Singing Bowl","floor":38.0},{"not_picked":["Finesse"],"picked":"Singing Bowl","floor":38.0},{"not_picked":["Terror"],"picked":"Singing Bowl","floor":39.0},{"not_picked":["Blade Dance"],"picked":"Singing Bowl","floor":40.0},{"not_picked":["Outmaneuver"],"picked":"Singing Bowl","floor":41.0},{"not_picked":["Deadly Poison"],"picked":"Singing Bowl","floor":44.0},{"not_picked":["Slice"],"picked":"Singing Bowl","floor":46.0},{"not_picked":["Flying Knee+1"],"picked":"Singing Bowl","floor":47.0},{"not_picked":["Riddle With Holes"],"picked":"Singing Bowl","floor":48.0}],"player_experience":2312433,"relics_obtained":[{"floor":7.0,"key":"Singing Bowl"},{"floor":9.0,"key":"Bag of Preparation"},{"floor":26.0,"key":"Pear"},{"floor":28.0,"key":"Nilry\u0027s Codex"},{"floor":40.0,"key":"Snake Skull"},{"floor":44.0,"key":"Tough Bandages"},{"floor":47.0,"key":"White Beast Statue"}],"event_choices":[{"cards_removed":["Strike_G"],"damage_healed":0.0,"max_hp_gain":0.0,"max_hp_loss":0.0,"gold_gain":0.0,"event_name":"Golden Wing","player_choice":"Card Removal","floor":3.0,"gold_loss":0.0,"damage_taken":7.0},{"damage_healed":0.0,"max_hp_gain":0.0,"max_hp_loss":0.0,"gold_gain":0.0,"event_name":"FaceTrader","player_choice":"Trade","floor":4.0,"gold_loss":0.0,"damage_taken":0.0,"relics_obtained":["FaceOfCleric"]},{"damage_healed":0.0,"max_hp_gain":0.0,"max_hp_loss":0.0,"gold_gain":0.0,"event_name":"Lab","player_choice":"Got Potions","floor":11.0,"gold_loss":0.0,"damage_taken":0.0},{"damage_healed":0.0,"max_hp_gain":0.0,"max_hp_loss":0.0,"gold_gain":0.0,"event_name":"Accursed Blacksmith","player_choice":"Rummage","floor":25.0,"gold_loss":0.0,"damage_taken":0.0,"relics_obtained":["WarpedTongs"],"cards_obtained":["Pain"]},{"damage_healed":0.0,"max_hp_gain":0.0,"max_hp_loss":0.0,"gold_gain":0.0,"event_name":"Cursed Tome","player_choice":"Obtained Book","floor":28.0,"gold_loss":0.0,"damage_taken":21.0},{"damage_healed":0.0,"max_hp_gain":0.0,"max_hp_loss":47.0,"gold_gain":0.0,"event_name":"Ghosts","player_choice":"Became a Ghost","floor":29.0,"gold_loss":0.0,"damage_taken":0.0,"cards_obtained":["Ghostly","Ghostly","Ghostly"]},{"damage_healed":51.0,"max_hp_gain":0.0,"max_hp_loss":11.0,"gold_gain":0.0,"event_name":"The Moai Head","player_choice":"Heal","floor":37.0,"gold_loss":0.0,"damage_taken":0.0},{"damage_healed":0.0,"max_hp_gain":0.0,"max_hp_loss":0.0,"gold_gain":0.0,"event_name":"SensoryStone","player_choice":"Memory 3","floor":38.0,"gold_loss":0.0,"damage_taken":10.0}],"is_beta":false,"boss_relics":[{"not_picked":["Empty Cage","SacredBark"],"picked":"Busted Crown"},{"not_picked":["Coffee Dripper","HoveringKite"],"picked":"Snecko Eye"}],"items_purged_floors":[19,45],"is_endless":false,"potions_floor_spawned":[7,16,18,24,31,35,39,44,46,48],"killed_by":"Donu and Deca","ascension_level":20}}