{"host":"nmjik3bzoelmmajy","time":1607645910,"event":{"mods":["BaseMod","Better Third Choice","Colored Map","DeckTracker","Minty Spire (QoL Compilation)","Quick Restart","Say the Spire","StSLib","SuperFastMode"],"gold_per_floor":[109,109,109,121,140,140,140],"floor_reached":6,"playtime":363,"items_purged":[],"score":63,"play_id":"162bb406-a204-41f2-aa22-a6407da511ad","local_time":"20201211091830","is_ascension_mode":true,"campfire_choices":[],"circlet_count":0,"master_deck":["AscendersBane","Strike_G","Strike_G","Strike_G","Defend_G","Defend_G","Defend_G","Defend_G","Defend_G","Survivor","Neutralize","PiercingWail","Phantasmal Killer","Acrobatics","Adrenaline"],"relics":["Ring of the Snake","Omamori"],"acts_visited":["Exordium"],"potions_floor_usage":[],"damage_taken":[{"damage":1.0,"enemies":"Cultist","floor":1.0,"turns":5.0},{"damage":0.0,"enemies":"Small Slimes","floor":4.0,"turns":5.0},{"damage":1.0,"enemies":"Jaw Worm","floor":5.0,"turns":7.0},{"damage":0,"enemies":"Lagavulin","floor":6,"turns":1}],"seed_played":"-1790865103084552241","potions_obtained":[],"is_trial":false,"path_per_floor":["M","?","?","M","M","E"],"character_chosen":"THE_SILENT","items_purchased":[],"campfire_rested":0,"item_purchase_floors":[],"current_hp_per_floor":[58,58,58,58,57,57,57],"gold":140,"neow_bonus":"RANDOM_COMMON_RELIC","is_daily":false,"chose_seed":false,"campfire_upgraded":0,"win_rate":0.0,"timestamp":1607645910,"path_taken":["M","?","?","?","M","E"],"items_purchased_type":[],"build_version":"2020-11-30","purchased_purges":0,"victory":false,"max_hp_per_floor":[66,66,66,66,66,66,66],"card_choices":[{"not_picked":["Acrobatics","Underhanded Strike"],"picked":"PiercingWail","floor":1.0},{"not_picked":["Dagger Throw","Flying Knee"],"picked":"Acrobatics","floor":4.0},{"not_picked":["Prepared","Flying Knee"],"picked":"Adrenaline","floor":5.0}],"player_experience":798231,"relics_obtained":[],"event_choices":[{"damage_healed":0.0,"max_hp_gain":0.0,"max_hp_loss":0.0,"gold_gain":0.0,"cards_transformed":["Strike_G"],"event_name":"Living Wall","player_choice":"Change","floor":2.0,"gold_loss":0.0,"damage_taken":0.0,"cards_obtained":["Phantasmal Killer"]},{"cards_removed":["Strike_G"],"damage_healed":0.0,"max_hp_gain":0.0,"max_hp_loss":0.0,"gold_gain":0.0,"event_name":"Bonfire Elementals","player_choice":"Offered Basic","floor":3.0,"gold_loss":0.0,"damage_taken":0.0}],"is_beta":false,"boss_relics":[],"items_purged_floors":[],"is_endless":false,"potions_floor_spawned":[],"killed_by":"Lagavulin","ascension_level":15}}