{"host":"7pe9xwx78c6nlay8","time":1607685581,"event":{"mods":["BaseMod","Minty Spire (QoL Compilation)"],"gold_per_floor":[119,131,131,146,146,173,188,207,207,248,288,300,342,354,366,477,489,514,546,571,583,583],"floor_reached":21,"playtime":2334,"items_purged":[],"score":359,"play_id":"fbf28fb8-9d63-4815-b8ca-e3ddef6834dc","local_time":"20201211191941","is_ascension_mode":true,"campfire_choices":[{"floor":12,"key":"REST"},{"data":"Eruption","floor":15,"key":"SMITH"}],"circlet_count":0,"master_deck":["Strike_P","Strike_P","Strike_P","Defend_P","Defend_P","Defend_P","Defend_P","Eruption+1","Vigilance","Prostrate","ReachHeaven","ThirdEye","Pain","Prostrate","Perseverance","ReachHeaven","Consecrate","DevaForm+1","JustLucky+1","Study+1"],"relics":["HolyWater","NeowsBlessing","WarpedTongs","The Courier","MawBank","Art of War","Odd Mushroom","Frozen Egg 2","Bottled Lightning"],"acts_visited":["Exordium","TheCity"],"potions_floor_usage":[10,10,19],"damage_taken":[{"damage":0,"enemies":"2 Louse","floor":1,"turns":2},{"damage":0,"enemies":"Cultist","floor":2,"turns":1},{"damage":0,"enemies":"Jaw Worm","floor":4,"turns":1},{"damage":20,"enemies":"3 Sentries","floor":6,"turns":8},{"damage":14,"enemies":"Lots of Slimes","floor":7,"turns":5},{"damage":10,"enemies":"Gremlin Gang","floor":8,"turns":6},{"damage":10,"enemies":"Lagavulin","floor":10,"turns":5},{"damage":9,"enemies":"The Mushroom Lair","floor":11,"turns":4},{"damage":0,"enemies":"Gremlin Nob","floor":13,"turns":3},{"damage":2,"enemies":"Slime Boss","floor":16,"turns":4},{"damage":7,"enemies":"Shell Parasite","floor":18,"turns":3},{"damage":21,"enemies":"2 Thieves","floor":19,"turns":4},{"damage":3,"enemies":"Snecko","floor":20,"turns":7},{"damage":43,"enemies":"Snake Plant","floor":21,"turns":4}],"seed_played":"1963021962191851633","potions_obtained":[{"floor":4,"key":"Regen Potion"},{"floor":6,"key":"BlessingOfTheForge"},{"floor":8,"key":"PowerPotion"},{"floor":10,"key":"Energy Potion"},{"floor":16,"key":"Fire Potion"}],"is_trial":false,"path_per_floor":["M","M","?","M","?","E","M","M","T","E","?","R","E","T","R","B",null,"M","M","M","M"],"character_chosen":"WATCHER","items_purchased":[],"campfire_rested":1,"item_purchase_floors":[],"current_hp_per_floor":[65,65,65,65,65,45,31,21,21,25,16,37,37,37,37,35,63,56,35,32,0,0],"gold":583,"neow_bonus":"THREE_ENEMY_KILL","is_daily":false,"chose_seed":false,"campfire_upgraded":1,"win_rate":0.0,"timestamp":1607685581,"path_taken":["M","M","?","?","?","E","?","?","T","E","?","R","E","?","R","BOSS","M","M","M","M"],"items_purchased_type":[],"build_version":"2020-11-30","purchased_purges":0,"victory":false,"max_hp_per_floor":[72,72,72,72,72,72,72,72,72,72,72,72,72,72,72,72,72,72,72,72,72,72],"card_choices":[{"not_picked":["Protect","FollowUp"],"picked":"Prostrate","floor":1},{"not_picked":["EmptyFist","Evaluate"],"picked":"ReachHeaven","floor":2},{"not_picked":["SashWhip","Pray"],"picked":"ThirdEye","floor":4},{"not_picked":["TalkToTheHand","Crescendo"],"picked":"Prostrate","floor":6},{"not_picked":["Prostrate","SashWhip"],"picked":"Perseverance","floor":7},{"not_picked":["CrushJoints","FollowUp","SashWhip"],"picked":"SKIP","floor":8},{"not_picked":["Ragnarok","FlurryOfBlows"],"picked":"ReachHeaven","floor":10},{"not_picked":["FlyingSleeves","Meditate"],"picked":"Consecrate","floor":11},{"not_picked":["Halt","FollowUp","InnerPeace"],"picked":"SKIP","floor":13},{"not_picked":["Wish","MasterReality+1"],"picked":"DevaForm+1","floor":16},{"not_picked":["Consecrate+1","Evaluate"],"picked":"JustLucky+1","floor":18},{"not_picked":["EmptyBody","ClearTheMind","EmptyMind"],"picked":"SKIP","floor":19},{"not_picked":["FlyingSleeves","PathToVictory+1"],"picked":"Study+1","floor":20}],"player_experience":1487328,"relics_obtained":[{"floor":6,"key":"The Courier"},{"floor":9,"key":"MawBank"},{"floor":10,"key":"Art of War"},{"floor":11,"key":"Odd Mushroom"},{"floor":13,"key":"Frozen Egg 2"},{"floor":14,"key":"Bottled Lightning"}],"event_choices":[{"cards_removed":["Strike_P"],"damage_healed":0,"gold_gain":0,"player_choice":"Purged","damage_taken":0,"max_hp_gain":0,"max_hp_loss":0,"event_name":"Purifier","floor":3,"gold_loss":0},{"damage_healed":0,"gold_gain":0,"player_choice":"Rummage","damage_taken":0,"relics_obtained":["WarpedTongs"],"max_hp_gain":0,"max_hp_loss":0,"event_name":"Accursed Blacksmith","floor":5,"gold_loss":0,"cards_obtained":["Pain"]},{"damage_healed":0,"gold_gain":0,"player_choice":"Fought Mushrooms","damage_taken":0,"max_hp_gain":0,"max_hp_loss":0,"event_name":"Mushrooms","floor":11,"gold_loss":0}],"is_beta":false,"boss_relics":[{"not_picked":["Snecko Eye","Ectoplasm"],"picked":"HolyWater"}],"items_purged_floors":[],"is_endless":false,"potions_floor_spawned":[4,6,8,10,16],"killed_by":"Snake Plant","ascension_level":6}}