{"host":"6wux4armhsntp4yb","time":1607677212,"event":{"mods":["BaseMod","Colored Map","DeckTracker","Minty Spire (QoL Compilation)","Relic Stats"],"gold_per_floor":[114,114,59,82,100,100,136,155,200,200,200,200,200,43,43,136,136,136,116,96,96,96,96,96,96,96,96,96,96,96],"floor_reached":29,"playtime":1260,"items_purged":[],"score":518,"play_id":"5575b9a2-8654-4344-9a19-ca500e543eec","local_time":"20201211180012","is_ascension_mode":true,"campfire_choices":[{"data":"Noxious Fumes","floor":6.0,"key":"SMITH"},{"data":"Skewer","floor":11.0,"key":"SMITH"},{"data":"Neutralize","floor":13.0,"key":"SMITH"},{"data":"Acrobatics","floor":15.0,"key":"SMITH"},{"data":"Glass Knife","floor":23.0,"key":"SMITH"},{"data":"Noxious Fumes","floor":25,"key":"SMITH"},{"data":"After Image","floor":28,"key":"SMITH"}],"circlet_count":0,"master_deck":["AscendersBane","Strike_G+1","Strike_G+1","Strike_G+1","Strike_G+1","Strike_G+1","Defend_G+1","Defend_G+1","Defend_G+1","Defend_G+1","Defend_G+1","Survivor","Neutralize+1","Quick Slash","Acrobatics+1","Noxious Fumes+1","Skewer+1","Glass Knife+1","Deadly Poison","Acrobatics","Noxious Fumes+1","After Image+1"],"relics":["Coffee Dripper","Golden Idol","Bottled Tornado","Akabeko","TwistedFunnel","Ectoplasm","Boot","PreservedInsect","Tingsha"],"acts_visited":["Exordium","TheCity"],"potions_floor_usage":[27],"damage_taken":[{"damage":9.0,"enemies":"Jaw Worm","floor":1.0,"turns":4.0},{"damage":1.0,"enemies":"Small Slimes","floor":4.0,"turns":4.0},{"damage":0.0,"enemies":"2 Louse","floor":5.0,"turns":4.0},{"damage":10.0,"enemies":"Lagavulin","floor":7.0,"turns":7.0},{"damage":0.0,"enemies":"2 Fungi Beasts","floor":8.0,"turns":4.0},{"damage":3.0,"enemies":"Slime Boss","floor":16.0,"turns":6.0},{"damage":15.0,"enemies":"Spheric Guardian","floor":18.0,"turns":6.0},{"damage":6.0,"enemies":"2 Thieves","floor":19.0,"turns":2.0},{"damage":0.0,"enemies":"Snecko","floor":21.0,"turns":3.0},{"damage":24,"enemies":"Book of Stabbing","floor":24,"turns":4},{"damage":12,"enemies":"Slavers","floor":27,"turns":3},{"damage":13,"enemies":"Snake Plant","floor":29,"turns":1}],"seed_played":"-3392463152487776626","potions_obtained":[{"floor":1.0,"key":"Dexterity Potion"},{"floor":5.0,"key":"Explosive Potion"},{"floor":8.0,"key":"SteroidPotion"},{"floor":20.0,"key":"Fruit Juice"},{"floor":27,"key":"FearPotion"}],"is_trial":false,"path_per_floor":["M","?","$","M","M","R","E","M","T","?","R","?","R","$","R","B",null,"M","M","?","M","?","R","E","R","T","E","R","M"],"character_chosen":"THE_SILENT","items_purchased":["Fire Potion","TwistedFunnel"],"campfire_rested":0,"item_purchase_floors":[3,14],"current_hp_per_floor":[50,50,50,49,49,49,39,39,39,39,39,59,59,59,59,56,59,44,38,38,43,43,43,19,19,19,7,7,0,0],"gold":96,"neow_bonus":"BOSS_RELIC","is_daily":false,"chose_seed":false,"campfire_upgraded":7,"win_rate":0.0,"timestamp":1607677212,"path_taken":["M","?","$","M","M","R","E","M","T","?","R","?","R","$","R","BOSS","M","M","?","?","?","R","E","R","T","E","R","M"],"items_purchased_type":["Potion","Relic"],"build_version":"2020-11-30","purchased_purges":0,"victory":false,"max_hp_per_floor":[66,60,60,60,60,60,60,60,60,60,60,60,60,60,60,60,60,60,60,60,65,65,65,65,65,65,65,65,65,65],"relic_stats":{"counters":[12,48],"Golden Idol":67,"Tingsha":[0],"Ectoplasm":188,"PreservedInsect":40,"Boot":[1],"obtain_stats":[{"TwistedFunnel":14,"Golden Idol":2,"Tingsha":27,"Ectoplasm":17,"PreservedInsect":26,"Coffee Dripper":0,"Bottled Tornado":7,"Boot":24,"Akabeko":9,"Ring of the Snake":0},{"TwistedFunnel":5,"Golden Idol":1,"Tingsha":11,"Ectoplasm":6,"PreservedInsect":10,"Coffee Dripper":0,"Bottled Tornado":4,"Boot":10,"Akabeko":5,"Ring of the Snake":0},{"TwistedFunnel":23,"Golden Idol":4,"Tingsha":47,"Ectoplasm":29,"PreservedInsect":44,"Coffee Dripper":0,"Bottled Tornado":19,"Boot":44,"Akabeko":23,"Ring of the Snake":0}]},"card_choices":[{"not_picked":["Setup","Outmaneuver"],"picked":"Quick Slash","floor":1.0},{"not_picked":["Masterful Stab","Reflex"],"picked":"Acrobatics","floor":4.0},{"not_picked":["Acrobatics","Flying Knee"],"picked":"Noxious Fumes","floor":5.0},{"not_picked":["Flechettes","Underhanded Strike"],"picked":"Skewer","floor":7.0},{"not_picked":["Heel Hook","Underhanded Strike","Dodge and Roll"],"picked":"SKIP","floor":8.0},{"not_picked":["Doppelganger","Unload"],"picked":"Glass Knife","floor":16.0},{"not_picked":["Underhanded Strike","Quick Slash","Deflect"],"picked":"SKIP","floor":18.0},{"not_picked":["Cloak And Dagger","Bane+1"],"picked":"Deadly Poison","floor":19.0},{"not_picked":["PiercingWail","Reflex"],"picked":"Acrobatics","floor":21.0},{"not_picked":["Backstab","Noxious Fumes","Bane"],"picked":"SKIP","floor":24},{"not_picked":["Backstab","Bane"],"picked":"Noxious Fumes","floor":24},{"not_picked":["Dodge and Roll","PiercingWail"],"picked":"After Image","floor":27}],"player_experience":5612710,"relics_obtained":[{"floor":7.0,"key":"Bottled Tornado"},{"floor":9.0,"key":"Akabeko"},{"floor":24,"key":"Boot"},{"floor":26,"key":"PreservedInsect"},{"floor":27,"key":"Tingsha"}],"event_choices":[{"damage_healed":0.0,"max_hp_gain":0.0,"max_hp_loss":6.0,"gold_gain":0.0,"event_name":"Golden Idol","player_choice":"Lose Max HP","floor":2.0,"gold_loss":0.0,"damage_taken":0.0,"relics_obtained":["Golden Idol"]},{"damage_healed":0.0,"max_hp_gain":0.0,"max_hp_loss":0.0,"gold_gain":0.0,"event_name":"Shining Light","player_choice":"Ignored","floor":10.0,"gold_loss":0.0,"damage_taken":0.0},{"damage_healed":20.0,"max_hp_gain":0.0,"max_hp_loss":0.0,"gold_gain":0.0,"event_name":"Big Fish","player_choice":"Banana","floor":12.0,"gold_loss":0.0,"damage_taken":0.0},{"damage_healed":0.0,"max_hp_gain":0.0,"max_hp_loss":0.0,"gold_gain":0.0,"event_name":"The Woman in Blue","player_choice":"Bought 1 Potion","floor":20.0,"gold_loss":0.0,"damage_taken":0.0},{"damage_healed":0.0,"max_hp_gain":0.0,"max_hp_loss":0.0,"gold_gain":0.0,"event_name":"Back to Basics","player_choice":"Simplicity","floor":22.0,"gold_loss":0.0,"damage_taken":0.0,"cards_upgraded":["Strike_G","Strike_G","Strike_G","Strike_G","Strike_G","Defend_G","Defend_G","Defend_G","Defend_G","Defend_G"]}],"is_beta":false,"boss_relics":[{"not_picked":["Snecko Eye","Busted Crown"],"picked":"Ectoplasm"}],"items_purged_floors":[],"is_endless":false,"potions_floor_spawned":[1,5,8,27],"killed_by":"Snake Plant","ascension_level":20}}