{"host":"6x4iiutqpimyd4s6","time":1607719776,"event":{"mods":["AchievementEnabler","BaseMod","BetterRewards","Colored Map","Data Control","Minty Spire (QoL Compilation)","Nulf Mod","Remove Card Discount Mod","Shop Mod","StSLib"],"gold_per_floor":[118,193,213,213,229,229,247,259,259,259,284,301,301,327,327,425,425,437,453,468,450,450,468,487,503,527,527,527,560,560,572,572,677,677,691,543,562,573,592,592,605,605,605,617,617,617,630,663,663,663],"floor_reached":51,"playtime":865,"items_purged":["Strike_R","Strike_R","Strike_R","Strike_R","Strike_R","Defend_R","Defend_R","Defend_R","Defend_R"],"score":790,"play_id":"9301dd37-936a-4c9d-a30e-7201805c6575","local_time":"20201211154936","is_ascension_mode":false,"campfire_choices":[{"data":"Bash","floor":6,"key":"SMITH"},{"data":"Bash","floor":10,"key":"SMITH"},{"data":"Heavy Blade","floor":13,"key":"SMITH"},{"data":"Shrug It Off","floor":15,"key":"SMITH"},{"data":"Panacea","floor":28,"key":"SMITH"},{"floor":30,"key":"RECALL"},{"floor":32,"key":"REST"},{"data":"Feed","floor":40,"key":"SMITH"},{"floor":45,"key":"REST"},{"floor":49,"key":"REST"}],"circlet_count":0,"master_deck":["Bash+1","Shrug It Off+1","Bash+1","Heavy Blade+1","Whirlwind+1","Heavy Blade+1","Feed+1"],"relics":["Burning Blood","Bag of Marbles","Nulfmod:PlaceholderRelic2","Nulfmod:PlaceholderRelic","Magic Flower","Torii","Singing Bowl","Juzu Bracelet","Lantern","Darkstone Periapt"],"acts_visited":["Exordium","TheCity","TheBeyond"],"potions_floor_usage":[],"damage_taken":[{"damage":0,"enemies":"2 Louse","floor":1,"turns":3},{"damage":0,"enemies":"Cultist","floor":3,"turns":2},{"damage":0,"enemies":"Small Slimes","floor":5,"turns":2},{"damage":0,"enemies":"Looter","floor":7,"turns":2},{"damage":0,"enemies":"Exordium Thugs","floor":8,"turns":3},{"damage":3,"enemies":"Lagavulin","floor":11,"turns":4},{"damage":0,"enemies":"3 Louse","floor":12,"turns":2},{"damage":6,"enemies":"Gremlin Nob","floor":14,"turns":3},{"damage":37,"enemies":"Hexaghost","floor":16,"turns":6},{"damage":0,"enemies":"Spheric Guardian","floor":18,"turns":3},{"damage":0,"enemies":"3 Byrds","floor":19,"turns":2},{"damage":0,"enemies":"Centurion and Healer","floor":20,"turns":2},{"damage":0,"enemies":"Snecko","floor":23,"turns":2},{"damage":1,"enemies":"Shelled Parasite and Fungi","floor":24,"turns":2},{"damage":0,"enemies":"3 Cultists","floor":25,"turns":1},{"damage":0,"enemies":"Slavers","floor":29,"turns":1},{"damage":8,"enemies":"Snake Plant","floor":31,"turns":2},{"damage":12,"enemies":"Collector","floor":33,"turns":4},{"damage":0,"enemies":"3 Shapes","floor":35,"turns":1},{"damage":16,"enemies":"Orb Walker","floor":37,"turns":3},{"damage":0,"enemies":"Sphere and 2 Shapes","floor":38,"turns":1},{"damage":0,"enemies":"Jaw Worm Horde","floor":39,"turns":1},{"damage":0,"enemies":"Spire Growth","floor":41,"turns":2},{"damage":0,"enemies":"Transient","floor":44,"turns":5},{"damage":1,"enemies":"Jaw Worm Horde","floor":47,"turns":2},{"damage":1,"enemies":"Giant Head","floor":48,"turns":5},{"damage":49,"enemies":"Donu and Deca","floor":50,"turns":6}],"seed_played":"6475689647300400485","potions_obtained":[{"floor":1,"key":"Strength Potion"},{"floor":3,"key":"FairyPotion"},{"floor":8,"key":"Dexterity Potion"},{"floor":48,"key":"LiquidMemories"}],"is_trial":false,"path_per_floor":["M","?","M","?","M","R","M","M","T","R","E","M","R","E","R","B",null,"M","M","M","$","?","M","M","M","T","$","R","E","R","M","R","B",null,"M","$","M","M","M","R","M","?","T","M","R","?","M","E","R","B",null],"character_chosen":"IRONCLAD","items_purchased":["Feed"],"campfire_rested":3,"item_purchase_floors":[36],"current_hp_per_floor":[80,69,75,75,80,80,80,80,80,80,80,80,80,82,82,56,84,84,86,86,86,86,88,90,92,92,92,92,94,94,96,96,95,98,100,100,100,107,109,109,115,115,115,117,117,117,123,129,129,95],"gold":663,"neow_bonus":"RANDOM_COMMON_RELIC","is_daily":false,"chose_seed":false,"campfire_upgraded":6,"win_rate":0.0,"timestamp":1607719776,"path_taken":["M","?","M","?","M","R","M","M","T","R","E","M","R","E","R","BOSS","M","M","?","$","?","M","M","?","T","$","R","E","R","M","R","BOSS","M","$","M","M","M","R","M","?","T","M","R","?","M","E","R","BOSS"],"items_purchased_type":["Card"],"build_version":"2020-11-30","purchased_purges":9,"victory":true,"max_hp_per_floor":[80,80,80,80,80,80,80,80,80,80,80,80,80,82,82,84,84,84,86,86,86,86,88,90,92,92,92,92,94,94,96,96,98,98,100,100,105,107,109,109,115,115,115,117,117,117,123,129,129,133],"card_choices":[{"not_picked":["Combust","Power Through","Shockwave"],"picked":"SKIP","floor":1},{"not_picked":["Intimidate","Iron Wave"],"picked":"Shrug It Off","floor":3},{"not_picked":["Twin Strike","Perfected Strike","Spot Weakness"],"picked":"SKIP","floor":5},{"not_picked":["Battle Trance","Warcry","Pommel Strike"],"picked":"SKIP","floor":7},{"not_picked":["Flame Barrier","Iron Wave","Disarm"],"picked":"SKIP","floor":8},{"not_picked":["Iron Wave","Reckless Charge","Flame Barrier"],"picked":"SKIP","floor":11},{"not_picked":["Wild Strike","Thunderclap"],"picked":"Heavy Blade","floor":12},{"not_picked":["Dropkick","Bludgeon","Warcry"],"picked":"Singing Bowl","floor":14},{"not_picked":["Corruption","Fiend Fire","Berserk"],"picked":"Singing Bowl","floor":16},{"not_picked":["Perfected Strike","Thunderclap"],"picked":"Whirlwind+1","floor":18},{"not_picked":["Havoc","Twin Strike+1","Anger"],"picked":"Singing Bowl","floor":19},{"not_picked":["Double Tap","Iron Wave+1"],"picked":"Heavy Blade+1","floor":20},{"not_picked":["Cleave+1","Headbutt","Whirlwind"],"picked":"Singing Bowl","floor":23},{"not_picked":["Berserk","Blood for Blood","Infernal Blade"],"picked":"Singing Bowl","floor":24},{"not_picked":["Havoc","Body Slam","Burning Pact"],"picked":"Singing Bowl","floor":25},{"not_picked":["Dark Embrace","Anger","Rage+1"],"picked":"Singing Bowl","floor":29},{"not_picked":["Wild Strike+1","Anger","Carnage"],"picked":"Singing Bowl","floor":31},{"not_picked":["Reaper","Berserk","Exhume"],"picked":"Singing Bowl","floor":33},{"not_picked":["Dropkick","Spot Weakness+1","Clothesline"],"picked":"Singing Bowl","floor":35},{"not_picked":["Flex","Infernal Blade","Flame Barrier+1"],"picked":"Singing Bowl","floor":37},{"not_picked":["Uppercut+1","Twin Strike","Cleave"],"picked":"Singing Bowl","floor":38},{"not_picked":["Armaments+1","Anger","Flame Barrier+1"],"picked":"Singing Bowl","floor":39},{"not_picked":["Sword Boomerang","Flex","Ghostly Armor"],"picked":"Singing Bowl","floor":41},{"not_picked":["Twin Strike","Corruption","Intimidate+1"],"picked":"Singing Bowl","floor":44},{"not_picked":["Wild Strike","Feel No Pain","Clash+1"],"picked":"Singing Bowl","floor":47},{"not_picked":["Warcry","Perfected Strike","Pommel Strike"],"picked":"Singing Bowl","floor":48}],"player_experience":286200,"relics_obtained":[{"floor":9,"key":"Magic Flower"},{"floor":11,"key":"Torii"},{"floor":14,"key":"Singing Bowl"},{"floor":26,"key":"Juzu Bracelet"},{"floor":43,"key":"Lantern"},{"floor":48,"key":"Darkstone Periapt"}],"event_choices":[{"damage_healed":0,"gold_gain":75,"player_choice":"Gather Gold","damage_taken":11,"max_hp_gain":0,"max_hp_loss":0,"event_name":"World of Goop","floor":2,"gold_loss":0},{"damage_healed":0,"gold_gain":0,"player_choice":"2 cards matched","damage_taken":0,"max_hp_gain":0,"max_hp_loss":0,"event_name":"Match and Keep!","floor":4,"gold_loss":0,"cards_obtained":["Panacea","Bash"]},{"damage_healed":0,"gold_gain":0,"player_choice":"Ignored","damage_taken":0,"max_hp_gain":0,"max_hp_loss":0,"event_name":"N\u0027loth","floor":22,"gold_loss":0},{"cards_removed":["Panacea"],"damage_healed":0,"gold_gain":0,"player_choice":"Removed Skill","damage_taken":0,"max_hp_gain":0,"max_hp_loss":0,"event_name":"Falling","floor":42,"gold_loss":0},{"damage_healed":0,"gold_gain":0,"player_choice":"Ignored","damage_taken":0,"max_hp_gain":0,"max_hp_loss":0,"event_name":"Accursed Blacksmith","floor":46,"gold_loss":0}],"is_beta":false,"boss_relics":[{"not_picked":["Runic Pyramid","Snecko Eye","Ectoplasm"]},{"not_picked":["Philosopher\u0027s Stone","Empty Cage","Fusion Hammer"]}],"items_purged_floors":[21,21,21,21,21,21,21,21,21],"is_endless":false,"potions_floor_spawned":[1,3,8,14,24,25,29,31,33,35,41,48],"ascension_level":0}}