{"host":"z9grmtg2w0nmz8n1","time":1607671104,"event":{"mods":["BaseMod","Better Third Choice","BetterRewards","CCEM","Colored Map","GifTheSpireLib","Hubris","Infinite Spire","Jedi Mod","Jorbs\u0027s Wanderer Trilogy","Minty Spire (QoL Compilation)","Permanent Neow","Replay The Spire","StSLib","Stuff the Spire","The Bug Knight"],"gold_per_floor":[113,113,113,123,140,173,173,185,232,259,298,280,306,338,350,459,471,497,509,534,546,483,518,530,564,564,564,564],"floor_reached":27,"playtime":2296,"items_purged":["HollowMod:NailStrikeStart"],"score":315,"play_id":"6bd8ce93-c7fe-46d1-bae0-7f17257b3830","local_time":"20201211051824","is_ascension_mode":false,"campfire_choices":[{"data":"HollowMod:ChannelNail","floor":7,"key":"SMITH"},{"data":"HollowMod:CycloneSlash","floor":15,"key":"SMITH"}],"circlet_count":0,"master_deck":["HollowMod:NailStrikeStart","HollowMod:NailStrikeStart","HollowMod:NailStrikeStart","HollowMod:QuickDashStart","HollowMod:QuickDashStart","HollowMod:QuickDashStart","HollowMod:FocusHealStart","HollowMod:PogoStrike","HollowMod:ChannelNail+1","Apotheosis+1","HollowMod:CycloneSlash+1","HollowMod:CycloneSlash","HollowMod:DashSlash","HollowMod:DashSlash","HollowMod:DashSlash","HollowMod:CycloneSlash","HollowMod:SlysStrikes","HollowMod:DashSlash","StuffTheSpire:Vigor"],"relics":["HollowMod:VesselMask","infinitespire:CheckeredPen","MawBank","Replay:Towering Pillar of Hats","hubris:Backtick","Matryoshka","ReplayFunnel","jedi:archwizardhat","Bottled Lightning","CCEMRelics:CocoNut"],"acts_visited":["Exordium","TheCity"],"potions_floor_usage":[11,13,16,18,18,20,25],"damage_taken":[{"damage":0,"enemies":"Small Slimes","floor":1,"turns":2},{"damage":9,"enemies":"infinitespire:Voidling","floor":4,"turns":4},{"damage":0,"enemies":"Cultist","floor":5,"turns":3},{"damage":0,"enemies":"HollowMod:MossKnight","floor":6,"turns":6},{"damage":2,"enemies":"Blue Slaver","floor":8,"turns":3},{"damage":1,"enemies":"HollowMod:HuskWarrior","floor":10,"turns":3},{"damage":1,"enemies":"3 Sentries","floor":11,"turns":4},{"damage":0,"enemies":"3 Louse","floor":13,"turns":2},{"damage":0,"enemies":"Exordium Thugs","floor":14,"turns":3},{"damage":32,"enemies":"Fading Forest","floor":16,"turns":11},{"damage":16,"enemies":"2 Thieves","floor":18,"turns":3},{"damage":4,"enemies":"3 Byrds","floor":20,"turns":3},{"damage":25,"enemies":"Gremlin Leader","floor":23,"turns":6},{"damage":15,"enemies":"Snecko","floor":24,"turns":7},{"damage":10,"enemies":"Replay:Snechameleon","floor":25,"turns":5},{"damage":9,"enemies":"Chosen and Byrds","floor":27,"turns":1}],"seed_played":"3498777038547400413","potions_obtained":[{"floor":10,"key":"AttackPotion"},{"floor":11,"key":"ColorlessPotion"},{"floor":12,"key":"Weak Potion"},{"floor":12,"key":"Fruit Juice"},{"floor":13,"key":"Block Potion"},{"floor":16,"key":"LiquidMemories"},{"floor":23,"key":"Milkshake"},{"floor":24,"key":"SteroidPotion"}],"is_trial":true,"path_per_floor":["M","?","?","M","M","E","R","M","T","M","E","?","M","M","R","B",null,"M","?","M","?","$","E","M","E","T","M"],"character_chosen":"THE_BUGKNIGHT","items_purchased":[],"campfire_rested":0,"item_purchase_floors":[],"current_hp_per_floor":[75,75,75,72,72,75,75,73,73,72,71,71,76,76,76,54,80,64,61,57,42,42,23,14,4,9,0,0],"gold":564,"neow_bonus":"","is_daily":false,"chose_seed":false,"campfire_upgraded":2,"win_rate":0.0,"timestamp":1607671104,"path_taken":["M","?","?","?","M","E","R","M","T","?","E","?","?","M","R","BOSS","M","?","?","?","$","E","M","E","T","?"],"items_purchased_type":[],"build_version":"2020-11-30","purchased_purges":1,"victory":false,"max_hp_per_floor":[75,75,75,75,75,75,75,75,75,75,75,75,80,80,80,80,80,80,80,80,80,80,80,80,80,85,85,85],"card_choices":[{"not_picked":["HollowMod:DoubleDash","HollowMod:BaldurShell"],"picked":"HollowMod:ChannelNail","floor":1},{"not_picked":["HollowMod:DescendingDark","HollowMod:DoubleDash"],"picked":"HollowMod:CycloneSlash","floor":4},{"not_picked":["HollowMod:SiblingsSouls","HollowMod:FastStrike"],"picked":"HollowMod:CycloneSlash","floor":5},{"not_picked":["HollowMod:InfectedCysts","HollowMod:NewLittleFool","HollowMod:MidwifesHunger"],"picked":"SKIP","floor":6},{"not_picked":["HollowMod:WraithStrike","HollowMod:SharpenedNail","HollowMod:CrystalDash"],"picked":"SKIP","floor":8},{"not_picked":["HollowMod:PureNailStrike","HollowMod:SiblingsSouls"],"picked":"HollowMod:DashSlash","floor":10},{"not_picked":["HollowMod:FastStrike","HollowMod:ZotesMagnificence"],"picked":"HollowMod:DashSlash","floor":11},{"not_picked":["HollowMod:HowlingWraiths","HollowMod:DescendingDark"],"picked":"HollowMod:DashSlash","floor":13},{"not_picked":["HollowMod:NewLittleFool","HollowMod:CoiledNail"],"picked":"HollowMod:CycloneSlash","floor":14},{"not_picked":["HollowMod:VoidDash","HollowMod:Weaversong"],"picked":"HollowMod:SlysStrikes","floor":16},{"not_picked":["HollowMod:SiblingsSouls","HollowMod:LifebloodCocoon","HollowMod:SoulStrike"],"picked":"SKIP","floor":18},{"not_picked":["HollowMod:VengefulVoid","HollowMod:Grubsong"],"picked":"HollowMod:DashSlash","floor":20},{"not_picked":["HollowMod:NewJinnsSoul","HollowMod:SoulStrike+1","HollowMod:SoulEater+1"],"picked":"SKIP","floor":23},{"not_picked":["HollowMod:MonarchWings","HollowMod:VengefulVoid+1","HollowMod:SharpenedNail"],"picked":"SKIP","floor":24},{"not_picked":["HollowMod:MothsMistake","HollowMod:SharpenedShadows+1","HollowMod:SoulEater"],"picked":"SKIP","floor":25}],"player_experience":526272,"relics_obtained":[{"floor":6,"key":"infinitespire:CheckeredPen"},{"floor":9,"key":"MawBank"},{"floor":11,"key":"Replay:Towering Pillar of Hats"},{"floor":23,"key":"ReplayFunnel"},{"floor":25,"key":"jedi:archwizardhat"},{"floor":26,"key":"Bottled Lightning"},{"floor":26,"key":"CCEMRelics:CocoNut"}],"event_choices":[{"damage_healed":75,"gold_gain":0,"player_choice":"Embrace","damage_taken":0,"max_hp_gain":0,"max_hp_loss":75,"event_name":"betterThird:BetterShining","floor":2,"gold_loss":0},{"cards_removed":["HollowMod:QuickDashStart"],"damage_healed":0,"gold_gain":0,"player_choice":"Purged","damage_taken":0,"max_hp_gain":0,"max_hp_loss":0,"event_name":"Purifier","floor":3,"gold_loss":0},{"damage_healed":0,"gold_gain":0,"player_choice":"Bought 2 Potions","damage_taken":0,"max_hp_gain":0,"max_hp_loss":0,"event_name":"The Woman in Blue","floor":12,"gold_loss":0},{"damage_healed":0,"gold_gain":0,"player_choice":"Punched","damage_taken":3,"max_hp_gain":0,"max_hp_loss":0,"event_name":"Designer","floor":19,"gold_loss":0}],"is_beta":false,"boss_relics":[{"not_picked":["Calling Bell","Philosopher\u0027s Stone"],"picked":"hubris:Backtick"}],"items_purged_floors":[22],"is_endless":false,"potions_floor_spawned":[10,11,13,16,23,24],"killed_by":"Chosen and Byrds","ascension_level":0}}