{"host":"h0xw20cia6ppa69g","time":1607677848,"event":{"mods":["AchievementEnabler","BaseMod","Colored Map","Googly Eyes","Minty Spire (QoL Compilation)","Relic Stats","StSLib","The Awakened One except there are too many feathers","everything is the same but u backflip on backflip"],"gold_per_floor":[118,128,128,141,156,231,231,251,275,291,325,387,387,414,414,510,510,529,541,9,9,9,41,41,61,85,95,105,139,139,150,150,250,250,268,286,286,304,324,357,407,15,15,15,34,59,78,78,78,78,78,78,42,73,73],"floor_reached":56,"playtime":4321,"items_purged":[],"score":1389,"play_id":"86801075-030e-46fd-b922-054ba898c048","local_time":"20201211031048","is_ascension_mode":true,"campfire_choices":[{"data":"Cleave","floor":7.0,"key":"SMITH"},{"data":"Armaments","floor":15.0,"key":"SMITH"},{"data":"1","floor":30.0,"key":"LIFT"},{"data":"2","floor":32.0,"key":"LIFT"},{"floor":44,"key":"RECALL"},{"data":"3","floor":49,"key":"LIFT"},{"data":"Discovery","floor":52,"key":"SMITH"}],"circlet_count":0,"master_deck":["Bash","Demon Form+1","Cleave+1","Ghostly Armor","Armaments+1","Sword Boomerang","Seeing Red","Brutality","Reaper","Corruption","Intimidate+1","Heavy Blade+1","Thunderclap+1","Feel No Pain+1","Battle Trance+1","Ghostly Armor+1","True Grit+1","Feel No Pain","Shame","Barricade","Power Through","Sever Soul+1","Metallicize","Intimidate+1","Juggernaut","Dropkick","Intimidate+1","Power Through","Feel No Pain","Anger","Pummel","Armaments","Iron Wave","Brutality","Body Slam","Offering","Armaments+1","PanicButton","PanicButton","Reaper","Disarm+1","Power Through+1","Discovery+1","Dual Wield","Second Wind"],"relics":["Burning Blood","Potion Belt","Whetstone","PreservedInsect","Nunchaku","Coffee Dripper","Orrery","Torii","Nilry\u0027s Codex","Girya","Paper Frog","Pocketwatch","Pandora\u0027s Box","Mercury Hourglass","Thread and Needle","DollysMirror","War Paint","Meat on the Bone","Oddly Smooth Stone"],"acts_visited":["Exordium","TheCity","TheBeyond","TheEnding"],"potions_floor_usage":[55],"damage_taken":[{"damage":6.0,"enemies":"Cultist","floor":1.0,"turns":3.0},{"damage":2.0,"enemies":"2 Louse","floor":2.0,"turns":3.0},{"damage":15.0,"enemies":"Jaw Worm","floor":4.0,"turns":4.0},{"damage":7.0,"enemies":"2 Fungi Beasts","floor":5.0,"turns":4.0},{"damage":6.0,"enemies":"Blue Slaver","floor":8.0,"turns":4.0},{"damage":4.0,"enemies":"Large Slime","floor":10.0,"turns":8.0},{"damage":13.0,"enemies":"Lagavulin","floor":11.0,"turns":6.0},{"damage":17.0,"enemies":"Gremlin Nob","floor":12.0,"turns":4.0},{"damage":18.0,"enemies":"3 Sentries","floor":14.0,"turns":3.0},{"damage":1.0,"enemies":"Slime Boss","floor":16.0,"turns":4.0},{"damage":20.0,"enemies":"Shell Parasite","floor":18.0,"turns":7.0},{"damage":21.0,"enemies":"Spheric Guardian","floor":19.0,"turns":6.0},{"damage":64.0,"enemies":"Slavers","floor":23.0,"turns":9.0},{"damage":42.0,"enemies":"Snake Plant","floor":25.0,"turns":10.0},{"damage":26.0,"enemies":"Centurion and Healer","floor":27.0,"turns":14.0},{"damage":15.0,"enemies":"Snecko","floor":28.0,"turns":16.0},{"damage":32.0,"enemies":"Gremlin Leader","floor":29.0,"turns":8.0},{"damage":17.0,"enemies":"Shelled Parasite and Fungi","floor":31.0,"turns":8.0},{"damage":5.0,"enemies":"Automaton","floor":33.0,"turns":9.0},{"damage":2.0,"enemies":"Orb Walker","floor":35.0,"turns":3.0},{"damage":34.0,"enemies":"3 Shapes","floor":36.0,"turns":7.0},{"damage":17.0,"enemies":"Spire Growth","floor":38.0,"turns":6.0},{"damage":31.0,"enemies":"4 Shapes","floor":39.0,"turns":10.0},{"damage":78.0,"enemies":"Nemesis","floor":40.0,"turns":25.0},{"damage":7,"enemies":"Mind Bloom Boss Battle","floor":41,"turns":12},{"damage":35,"enemies":"Sphere and 2 Shapes","floor":45,"turns":10},{"damage":9,"enemies":"Giant Head","floor":46,"turns":6},{"damage":12,"enemies":"3 Darklings","floor":47,"turns":12},{"damage":45,"enemies":"Donu and Deca","floor":50,"turns":10},{"damage":15,"enemies":"Shield and Spear","floor":54,"turns":10},{"damage":36,"enemies":"The Heart","floor":55,"turns":10}],"seed_played":"-955024092948100239","potions_obtained":[{"floor":1.0,"key":"Ancient Potion"},{"floor":2.0,"key":"BloodPotion"},{"floor":10.0,"key":"SteroidPotion"},{"floor":14.0,"key":"FairyPotion"},{"floor":16.0,"key":"Dexterity Potion"},{"floor":18.0,"key":"LiquidBronze"},{"floor":27.0,"key":"Energy Potion"},{"floor":35.0,"key":"BloodPotion"},{"floor":41,"key":"EssenceOfSteel"},{"floor":46,"key":"Energy Potion"},{"floor":47,"key":"BloodPotion"}],"is_trial":false,"path_per_floor":["M","M","?","M","M","?","R","M","T","M","E","?","?","E","R","B",null,"M","M","$","?","?","E","$","M","T","M","M","E","R","M","R","B",null,"M","M","?","M","M","E","?","$","T","R","M","E","M","?","R","B",null,"R","$","E","B",null],"character_chosen":"IRONCLAD","items_purchased":["Orrery","Torii","Feel No Pain","PanicButton","DollysMirror","Reaper","Dual Wield"],"campfire_rested":0,"item_purchase_floors":[20,20,20,42,42,42,53],"current_hp_per_floor":[72,72,72,63,62,51,51,51,51,53,46,35,35,23,23,28,72,70,55,55,39,39,60,60,52,52,72,72,72,72,72,72,72,72,72,72,72,72,72,72,72,72,72,72,72,72,72,62,62,72,72,72,72,72,72],"gold":73,"neow_bonus":"THREE_RARE_CARDS","is_daily":false,"chose_seed":false,"campfire_upgraded":3,"win_rate":0.0,"timestamp":1607677848,"path_taken":["M","M","?","?","M","?","R","M","T","M","E","?","?","E","R","BOSS","M","M","$","?","?","E","?","M","T","M","M","E","R","M","R","BOSS","M","M","?","M","M","E","?","$","T","R","M","E","?","?","R","BOSS","R","$","E","BOSS"],"items_purchased_type":["Relic","Relic","Card","Card","Relic","Card","Card"],"build_version":"2020-11-30","purchased_purges":0,"victory":true,"max_hp_per_floor":[72,72,72,72,72,72,72,72,72,72,72,72,72,72,72,72,72,72,72,72,72,72,72,72,72,72,72,72,72,72,72,72,72,72,72,72,72,72,72,72,72,72,72,72,72,72,72,72,72,72,72,72,72,72,72],"relic_stats":{"Nunchaku":[17],"Torii":35,"counters":[31,251],"Pandora\u0027s Box":["Dropkick","Intimidate","Power Through","Feel No Pain","Anger","Pummel","Armaments","Iron Wave","Brutality"],"PreservedInsect":356,"Whetstone":["Strike_R","Strike_R"],"War Paint":["Intimidate","True Grit"],"obtain_stats":[{"Potion Belt":9,"Girya":22,"Torii":20,"Nilry\u0027s Codex":21,"Oddly Smooth Stone":54,"Thread and Needle":41,"PreservedInsect":12,"Whetstone":11,"War Paint":43,"Burning Blood":0,"Mercury Hourglass":40,"Nunchaku":14,"DollysMirror":42,"Orrery":20,"Pandora\u0027s Box":34,"Coffee Dripper":17,"Paper Frog":23,"Pocketwatch":29,"Meat on the Bone":46},{"Potion Belt":5,"Girya":12,"Torii":12,"Nilry\u0027s Codex":12,"Oddly Smooth Stone":30,"Thread and Needle":25,"PreservedInsect":8,"Whetstone":7,"War Paint":25,"Burning Blood":0,"Mercury Hourglass":24,"Nunchaku":9,"DollysMirror":25,"Orrery":12,"Pandora\u0027s Box":19,"Coffee Dripper":10,"Paper Frog":13,"Pocketwatch":17,"Meat on the Bone":27},{"Potion Belt":18,"Girya":56,"Torii":56,"Nilry\u0027s Codex":56,"Oddly Smooth Stone":241,"Thread and Needle":193,"PreservedInsect":36,"Whetstone":32,"War Paint":193,"Burning Blood":0,"Mercury Hourglass":181,"Nunchaku":39,"DollysMirror":193,"Orrery":56,"Pandora\u0027s Box":130,"Coffee Dripper":43,"Paper Frog":65,"Pocketwatch":113,"Meat on the Bone":209}],"Burning Blood":88,"Pocketwatch":[186],"Mercury Hourglass":[252],"Meat on the Bone":0},"card_choices":[{"not_picked":["Corruption","Impervious"],"picked":"Demon Form","floor":0.0},{"not_picked":["Rampage","Warcry"],"picked":"Cleave","floor":1.0},{"not_picked":["Perfected Strike","Wild Strike","Rupture"],"picked":"SKIP","floor":2.0},{"not_picked":["Rage","Warcry"],"picked":"Ghostly Armor","floor":4.0},{"not_picked":["Sentinel","Flex","True Grit"],"picked":"SKIP","floor":5.0},{"not_picked":["Iron Wave","Clash"],"picked":"Armaments","floor":8.0},{"not_picked":["Disarm","Thunderclap"],"picked":"Sword Boomerang","floor":10.0},{"not_picked":["Armaments","Havoc"],"picked":"Seeing Red","floor":11.0},{"not_picked":["Warcry","Perfected Strike"],"picked":"Brutality","floor":12.0},{"not_picked":["Blood for Blood","Twin Strike"],"picked":"Reaper","floor":14.0},{"not_picked":["Immolate","Fiend Fire"],"picked":"Corruption","floor":16.0},{"not_picked":["Clash+1","Clothesline"],"picked":"Intimidate+1","floor":18.0},{"not_picked":["Combust+1","Anger"],"picked":"Heavy Blade+1","floor":19.0},{"not_picked":["Combust+1","Cleave+1"],"picked":"Thunderclap+1","floor":20.0},{"not_picked":["Rampage","Body Slam"],"picked":"Feel No Pain+1","floor":20.0},{"not_picked":["Ghostly Armor","Rage"],"picked":"Battle Trance+1","floor":20.0},{"not_picked":["Whirlwind","Wild Strike"],"picked":"Ghostly Armor+1","floor":20.0},{"not_picked":["Metallicize","Burning Pact"],"picked":"True Grit","floor":20.0},{"not_picked":["Infernal Blade","Hemokinesis+1"],"picked":"Barricade","floor":23.0},{"not_picked":["Ghostly Armor","Combust"],"picked":"Power Through","floor":25.0},{"not_picked":["Wild Strike+1","Dark Embrace"],"picked":"Sever Soul+1","floor":27.0},{"not_picked":["True Grit","Anger"],"picked":"Metallicize","floor":28.0},{"not_picked":["Thunderclap","Brutality","Pommel Strike"],"picked":"SKIP","floor":29.0},{"not_picked":["Sword Boomerang","Clash+1"],"picked":"Intimidate+1","floor":31.0},{"not_picked":["Immolate","Feed"],"picked":"Juggernaut","floor":33.0},{"not_picked":["Wild Strike","Clothesline","Whirlwind+1"],"picked":"SKIP","floor":35.0},{"not_picked":["Anger","Cleave+1","Flex+1"],"picked":"SKIP","floor":36.0},{"not_picked":["Combust","Pommel Strike"],"picked":"Body Slam","floor":38.0},{"not_picked":["Body Slam","Cleave","Twin Strike+1"],"picked":"SKIP","floor":39.0},{"not_picked":["Armaments","Barricade"],"picked":"Offering","floor":40.0},{"not_picked":["Wild Strike+1","Intimidate"],"picked":"Armaments+1","floor":41},{"not_picked":["Heavy Blade","Twin Strike","Flex"],"picked":"SKIP","floor":45},{"not_picked":["Power Through","Dark Embrace"],"picked":"Disarm+1","floor":46},{"not_picked":["Havoc","Flame Barrier"],"picked":"Power Through+1","floor":47},{"not_picked":["Dramatic Entrance","Mind Blast"],"picked":"Discovery","floor":48},{"not_picked":["Ghostly Armor","Thunderclap"],"picked":"Second Wind","floor":54}],"player_experience":3478563,"relics_obtained":[{"floor":9.0,"key":"Potion Belt"},{"floor":11.0,"key":"Whetstone"},{"floor":12.0,"key":"PreservedInsect"},{"floor":14.0,"key":"Nunchaku"},{"floor":21.0,"key":"Nilry\u0027s Codex"},{"floor":23.0,"key":"Paper Frog"},{"floor":29.0,"key":"Pocketwatch"},{"floor":40.0,"key":"Mercury Hourglass"},{"floor":41,"key":"Thread and Needle"},{"floor":43,"key":"War Paint"},{"floor":46,"key":"Meat on the Bone"},{"floor":54,"key":"Oddly Smooth Stone"}],"event_choices":[{"damage_healed":0.0,"max_hp_gain":0.0,"max_hp_loss":0.0,"gold_gain":0.0,"event_name":"Upgrade Shrine","player_choice":"Upgraded","floor":3.0,"gold_loss":0.0,"damage_taken":0.0,"cards_upgraded":["Demon Form"]},{"damage_healed":0.0,"max_hp_gain":0.0,"max_hp_loss":0.0,"gold_gain":75.0,"event_name":"World of Goop","player_choice":"Gather Gold","floor":6.0,"gold_loss":0.0,"damage_taken":11.0},{"damage_healed":0.0,"max_hp_gain":0.0,"max_hp_loss":0.0,"gold_gain":0.0,"event_name":"Dead Adventurer","player_choice":"Searched \u00271\u0027 times","floor":12.0,"gold_loss":0.0,"damage_taken":0.0},{"damage_healed":0.0,"max_hp_gain":0.0,"max_hp_loss":0.0,"gold_gain":0.0,"event_name":"Liars Game","player_choice":"Ignored","floor":13.0,"gold_loss":0.0,"damage_taken":0.0},{"damage_healed":0.0,"max_hp_gain":0.0,"max_hp_loss":0.0,"gold_gain":0.0,"event_name":"Cursed Tome","player_choice":"Obtained Book","floor":21.0,"gold_loss":0.0,"damage_taken":16.0},{"damage_healed":0.0,"max_hp_gain":0.0,"max_hp_loss":0.0,"gold_gain":0.0,"event_name":"Addict","player_choice":"Stole Relic","floor":22.0,"gold_loss":0.0,"damage_taken":0.0,"relics_obtained":["Girya"],"cards_obtained":["Shame"]},{"damage_healed":0.0,"max_hp_gain":0.0,"max_hp_loss":0.0,"gold_gain":0.0,"event_name":"Tomb of Lord Red Mask","player_choice":"Ignored","floor":37.0,"gold_loss":0.0,"damage_taken":0.0},{"damage_healed":0,"gold_gain":0,"player_choice":"Fight","damage_taken":0,"max_hp_gain":0,"max_hp_loss":0,"event_name":"MindBloom","floor":41,"gold_loss":0},{"damage_healed":0,"gold_gain":0,"player_choice":"Memory 3","damage_taken":10,"max_hp_gain":0,"max_hp_loss":0,"event_name":"SensoryStone","floor":48,"gold_loss":0}],"is_beta":false,"boss_relics":[{"not_picked":["SacredBark","Runic Dome"],"picked":"Coffee Dripper"},{"not_picked":["Sozu","Calling Bell"],"picked":"Pandora\u0027s Box"}],"items_purged_floors":[],"is_endless":false,"potions_floor_spawned":[1,2,10,14,16,18,19,27,31,35,41,46,47],"ascension_level":1}}