{"host":"p7j7o00jacnw7qzt","time":1607719919,"event":{"mods":["BaseMod","Colored Map","Colored Powertips","DeckTracker","Highlight Path","Minty Spire (QoL Compilation)","Relic Stats"],"gold_per_floor":[110,385,402,327,341,341,138,138,163,177,208,237,283,309,321,410,422,446,144,144,163,163,192,192,222,222,222,232,248,248,98,98,176,176,189,189,234,245,48,48,48,74,74,74,84,95,120,132,132,132,132,132,132,51,86,86],"floor_reached":57,"playtime":2999,"items_purged":["Strike_R","Strike_R","Strike_R","Strike_R"],"score":2970,"play_id":"f298ed45-5d38-48fb-af63-6f445ecaaf43","local_time":"20201211155159","is_ascension_mode":true,"campfire_choices":[{"data":"Second Wind","floor":6.0,"key":"SMITH"},{"data":"Rampage","floor":8.0,"key":"SMITH"},{"data":"Dark Embrace","floor":15.0,"key":"SMITH"},{"data":"Body Slam","floor":24.0,"key":"SMITH"},{"data":"Feel No Pain","floor":27.0,"key":"SMITH"},{"floor":32.0,"key":"RECALL"},{"data":"Offering","floor":40.0,"key":"SMITH"},{"data":"Disarm","floor":49.0,"key":"SMITH"},{"data":"Bash","floor":53.0,"key":"SMITH"}],"circlet_count":0,"master_deck":["AscendersBane","Defend_R","Defend_R","Defend_R","Defend_R","Bash+1","Second Wind+1","Shrug It Off","Rampage+1","Warcry","Power Through","Dark Embrace+1","Body Slam+1","Sentinel","Parasite","Disarm+1","Feel No Pain+1","Offering+1","Shrug It Off","Dark Embrace","Impervious"],"relics":["Black Blood","Akabeko","MawBank","Paper Frog","Philosopher\u0027s Stone","Lee\u0027s Waffle","Bag of Preparation","StrikeDummy","Lizard Tail","Centennial Puzzle","Self Forming Clay","Bottled Tornado","Nunchaku","Shuriken"],"acts_visited":["Exordium","TheCity","TheBeyond","TheEnding"],"potions_floor_usage":[],"damage_taken":[{"damage":6.0,"enemies":"Cultist","floor":1.0,"turns":3.0},{"damage":8.0,"enemies":"2 Louse","floor":3.0,"turns":2.0},{"damage":17.0,"enemies":"Jaw Worm","floor":5.0,"turns":4.0},{"damage":3.0,"enemies":"Looter","floor":10.0,"turns":4.0},{"damage":14.0,"enemies":"Lagavulin","floor":11.0,"turns":6.0},{"damage":4.0,"enemies":"Exordium Wildlife","floor":12.0,"turns":5.0},{"damage":27.0,"enemies":"3 Sentries","floor":13.0,"turns":11.0},{"damage":20.0,"enemies":"3 Louse","floor":14.0,"turns":4.0},{"damage":29.0,"enemies":"Slime Boss","floor":16.0,"turns":8.0},{"damage":28.0,"enemies":"3 Byrds","floor":18.0,"turns":8.0},{"damage":0.0,"enemies":"Spheric Guardian","floor":21.0,"turns":4.0},{"damage":7.0,"enemies":"Book of Stabbing","floor":23.0,"turns":5.0},{"damage":7.0,"enemies":"Slavers","floor":25.0,"turns":5.0},{"damage":15.0,"enemies":"Snecko","floor":28.0,"turns":6.0},{"damage":0.0,"enemies":"Sentry and Sphere","floor":29.0,"turns":5.0},{"damage":19.0,"enemies":"Automaton","floor":33.0,"turns":6.0},{"damage":6.0,"enemies":"3 Shapes","floor":35.0,"turns":2.0},{"damage":35.0,"enemies":"2 Orb Walkers","floor":37.0,"turns":5.0},{"damage":13.0,"enemies":"3 Darklings","floor":38.0,"turns":3.0},{"damage":11.0,"enemies":"Nemesis","floor":42.0,"turns":3.0},{"damage":6.0,"enemies":"4 Shapes","floor":45.0,"turns":1.0},{"damage":6.0,"enemies":"Jaw Worm Horde","floor":46.0,"turns":1.0},{"damage":6.0,"enemies":"Giant Head","floor":47.0,"turns":1.0},{"damage":6.0,"enemies":"Maw","floor":48.0,"turns":2.0},{"damage":6.0,"enemies":"Donu and Deca","floor":50.0,"turns":3.0},{"damage":6.0,"enemies":"Time Eater","floor":51.0,"turns":2.0},{"damage":38,"enemies":"Shield and Spear","floor":55,"turns":2},{"damage":11,"enemies":"The Heart","floor":56,"turns":6}],"seed_played":"4566111696083066152","potions_obtained":[{"floor":5.0,"key":"LiquidMemories"},{"floor":10.0,"key":"FearPotion"},{"floor":12.0,"key":"Regen Potion"},{"floor":14.0,"key":"LiquidMemories"},{"floor":16.0,"key":"ColorlessPotion"},{"floor":21.0,"key":"Energy Potion"},{"floor":23.0,"key":"Swift Potion"},{"floor":25.0,"key":"Weak Potion"},{"floor":37.0,"key":"AttackPotion"},{"floor":48.0,"key":"Fire Potion"}],"is_trial":false,"path_per_floor":["M","?","M","$","M","R","$","R","T","M","E","M","E","M","R","B",null,"M","$","?","M","?","E","R","E","T","R","M","M","?","$","R","B",null,"M","?","?","M","$","R","?","E","T","?","M","M","E","M","R","B","B",null,"R","$","E","B",null],"character_chosen":"IRONCLAD","items_purchased":["Rampage","Warcry","Lee\u0027s Waffle","Body Slam","Centennial Puzzle","Shrug It Off","Dark Embrace"],"campfire_rested":0,"item_purchase_floors":[7,7,19,19,39,39,54],"current_hp_per_floor":[75,75,73,73,62,62,62,62,62,65,57,59,53,39,39,16,66,44,89,89,89,89,88,88,87,87,87,78,84,84,84,84,71,85,89,89,66,65,65,65,65,66,66,66,72,78,84,85,85,85,85,85,85,85,59,60],"gold":86,"neow_bonus":"TEN_PERCENT_HP_BONUS","is_daily":false,"chose_seed":false,"campfire_upgraded":8,"win_rate":0.0,"timestamp":1607719919,"path_taken":["M","?","M","?","M","R","$","R","T","?","E","M","E","M","R","BOSS","M","$","?","?","?","E","R","E","T","R","M","M","?","?","R","BOSS","M","?","?","M","$","R","?","E","T","?","M","?","E","M","R","BOSS","BOSS","R","$","E","BOSS"],"items_purchased_type":["Card","Card","Relic","Card","Relic","Card","Card"],"build_version":"2020-11-30","purchased_purges":4,"victory":true,"max_hp_per_floor":[82,82,82,82,82,82,82,82,82,82,82,82,82,82,82,82,82,82,89,89,89,89,89,89,89,89,89,89,89,89,89,89,89,89,89,89,89,89,89,89,85,85,85,85,85,85,85,85,85,85,85,85,85,85,85,85],"relic_stats":{"Lee\u0027s Waffle":45,"Lizard Tail":0,"Centennial Puzzle":[27],"Nunchaku":[3],"counters":[28,117],"Self Forming Clay":[27],"Shuriken":[0],"Black Blood":215,"Bag of Preparation":[32],"MawBank":96,"obtain_stats":[{"Lee\u0027s Waffle":19,"Self Forming Clay":42,"Black Blood":34,"Bag of Preparation":23,"Bottled Tornado":43,"MawBank":11,"Burning Blood":0,"Akabeko":9,"Lizard Tail":37,"Centennial Puzzle":39,"Nunchaku":47,"Shuriken":55,"Philosopher\u0027s Stone":17,"StrikeDummy":25,"Paper Frog":13},{"Lee\u0027s Waffle":10,"Self Forming Clay":20,"Black Blood":16,"Bag of Preparation":12,"Bottled Tornado":20,"MawBank":5,"Burning Blood":0,"Akabeko":3,"Lizard Tail":18,"Centennial Puzzle":19,"Nunchaku":23,"Shuriken":27,"Philosopher\u0027s Stone":9,"StrikeDummy":13,"Paper Frog":7},{"Lee\u0027s Waffle":55,"Self Forming Clay":99,"Black Blood":86,"Bag of Preparation":64,"Bottled Tornado":99,"MawBank":19,"Burning Blood":0,"Akabeko":9,"Lizard Tail":93,"Centennial Puzzle":96,"Nunchaku":102,"Shuriken":111,"Philosopher\u0027s Stone":47,"StrikeDummy":69,"Paper Frog":35}]},"card_choices":[{"not_picked":["Pommel Strike","Shrug It Off"],"picked":"Second Wind","floor":1.0},{"not_picked":["Pommel Strike","Second Wind"],"picked":"Shrug It Off","floor":3.0},{"not_picked":["Headbutt","Iron Wave","Reckless Charge"],"picked":"SKIP","floor":5.0},{"not_picked":["Flame Barrier","Rampage"],"picked":"Power Through","floor":10.0},{"not_picked":["Armaments","Power Through","Inflame"],"picked":"SKIP","floor":11.0},{"not_picked":["Perfected Strike","Havoc","Sever Soul"],"picked":"SKIP","floor":12.0},{"not_picked":["Perfected Strike","Havoc","Sever Soul"],"picked":"SKIP","floor":12.0},{"not_picked":["Demon Form","Hemokinesis","Disarm"],"picked":"SKIP","floor":13.0},{"not_picked":["True Grit","Headbutt"],"picked":"Dark Embrace","floor":14.0},{"not_picked":["Havoc+1","Spot Weakness","Perfected Strike"],"picked":"SKIP","floor":18.0},{"not_picked":["Blood for Blood+1","Rupture"],"picked":"Sentinel","floor":21.0},{"not_picked":["Brutality","Warcry"],"picked":"Feel No Pain","floor":23.0},{"not_picked":["Twin Strike","Disarm","Power Through"],"picked":"SKIP","floor":25.0},{"not_picked":["Dual Wield","Cleave","Thunderclap+1"],"picked":"SKIP","floor":28.0},{"not_picked":["Spot Weakness","Perfected Strike","Whirlwind"],"picked":"SKIP","floor":29.0},{"not_picked":["Reaper","Demon Form"],"picked":"Offering","floor":33.0},{"not_picked":["Flame Barrier","Wild Strike","Sever Soul"],"picked":"SKIP","floor":35.0},{"not_picked":["Rampage+1","Fire Breathing","Armaments+1"],"picked":"SKIP","floor":38.0},{"not_picked":["Reaper","Bloodletting","Wild Strike"],"picked":"SKIP","floor":42.0},{"not_picked":["Reckless Charge","Headbutt","Twin Strike"],"picked":"SKIP","floor":45.0},{"not_picked":["Armaments","Anger+1","Iron Wave"],"picked":"SKIP","floor":46.0},{"not_picked":["Battle Trance","Perfected Strike","Armaments"],"picked":"SKIP","floor":47.0},{"not_picked":["Rupture+1","Twin Strike","Clothesline"],"picked":"SKIP","floor":48.0},{"not_picked":["Heavy Blade+1","Cleave+1"],"picked":"Impervious","floor":55}],"player_experience":777814,"relics_obtained":[{"floor":9.0,"key":"Akabeko"},{"floor":11.0,"key":"MawBank"},{"floor":13.0,"key":"Paper Frog"},{"floor":23.0,"key":"Bag of Preparation"},{"floor":25.0,"key":"StrikeDummy"},{"floor":37.0,"key":"Lizard Tail"},{"floor":42.0,"key":"Self Forming Clay"},{"floor":43.0,"key":"Bottled Tornado"},{"floor":47.0,"key":"Nunchaku"},{"floor":55,"key":"Shuriken"}],"event_choices":[{"damage_healed":0.0,"max_hp_gain":0.0,"max_hp_loss":0.0,"gold_gain":275.0,"event_name":"Golden Shrine","player_choice":"Desecrate","floor":2.0,"gold_loss":0.0,"damage_taken":0.0,"cards_obtained":["Regret"]},{"damage_healed":0.0,"max_hp_gain":0.0,"max_hp_loss":0.0,"gold_gain":0.0,"event_name":"Duplicator","player_choice":"Copied","floor":20.0,"gold_loss":0.0,"damage_taken":0.0,"cards_obtained":["Dark Embrace"]},{"damage_healed":0.0,"max_hp_gain":0.0,"max_hp_loss":0.0,"gold_gain":0.0,"cards_transformed":["Regret","Strike_R"],"event_name":"Drug Dealer","player_choice":"Became Test Subject","floor":22.0,"gold_loss":0.0,"damage_taken":0.0,"cards_obtained":["Parasite","Disarm"]},{"cards_removed":["Dark Embrace"],"damage_healed":0.0,"max_hp_gain":0.0,"max_hp_loss":0.0,"gold_gain":0.0,"event_name":"Falling","player_choice":"Removed Power","floor":36.0,"gold_loss":0.0,"damage_taken":0.0},{"damage_healed":0.0,"max_hp_gain":0.0,"max_hp_loss":0.0,"gold_gain":0.0,"event_name":"Mysterious Sphere","player_choice":"Fight","floor":37.0,"gold_loss":0.0,"damage_taken":0.0},{"damage_healed":0.0,"max_hp_gain":0.0,"max_hp_loss":4.0,"gold_gain":0.0,"event_name":"Winding Halls","player_choice":"Max HP","floor":41.0,"gold_loss":0.0,"damage_taken":0.0},{"damage_healed":0.0,"max_hp_gain":0.0,"max_hp_loss":0.0,"gold_gain":0.0,"event_name":"Tomb of Lord Red Mask","player_choice":"Ignored","floor":44.0,"gold_loss":0.0,"damage_taken":0.0}],"is_beta":false,"boss_relics":[{"not_picked":["SacredBark","Pandora\u0027s Box"],"picked":"Philosopher\u0027s Stone"},{"not_picked":["Astrolabe","Busted Crown"],"picked":"Black Blood"}],"items_purged_floors":[4,7,19,31],"is_endless":false,"potions_floor_spawned":[5,10,12,14,16,21,23,25,37,42,46,48],"ascension_level":20}}