{"host":"y76clbnovzmw9ubx","time":1607651450,"event":{"mods":["AchievementEnabler","BaseMod","Minty Spire (QoL Compilation)","Permanent Neow","Relic Stats"],"gold_per_floor":[112,132,132,144,158,188,188,221,248,248,348,382,409,409,409,486,486,501,501,519,519,26,61,81,112,112,138,138,138,151,184,184,184,184],"floor_reached":33,"playtime":2113,"items_purged":[],"score":717,"play_id":"87e80dee-0099-43d2-b9f3-82b2388d83bf","local_time":"20201210205050","is_ascension_mode":true,"campfire_choices":[{"floor":7,"key":"REST"},{"data":"Neutralize","floor":10,"key":"SMITH"},{"floor":15,"key":"REST"},{"floor":28,"key":"REST"},{"floor":32,"key":"REST"}],"circlet_count":0,"master_deck":["AscendersBane","Strike_G+1","Strike_G+1","Strike_G","Defend_G","Defend_G","Defend_G","Defend_G","Defend_G","Survivor","Neutralize+1","CurseOfTheBell","Endless Agony+1","Deadly Poison+1","Poisoned Stab+1","After Image","Dagger Spray+1","Flying Knee+1","Slice+1","Backflip","Predator+1","Catalyst","Corpse Explosion","Deadly Poison+1","Skewer+1","Leg Sweep","Leg Sweep+1","Footwork","Crippling Poison","Blur+1","Cloak And Dagger+1","Well Laid Plans","Footwork","Noxious Fumes","Backflip+1"],"relics":["Calling Bell","Tiny Chest","Molten Egg 2","Prayer Wheel","Smiling Mask","Blood Vial","Ancient Tea Set","Bag of Marbles","Matryoshka","Philosopher\u0027s Stone","PreservedInsect","TwistedFunnel","Omamori","Whetstone","Dream Catcher","Dead Branch","Ninja Scroll","Pen Nib","Peace Pipe","Sundial"],"acts_visited":["Exordium","TheCity"],"potions_floor_usage":[6,8,18,20,24,33],"damage_taken":[{"damage":6,"enemies":"Jaw Worm","floor":1,"turns":9},{"damage":0,"enemies":"Cultist","floor":2,"turns":4},{"damage":0,"enemies":"Small Slimes","floor":4,"turns":2},{"damage":2,"enemies":"Gremlin Gang","floor":5,"turns":5},{"damage":29,"enemies":"Lagavulin","floor":6,"turns":6},{"damage":10,"enemies":"3 Sentries","floor":8,"turns":7},{"damage":22,"enemies":"Lagavulin","floor":12,"turns":4},{"damage":5,"enemies":"Hexaghost","floor":16,"turns":9},{"damage":6,"enemies":"3 Byrds","floor":18,"turns":4},{"damage":25,"enemies":"Shell Parasite","floor":20,"turns":4},{"damage":13,"enemies":"Gremlin Leader","floor":23,"turns":3},{"damage":7,"enemies":"Shelled Parasite and Fungi","floor":24,"turns":2},{"damage":23,"enemies":"Slavers","floor":25,"turns":3},{"damage":0,"enemies":"Centurion and Healer","floor":30,"turns":2},{"damage":6,"enemies":"Book of Stabbing","floor":31,"turns":5},{"damage":59,"enemies":"Collector","floor":33,"turns":6}],"seed_played":"84062763280223437","potions_obtained":[{"floor":5,"key":"Explosive Potion"},{"floor":6,"key":"Swift Potion"},{"floor":8,"key":"Ancient Potion"},{"floor":16,"key":"LiquidBronze"},{"floor":18,"key":"Strength Potion"},{"floor":31,"key":"Poison Potion"}],"is_trial":false,"path_per_floor":["M","M","?","M","M","E","R","E","T","R","?","E","T","T","R","B",null,"M","?","M","?","$","E","M","E","T","T","R","?","M","E","R","B"],"character_chosen":"THE_SILENT","items_purchased":["PreservedInsect","Footwork","TwistedFunnel","Crippling Poison"],"campfire_rested":4,"item_purchase_floors":[22,22,22,22],"current_hp_per_floor":[53,53,53,53,51,22,41,31,31,31,31,11,11,11,30,27,56,52,52,29,42,42,31,26,5,5,5,24,24,26,22,41,0,0],"gold":184,"neow_bonus":"BOSS_RELIC","is_daily":false,"chose_seed":false,"campfire_upgraded":1,"win_rate":0.0,"timestamp":1607651450,"path_taken":["M","M","?","?","M","E","R","E","T","R","?","E","?","?","R","BOSS","M","?","M","?","$","E","M","E","T","?","R","?","M","E","R","BOSS"],"items_purchased_type":["Relic","Card","Relic","Card"],"build_version":"2020-11-30","purchased_purges":0,"victory":false,"max_hp_per_floor":[66,66,66,66,66,66,66,66,66,66,66,66,66,66,66,66,66,66,66,66,66,66,66,66,66,66,66,66,66,66,66,66,66,66],"relic_stats":{"counters":[16,75],"Dead Branch":[22],"PreservedInsect":132,"Pen Nib":[2],"Whetstone":["Strike_G","Strike_G"],"Smiling Mask":0,"Blood Vial":20,"Peace Pipe":0,"Dream Catcher":2,"Sundial":[0],"Tiny Chest":2,"Prayer Wheel":8,"obtain_stats":[{"TwistedFunnel":22,"Dead Branch":26,"PreservedInsect":22,"Pen Nib":27,"Omamori":23,"Whetstone":25,"Smiling Mask":6,"Ancient Tea Set":12,"Calling Bell":0,"Blood Vial":8,"Peace Pipe":29,"Dream Catcher":26,"Matryoshka":14,"Ninja Scroll":27,"Sundial":31,"Tiny Chest":0,"Molten Egg 2":0,"Prayer Wheel":0,"Philosopher\u0027s Stone":17,"Bag of Marbles":13,"Ring of the Snake":0},{"TwistedFunnel":10,"Dead Branch":13,"PreservedInsect":10,"Pen Nib":13,"Omamori":11,"Whetstone":13,"Smiling Mask":5,"Ancient Tea Set":7,"Calling Bell":0,"Blood Vial":6,"Peace Pipe":13,"Dream Catcher":13,"Matryoshka":7,"Ninja Scroll":13,"Sundial":15,"Tiny Chest":0,"Molten Egg 2":0,"Prayer Wheel":0,"Philosopher\u0027s Stone":8,"Bag of Marbles":7,"Ring of the Snake":0},{"TwistedFunnel":54,"Dead Branch":62,"PreservedInsect":54,"Pen Nib":62,"Omamori":57,"Whetstone":62,"Smiling Mask":26,"Ancient Tea Set":37,"Calling Bell":0,"Blood Vial":33,"Peace Pipe":62,"Dream Catcher":62,"Matryoshka":37,"Ninja Scroll":62,"Sundial":69,"Tiny Chest":0,"Molten Egg 2":0,"Prayer Wheel":0,"Philosopher\u0027s Stone":46,"Bag of Marbles":37,"Ring of the Snake":0}]},"card_choices":[{"not_picked":["Well Laid Plans","Underhanded Strike+1"],"picked":"Endless Agony+1","floor":1},{"not_picked":["Accuracy","Setup"],"picked":"Deadly Poison","floor":1},{"not_picked":["Distraction","Riddle With Holes+1"],"picked":"Poisoned Stab+1","floor":2},{"not_picked":["Prepared","Sucker Punch+1"],"picked":"After Image","floor":2},{"not_picked":["Outmaneuver","Slice+1"],"picked":"Dagger Spray+1","floor":4},{"not_picked":["Bouncing Flask","PiercingWail"],"picked":"Flying Knee+1","floor":4},{"not_picked":["Deadly Poison","Crippling Poison"],"picked":"Slice+1","floor":5},{"not_picked":["Underhanded Strike+1","Doppelganger"],"picked":"Backflip","floor":5},{"not_picked":["PiercingWail","Deadly Poison"],"picked":"Predator+1","floor":6},{"not_picked":["Backflip","Concentrate","Endless Agony+1"],"picked":"SKIP","floor":8},{"not_picked":["Flying Knee+1","Underhanded Strike+1"],"picked":"Catalyst","floor":12},{"not_picked":["Storm of Steel","Unload+1"],"picked":"Corpse Explosion","floor":16},{"not_picked":["Backflip","Blade Dance"],"picked":"Deadly Poison+1","floor":18},{"not_picked":["Slice+1","Infinite Blades","Deadly Poison"],"picked":"SKIP","floor":18},{"not_picked":["Escape Plan","Skewer+1"],"picked":"Leg Sweep+1","floor":20},{"not_picked":["Bane+1","Underhanded Strike+1","Reflex+1"],"picked":"SKIP","floor":20},{"not_picked":["Leg Sweep","Infinite Blades+1"],"picked":"Blur+1","floor":23},{"not_picked":["Tools of the Trade","Sucker Punch+1"],"picked":"Cloak And Dagger+1","floor":24},{"not_picked":["Deadly Poison","Slice+1","Predator+1"],"picked":"SKIP","floor":24},{"not_picked":["Deadly Poison","Slice+1","Predator+1"],"picked":"SKIP","floor":24},{"not_picked":["Backflip","Slice+1","Dagger Spray+1"],"picked":"SKIP","floor":25},{"not_picked":["Flying Knee+1","Sucker Punch+1"],"picked":"Well Laid Plans","floor":28},{"not_picked":["Slice+1","Blur"],"picked":"Footwork","floor":30},{"not_picked":["Blade Dance","Deadly Poison"],"picked":"Noxious Fumes","floor":30},{"not_picked":["Flechettes+1","Phantasmal Killer"],"picked":"Backflip+1","floor":31}],"player_experience":2805412,"relics_obtained":[{"floor":0,"key":"Tiny Chest"},{"floor":0,"key":"Molten Egg 2"},{"floor":0,"key":"Prayer Wheel"},{"floor":6,"key":"Smiling Mask"},{"floor":8,"key":"Blood Vial"},{"floor":12,"key":"Ancient Tea Set"},{"floor":13,"key":"Bag of Marbles"},{"floor":14,"key":"Matryoshka"},{"floor":23,"key":"Omamori"},{"floor":25,"key":"Whetstone"},{"floor":26,"key":"Dream Catcher"},{"floor":26,"key":"Dead Branch"},{"floor":27,"key":"Ninja Scroll"},{"floor":27,"key":"Pen Nib"},{"floor":31,"key":"Sundial"}],"event_choices":[{"damage_healed":0,"gold_gain":0,"player_choice":"Forge","damage_taken":0,"max_hp_gain":0,"max_hp_loss":0,"event_name":"Accursed Blacksmith","floor":3,"gold_loss":0,"cards_upgraded":["Deadly Poison"]},{"damage_healed":0,"gold_gain":100,"player_choice":"Gold","damage_taken":0,"max_hp_gain":0,"max_hp_loss":0,"event_name":"Wheel of Change","floor":11,"gold_loss":0},{"damage_healed":0,"gold_gain":0,"cards_transformed":["Strike_G","Strike_G"],"player_choice":"Became Test Subject","damage_taken":0,"max_hp_gain":0,"max_hp_loss":0,"event_name":"Drug Dealer","floor":19,"gold_loss":0,"cards_obtained":["Skewer","Leg Sweep"]},{"damage_healed":13,"gold_gain":0,"player_choice":"Heal","damage_taken":0,"max_hp_gain":0,"max_hp_loss":0,"event_name":"The Library","floor":21,"gold_loss":0},{"damage_healed":0,"gold_gain":0,"player_choice":"Opened","damage_taken":0,"relics_obtained":["Peace Pipe"],"max_hp_gain":0,"max_hp_loss":0,"event_name":"The Mausoleum","floor":29,"gold_loss":0,"cards_obtained":["Writhe"]}],"is_beta":false,"boss_relics":[{"not_picked":["Cursed Key","SlaversCollar"],"picked":"Philosopher\u0027s Stone"}],"items_purged_floors":[],"is_endless":false,"potions_floor_spawned":[5,6,8,16,18,31],"killed_by":"Collector","ascension_level":20}}