{"host":"qwv9nni2x0umspiu","time":1607664180,"event":{"mods":["BaseMod","Downfall","Minty Spire (QoL Compilation)","Replay The Spire","StSLib","The Hierophant","Wandering Minibosses"],"gold_per_floor":[112,112,112,131,131,131,161,161,161,191,208,133,167,179,179,254,254,270,270,270,290,300,295,295,299,326,345,167,199,204,215,215,271,271,332,332,49,49,88,88,123,123,123,123,186,186,215,275,275,225,225],"floor_reached":52,"playtime":1941,"items_purged":["hierophant:Strike_Hierophant","hierophant:Flagellation","ReplayTheSpireMod:Restless Dread"],"score":2080,"play_id":"b0f0bee6-b20e-4380-942c-9830e77c28d2","local_time":"20201210212300","is_ascension_mode":true,"campfire_choices":[{"data":"hierophant:ChurchCoffers","floor":6.0,"key":"SMITH"},{"data":"hierophant:Upheaval","floor":8.0,"key":"SMITH"},{"data":"hierophant:HammerAndAnvil","floor":15.0,"key":"SMITH"},{"data":"hierophant:Shelter","floor":24,"key":"SMITH"},{"data":"hierophant:ArchangelShield","floor":32,"key":"SMITH"},{"data":"hierophant:Alms","floor":40,"key":"SMITH"},{"data":"hierophant:HammerAndAnvil","floor":46,"key":"SMITH"},{"data":"hierophant:MirrorShield","floor":49,"key":"SMITH"}],"circlet_count":0,"master_deck":["AscendersBane","hierophant:ChurchCoffers+1","hierophant:HammerAndAnvil+1","hierophant:Upheaval+1","hierophant:Zeal","hierophant:DivineIntervention","hierophant:Purify","hierophant:ChurchCoffers+1","hierophant:Racketeering+1","hierophant:HammerAndAnvil+1","hierophant:MirrorShield","hierophant:ArchangelShield+1","hierophant:Smite","hierophant:BulkyChest","ReplayTheSpireMod:Doomed","Guardian:Aged","hierophant:Alms+1","hierophant:Racketeering","hierophant:MirrorShield+1"],"relics":["hierophant:PropheticMaskRelic","NeowsBlessing","Blood Vial","Mirror","Replay:Towering Pillar of Hats","TungstenRod","Black Star","Lantern","HornCleat","Blue Doll","Red Mask","Vajra","Meat on the Bone","Kintsugi","Bronze Scales","Shuriken","Replay:WaspNest"],"acts_visited":["Exordium","TheCity","TheBeyond"],"potions_floor_usage":[16,16,22,22],"damage_taken":[{"damage":0.0,"enemies":"Cultist","floor":1.0,"turns":1.0},{"damage":0.0,"enemies":"Small Slimes","floor":4.0,"turns":1.0},{"damage":0.0,"enemies":"3 Sentries","floor":7.0,"turns":2.0},{"damage":29.0,"enemies":"Gremlin Nob","floor":10.0,"turns":4.0},{"damage":7.0,"enemies":"Jaw Worm","floor":11.0,"turns":2.0},{"damage":0.0,"enemies":"Lagavulin","floor":13.0,"turns":3.0},{"damage":0.0,"enemies":"2 Fungi Beasts","floor":14.0,"turns":2.0},{"damage":0,"enemies":"Hexaghost","floor":16,"turns":3},{"damage":0,"enemies":"Spheric Guardian","floor":18,"turns":3},{"damage":0,"enemies":"Chosen","floor":21,"turns":2},{"damage":8,"enemies":"Centurion and Healer","floor":22,"turns":2},{"damage":0,"enemies":"Shelled Parasite and Fungi","floor":23,"turns":1},{"damage":0,"enemies":"Snake Plant","floor":25,"turns":2},{"damage":0,"enemies":"Cultist and Chosen","floor":27,"turns":1},{"damage":14,"enemies":"Book of Stabbing","floor":29,"turns":5},{"damage":9,"enemies":"Masked Bandits","floor":30,"turns":3},{"damage":5,"enemies":"Gremlin Leader","floor":31,"turns":4},{"damage":0,"enemies":"Automaton","floor":33,"turns":4},{"damage":0,"enemies":"Orb Walker","floor":35,"turns":2},{"damage":1,"enemies":"3 Darklings","floor":39,"turns":4},{"damage":0,"enemies":"R_Hoarder","floor":41,"turns":6},{"damage":0,"enemies":"Sphere and 2 Shapes","floor":45,"turns":1},{"damage":5,"enemies":"Writhing Mass","floor":47,"turns":2},{"damage":0,"enemies":"Spire Growth","floor":48,"turns":1},{"damage":0,"enemies":"Awakened One","floor":50,"turns":3},{"damage":0,"enemies":"Replay:Hell Engine","floor":51,"turns":1}],"seed_played":"7263359078341163784","potions_obtained":[{"floor":1.0,"key":"Weak Potion"},{"floor":10.0,"key":"LiquidMemories"},{"floor":11.0,"key":"Flashbang"},{"floor":13.0,"key":"DuplicationPotion"},{"floor":16,"key":"Swift Potion"},{"floor":18,"key":"SpeedPotion"},{"floor":23,"key":"Dexterity Potion"},{"floor":30,"key":"Elixir"},{"floor":33,"key":"PowerPotion"}],"is_trial":false,"path_per_floor":["M","?","$","M","?","R","E","R","T","E","M","$","E","M","R","B",null,"M","?","?","M","M","M","R","M","T","M","$","E","?","E","R","B",null,"M","?","$","$","M","R","E","$","T","?","M","R","M","M","R","B","B",null],"character_chosen":"HIEROPHANT","items_purchased":["hierophant:MirrorShield","Bronze Scales"],"campfire_rested":0,"item_purchase_floors":[28,37],"current_hp_per_floor":[68,68,68,68,61,61,61,61,61,34,29,29,31,33,33,35,65,67,67,67,69,63,65,65,67,67,69,69,57,50,47,47,49,69,71,71,71,71,72,72,74,74,74,74,75,75,70,72,72,74,75],"gold":225,"neow_bonus":"THREE_ENEMY_KILL","is_daily":false,"chose_seed":false,"campfire_upgraded":8,"win_rate":0.0,"timestamp":1607664180,"path_taken":["M","?","$","M","?","R","E","R","T","E","M","$","E","M","R","BOSS","M","?","?","?","M","M","R","?","T","M","$","E","?","E","R","BOSS","M","?","?","$","M","R","E","$","T","?","M","R","M","M","R","BOSS","BOSS"],"items_purchased_type":["Card","Relic"],"build_version":"2020-11-30","purchased_purges":3,"victory":true,"max_hp_per_floor":[75,75,75,75,75,75,75,75,75,75,75,75,75,75,75,75,75,75,75,75,75,75,75,75,75,75,75,75,75,75,75,75,75,75,75,75,75,75,75,75,75,75,75,75,75,75,75,75,75,75,75],"card_choices":[{"not_picked":["hierophant:Patience","hierophant:HolyVerse"],"picked":"hierophant:HammerAndAnvil","floor":1.0},{"not_picked":["hierophant:Shelter","hierophant:SecretStash"],"picked":"hierophant:Upheaval","floor":4.0},{"not_picked":["hierophant:Refuge","hierophant:Empathy"],"picked":"hierophant:Zeal","floor":7.0},{"not_picked":["hierophant:Refuge","hierophant:Batter","hierophant:Remorse"],"picked":"SKIP","floor":10.0},{"not_picked":["hierophant:Flagellation","hierophant:Endure"],"picked":"hierophant:Shelter","floor":11.0},{"not_picked":["hierophant:WrathOfGod","hierophant:DivineIntervention","hierophant:AuricBeam"],"picked":"SKIP","floor":13.0},{"not_picked":["hierophant:WrathOfGod","hierophant:AuricBeam"],"picked":"hierophant:DivineIntervention","floor":13.0},{"not_picked":["hierophant:AuricBeam","hierophant:Prophecy","hierophant:DisplayOfPower"],"picked":"SKIP","floor":14.0},{"not_picked":["hierophant:Upheaval","hierophant:OrnateJavelin+1","hierophant:FieryStrike"],"picked":"SKIP","floor":18},{"not_picked":["hierophant:RepressedViolence","hierophant:MorningPrayer+1","hierophant:Repentance"],"picked":"SKIP","floor":21},{"not_picked":["hierophant:Purify","hierophant:PassingBell","hierophant:Charity"],"picked":"SKIP","floor":22},{"not_picked":["hierophant:PassingBell","hierophant:AuricBeam"],"picked":"hierophant:Racketeering+1","floor":23},{"not_picked":["hierophant:RustyCrate","hierophant:Purify"],"picked":"hierophant:HammerAndAnvil","floor":25},{"not_picked":["hierophant:CursedGold+1","hierophant:PassingBell+1","hierophant:Flagellation"],"picked":"SKIP","floor":27},{"not_picked":["hierophant:Bribe","hierophant:FaithHealing"],"picked":"hierophant:ArchangelShield","floor":29},{"not_picked":["hierophant:Kindle","hierophant:ThreeLashes"],"picked":"hierophant:Smite","floor":30},{"not_picked":["hierophant:MorningPrayer","hierophant:FieryStrike","hierophant:Zeal"],"picked":"SKIP","floor":31},{"not_picked":["hierophant:Generosity","hierophant:Anathema"],"picked":"hierophant:BulkyChest","floor":33},{"not_picked":["hierophant:RecallFunds+1","hierophant:PassingBell","hierophant:Prophecy"],"picked":"SKIP","floor":35},{"not_picked":["hierophant:Purify","hierophant:Doubloon+1","hierophant:MorningPrayer"],"picked":"SKIP","floor":39},{"not_picked":["hierophant:Remorse","hierophant:Purify","hierophant:OrnateBuckler"],"picked":"SKIP","floor":41},{"not_picked":["hierophant:DisplayOfPower+1","hierophant:Charity"],"picked":"hierophant:Racketeering","floor":45},{"not_picked":["hierophant:HammerAndAnvil","hierophant:Zeal"],"picked":"hierophant:MirrorShield","floor":47},{"not_picked":["hierophant:RepressedViolence","hierophant:Dazzle","hierophant:Upheaval"],"picked":"SKIP","floor":48}],"player_experience":1267300,"relics_obtained":[{"floor":7.0,"key":"Blood Vial"},{"floor":9.0,"key":"Mirror"},{"floor":10.0,"key":"Replay:Towering Pillar of Hats"},{"floor":13.0,"key":"TungstenRod"},{"floor":26,"key":"Lantern"},{"floor":29,"key":"HornCleat"},{"floor":29,"key":"Blue Doll"},{"floor":30,"key":"Red Mask"},{"floor":31,"key":"Vajra"},{"floor":31,"key":"Meat on the Bone"},{"floor":41,"key":"Shuriken"},{"floor":41,"key":"Replay:WaspNest"}],"event_choices":[{"damage_healed":0.0,"max_hp_gain":0.0,"max_hp_loss":0.0,"gold_gain":0.0,"event_name":"Liars Game","player_choice":"Ignored","floor":2.0,"gold_loss":0.0,"damage_taken":0.0},{"cards_removed":["hierophant:Defend_Hierophant"],"damage_healed":0.0,"max_hp_gain":0.0,"max_hp_loss":0.0,"gold_gain":0.0,"event_name":"Golden Wing","player_choice":"Card Removal","floor":5.0,"gold_loss":0.0,"damage_taken":7.0},{"damage_healed":0,"gold_gain":0,"cards_transformed":["hierophant:Strike_Hierophant","hierophant:Strike_Hierophant"],"player_choice":"Became Test Subject","damage_taken":0,"max_hp_gain":0,"max_hp_loss":0,"event_name":"Drug Dealer","floor":19,"gold_loss":0,"cards_obtained":["hierophant:Flagellation","hierophant:Purify"]},{"damage_healed":0,"gold_gain":0,"player_choice":"Copied","damage_taken":0,"max_hp_gain":0,"max_hp_loss":0,"event_name":"Duplicator","floor":20,"gold_loss":0,"cards_obtained":["hierophant:ChurchCoffers"]},{"damage_healed":0,"gold_gain":0,"player_choice":"Fought Bandits","damage_taken":0,"max_hp_gain":0,"max_hp_loss":0,"event_name":"Masked Bandits","floor":30,"gold_loss":0},{"damage_healed":0,"gold_gain":0,"player_choice":"2 cards matched","damage_taken":0,"max_hp_gain":0,"max_hp_loss":0,"event_name":"Match and Keep!","floor":36,"gold_loss":0,"cards_obtained":["ReplayTheSpireMod:Restless Dread","hierophant:Alms"]},{"cards_removed":["hierophant:Shelter"],"damage_healed":0,"gold_gain":0,"player_choice":"Removed Skill","damage_taken":0,"max_hp_gain":0,"max_hp_loss":0,"event_name":"Falling","floor":44,"gold_loss":0}],"is_beta":false,"boss_relics":[{"not_picked":["ChewingGum","Cursed Key"],"picked":"Black Star"},{"not_picked":["Philosopher\u0027s Stone","SacredBark"],"picked":"Kintsugi"}],"items_purged_floors":[12,28,37],"is_endless":false,"potions_floor_spawned":[1,10,11,13,16,18,23,30,33,39,45,47,48],"ascension_level":20}}