{"host":"ygqjzatmv950topu","time":1607665726,"event":{"mods":["Aspiration","BaseMod","Colored Map","Colored Powertips","Downfall","Jorbs\u0027s Wanderer Trilogy","Minty Spire (QoL Compilation)","StSLib","The Hierophant"],"gold_per_floor":[114,114,124,124,144,170,186,199,251,216,230,405,30,50,50,155,155,168,184,201,221,154,180,180,180,206,224,224,224],"floor_reached":28,"playtime":1749,"items_purged":["Doubt"],"score":329,"play_id":"ae9b114d-98c6-4de4-a580-40d5352c5514","local_time":"20201210214846","is_ascension_mode":true,"campfire_choices":[{"floor":15,"key":"REST"},{"floor":25,"key":"REST"}],"circlet_count":0,"master_deck":["Strike_R","Strike_R","Strike_R","Defend_R","Defend_R","Defend_R","Defend_R","Bash","Iron Wave","Flex","Body Slam+1","Cleave+1","Sword Boomerang+1","Headbutt+1","Searing Blow+1","Pummel+1","Spot Weakness","Barricade","Cleave+1","Anger+1","Anger+1","Feed+1","Twin Strike+1","Feed+1","Thunderclap+1"],"relics":["Black Blood","Molten Egg 2","Letter Opener","Bag of Preparation","Akabeko","Toolbox","Toy Ornithopter","aspiration:HiddenCompartment"],"acts_visited":["Exordium","TheCity"],"potions_floor_usage":[19,23,23,23,23,23,23,23,27,28],"damage_taken":[{"damage":5,"enemies":"Small Slimes","floor":1,"turns":3},{"damage":3,"enemies":"Jaw Worm","floor":3,"turns":6},{"damage":8,"enemies":"2 Louse","floor":5,"turns":3},{"damage":20,"enemies":"Lagavulin","floor":6,"turns":5},{"damage":16,"enemies":"Exordium Wildlife","floor":7,"turns":4},{"damage":25,"enemies":"Exordium Thugs","floor":8,"turns":5},{"damage":2,"enemies":"Large Slime","floor":11,"turns":4},{"damage":0,"enemies":"Blue Slaver","floor":14,"turns":2},{"damage":33,"enemies":"The Guardian","floor":16,"turns":12},{"damage":6,"enemies":"Spheric Guardian","floor":18,"turns":3},{"damage":9,"enemies":"Shell Parasite","floor":19,"turns":3},{"damage":21,"enemies":"Centurion and Healer","floor":20,"turns":3},{"damage":48,"enemies":"Snake Plant","floor":21,"turns":4},{"damage":14,"enemies":"Slavers","floor":23,"turns":3},{"damage":46,"enemies":"Shelled Parasite and Fungi","floor":27,"turns":5},{"damage":44,"enemies":"Book of Stabbing","floor":28,"turns":3}],"seed_played":"-2610915292788502856","potions_obtained":[{"floor":5,"key":"CultistPotion"},{"floor":8,"key":"AttackPotion"},{"floor":11,"key":"Ancient Potion"},{"floor":16,"key":"EntropicBrew"},{"floor":20,"key":"EntropicBrew"},{"floor":27,"key":"Fire Potion"}],"is_trial":false,"path_per_floor":["M","?","M","T","M","E","M","M","T","$","M","?","$","M","R","B",null,"M","M","M","M","$","E","?","R","T","M","E"],"character_chosen":"IRONCLAD","items_purchased":["Searing Blow+1","Akabeko","Toolbox","Feed+1"],"campfire_rested":2,"item_purchase_floors":[10,13,13,22],"current_hp_per_floor":[73,66,69,69,67,53,43,24,24,24,28,28,28,34,58,31,68,74,77,68,32,32,34,34,59,59,30,0,0],"gold":224,"neow_bonus":"REMOVE_CARD","is_daily":false,"chose_seed":false,"campfire_upgraded":0,"win_rate":0.0,"timestamp":1607665726,"path_taken":["M","?","M","?","M","E","M","M","T","?","M","?","$","M","R","BOSS","M","M","M","M","$","E","?","R","T","M","E"],"items_purchased_type":["Undefined","Relic","Relic","Undefined"],"build_version":"2020-11-30","purchased_purges":1,"victory":false,"max_hp_per_floor":[80,80,80,80,80,80,80,80,80,80,80,80,80,80,80,80,80,80,80,80,80,80,84,84,84,84,84,84,84],"card_choices":[{"not_picked":["True Grit","Rupture"],"picked":"Iron Wave","floor":1},{"not_picked":["Shrug It Off","Iron Wave"],"picked":"Flex","floor":3},{"not_picked":["Wild Strike+1","Second Wind"],"picked":"Body Slam+1","floor":5},{"not_picked":["Anger+1","Sever Soul+1"],"picked":"Cleave+1","floor":6},{"not_picked":["Perfected Strike+1","Second Wind"],"picked":"Sword Boomerang+1","floor":7},{"not_picked":["Twin Strike+1","Heavy Blade+1"],"picked":"Headbutt+1","floor":8},{"not_picked":["Hemokinesis+1","Heavy Blade+1"],"picked":"Pummel+1","floor":11},{"not_picked":["Ghostly Armor","Clothesline+1"],"picked":"Spot Weakness","floor":14},{"not_picked":["Brutality","Exhume"],"picked":"Barricade","floor":16},{"not_picked":["Iron Wave+1","Clothesline+1"],"picked":"Cleave+1","floor":18},{"not_picked":["Wild Strike+1","True Grit+1"],"picked":"Anger+1","floor":19},{"not_picked":["Second Wind","Carnage+1","Headbutt+1"],"picked":"SKIP","floor":20},{"not_picked":["Heavy Blade+1","Pummel+1"],"picked":"Anger+1","floor":21},{"not_picked":["Clothesline+1","Armaments"],"picked":"Twin Strike+1","floor":23},{"not_picked":["Iron Wave+1","Second Wind"],"picked":"Thunderclap+1","floor":27}],"player_experience":721860,"relics_obtained":[{"floor":4,"key":"Molten Egg 2"},{"floor":6,"key":"Letter Opener"},{"floor":9,"key":"Bag of Preparation"},{"floor":23,"key":"Toy Ornithopter"},{"floor":26,"key":"aspiration:HiddenCompartment"}],"event_choices":[{"cards_removed":["Strike_R"],"damage_healed":0,"gold_gain":0,"player_choice":"Card Removal","damage_taken":7,"max_hp_gain":0,"max_hp_loss":0,"event_name":"Golden Wing","floor":2,"gold_loss":0},{"damage_healed":0,"gold_gain":175,"player_choice":"AGREE","damage_taken":0,"max_hp_gain":0,"max_hp_loss":0,"event_name":"Liars Game","floor":12,"gold_loss":0,"cards_obtained":["Doubt"]},{"damage_healed":0,"gold_gain":0,"player_choice":"Copied","damage_taken":0,"max_hp_gain":0,"max_hp_loss":0,"event_name":"Duplicator","floor":24,"gold_loss":0,"cards_obtained":["Feed"]}],"is_beta":false,"boss_relics":[{"not_picked":["SacredBark","Velvet Choker"],"picked":"Black Blood"}],"items_purged_floors":[13],"is_endless":false,"potions_floor_spawned":[5,8,11,16,20,27],"killed_by":"Book of Stabbing","ascension_level":7}}