{"host":"no2mglyze6zxwn0s","time":1607696025,"event":{"mods":["BaseMod","BetterRewards","Colored Map","Downfall","Hermit","Hubris","Minty Spire (QoL Compilation)","StSLib","The Animator","The Bug Knight","The Construct","The Cursed","The Disciple","The Jungle","The Necromancer","The Senshi","The Servant 0.9.4","WarShipGirlsR/????R mod"],"gold_per_floor":[116,116,116,129,129,162,176,186,186,217,392,90,90,110,110,213,213,232,232,232,252,266,266,295,315,615,218,230,245,270,270,270,270,270],"floor_reached":33,"playtime":40445,"items_purged":["Doubt","Defend_W"],"score":347,"play_id":"e6351571-2151-4a9c-94f4-e831fa706919","local_time":"20201211081345","is_ascension_mode":false,"campfire_choices":[{"data":"Blood_Magic","floor":13,"key":"SMITH"},{"data":"Summon_Undead_Army","floor":15,"key":"SMITH"},{"data":"Violent_Necrosis","floor":23,"key":"SMITH"},{"floor":32,"key":"REST"}],"circlet_count":0,"master_deck":["Strike_W","Strike_W","Strike_W","Strike_W","Defend_W","Defend_W+1","Defend_W","Negative_Energy_Arrows","Bone_Wall","Violent_Necrosis+1","Negative_Energy_Javelin","Pandemic+1","Blood_Magic+1","Vampiric_Strike","Stop_Heart","Summon_Undead_Army+1","expansioncontent:DashGenerateEvil","Plague_Bolt","Summon_Death_Knight+1","Epidemic+1","Epidemic","Uncharnel+1","Summon_Undead_Army+1","Negative_Energy_Burst"],"relics":["Vampire_Amulet","NeowsBlessing","HollowMod:StagPassRelic","hubris:Icosahedron","Shuriken","Singing Bowl","Unceasing Top","Black Star","Enchiridion","theSenshi:SpiralHeartMoonRodRelic","War Paint","Old Coin","Strawberry","Pen Nib","Lantern"],"acts_visited":["Exordium","TheCity"],"potions_floor_usage":[27,33,33],"damage_taken":[{"damage":0,"enemies":"Small Slimes","floor":1,"turns":2},{"damage":0,"enemies":"Jaw Worm","floor":4,"turns":1},{"damage":0,"enemies":"HollowMod:MossKnight","floor":6,"turns":1},{"damage":0,"enemies":"2 Louse","floor":7,"turns":3},{"damage":3,"enemies":"Looter","floor":8,"turns":3},{"damage":29,"enemies":"Lagavulin","floor":10,"turns":7},{"damage":2,"enemies":"Large Slime","floor":14,"turns":5},{"damage":18,"enemies":"Hexaghost","floor":16,"turns":7},{"damage":0,"enemies":"Chosen","floor":18,"turns":4},{"damage":6,"enemies":"3 Byrds","floor":21,"turns":5},{"damage":14,"enemies":"Snake Plant","floor":22,"turns":4},{"damage":12,"enemies":"HollowMod:Nosk","floor":24,"turns":5},{"damage":2,"enemies":"Centurion and Healer","floor":25,"turns":3},{"damage":0,"enemies":"Snecko","floor":28,"turns":3},{"damage":8,"enemies":"Cultist and Chosen","floor":29,"turns":5},{"damage":58,"enemies":"Gremlin Leader","floor":30,"turns":5},{"damage":65,"enemies":"hubris:MusketHawk","floor":33,"turns":7}],"seed_played":"-6097311154213231113","potions_obtained":[{"floor":6,"key":"Dexterity Potion"},{"floor":14,"key":"SteroidPotion"},{"floor":16,"key":"SteroidPotion"},{"floor":25,"key":"PowerPotion"}],"is_trial":false,"path_per_floor":["M","?","?","M","?","E","M","M","T","E","?","$","R","M","R","B",null,"M","?","?","M","M","R","E","M","T","$","M","M","E","?","R","B"],"character_chosen":"NECROMANCER","items_purchased":["Summon_Undead_Army","expansioncontent:DashGenerateEvil","Strawberry","Summon_Undead_Army","Fruit Juice"],"campfire_rested":1,"item_purchase_floors":[12,12,27,27,27],"current_hp_per_floor":[75,50,50,52,57,59,63,62,62,37,37,37,37,40,40,27,80,80,64,64,66,56,56,46,52,52,64,72,72,26,26,56,0,0],"gold":270,"neow_bonus":"THREE_ENEMY_KILL","is_daily":false,"chose_seed":false,"campfire_upgraded":3,"win_rate":0.0,"timestamp":1607696025,"path_taken":["M","?","?","M","?","E","M","M","T","E","?","?","R","M","R","BOSS","M","?","?","M","M","R","E","M","T","$","?","M","E","?","R","BOSS"],"items_purchased_type":["Card","Card","Relic","Card","Potion"],"build_version":"2020-11-30","purchased_purges":2,"victory":false,"max_hp_per_floor":[75,75,75,75,80,80,80,80,80,80,80,80,80,80,80,80,80,80,80,80,82,84,84,84,84,84,96,98,98,100,100,100,100,100],"card_choices":[{"not_picked":["Consume_Illness","Bone_Bullets"],"picked":"Violent_Necrosis","floor":1},{"not_picked":["Chill_Blood","Bone_Bullets"],"picked":"Negative_Energy_Javelin","floor":4},{"not_picked":["Vampiric_Strike","Acid_Javelin"],"picked":"Pandemic","floor":6},{"not_picked":["Toxic_Smoke_Screen","Strike_from_Beyond"],"picked":"Blood_Magic","floor":7},{"not_picked":["Negative_Energy_Sphere","Bone_Spikes"],"picked":"Vampiric_Strike","floor":8},{"not_picked":["Finger_Of_Death","Uncharnel"],"picked":"Stop_Heart","floor":10},{"not_picked":["Scare","Death_March_Dance"],"picked":"Plague_Bolt","floor":14},{"not_picked":["Blood_Magic","Reap_The_Weak"],"picked":"Summon_Death_Knight","floor":16},{"not_picked":["Blood_Whip","Shackles_Of_Pain"],"picked":"Epidemic+1","floor":18},{"not_picked":["Plague_Bolt+1","Toxic_Smoke_Screen+1","Blood_Curse"],"picked":"Singing Bowl","floor":21},{"not_picked":["Blood_Whip","Negative_Energy_Javelin","Bone_Shift"],"picked":"Singing Bowl","floor":22},{"not_picked":["Vampiric_Strike","Summon_Death_Knight"],"picked":"Epidemic","floor":24},{"not_picked":["Vampiric_Strike+1","Bone_Spikes+1"],"picked":"Uncharnel+1","floor":25},{"not_picked":["Blood_Curse","Life_Tap","Slay_Living"],"picked":"Singing Bowl","floor":28},{"not_picked":["Bone_Armor+1","Negative_Energy_Javelin+1"],"picked":"Negative_Energy_Burst","floor":29},{"not_picked":["Blood_Whip","Bone_Bullets","Blood_Magic"],"picked":"Singing Bowl","floor":30}],"player_experience":839237,"relics_obtained":[{"floor":6,"key":"Shuriken"},{"floor":9,"key":"Singing Bowl"},{"floor":10,"key":"Unceasing Top"},{"floor":19,"key":"Enchiridion"},{"floor":24,"key":"theSenshi:SpiralHeartMoonRodRelic"},{"floor":24,"key":"War Paint"},{"floor":26,"key":"Old Coin"},{"floor":30,"key":"Pen Nib"},{"floor":30,"key":"Lantern"}],"event_choices":[{"damage_healed":0,"gold_gain":0,"player_choice":"Success","damage_taken":25,"relics_obtained":["HollowMod:StagPassRelic"],"max_hp_gain":0,"max_hp_loss":0,"event_name":"Scrap Ooze","floor":2,"gold_loss":0},{"damage_healed":0,"gold_gain":0,"player_choice":"Donut","damage_taken":0,"max_hp_gain":5,"max_hp_loss":0,"event_name":"Big Fish","floor":5,"gold_loss":0},{"damage_healed":0,"gold_gain":175,"player_choice":"AGREE","damage_taken":0,"max_hp_gain":0,"max_hp_loss":0,"event_name":"Liars Game","floor":11,"gold_loss":0,"cards_obtained":["Doubt"]},{"damage_healed":0,"gold_gain":0,"player_choice":"Obtained Book","damage_taken":16,"max_hp_gain":0,"max_hp_loss":0,"event_name":"Cursed Tome","floor":19,"gold_loss":0},{"damage_healed":0,"gold_gain":0,"player_choice":"Upgraded","damage_taken":0,"max_hp_gain":0,"max_hp_loss":0,"event_name":"Upgrade Shrine","floor":20,"gold_loss":0,"cards_upgraded":["Summon_Death_Knight"]},{"damage_healed":0,"gold_gain":0,"player_choice":"Ignored","damage_taken":0,"max_hp_gain":0,"max_hp_loss":0,"event_name":"Ghosts","floor":31,"gold_loss":0}],"is_beta":false,"boss_relics":[{"not_picked":["SacredBark","hubris:Backtick"],"picked":"Black Star"}],"items_purged_floors":[12,27],"is_endless":false,"potions_floor_spawned":[6,14,16,22,25],"killed_by":"hubris:MusketHawk","ascension_level":0}}