{"host":"ve1tu2pxpq596wfw","time":1607707142,"event":{"mods":["AchievementEnabler","BaseMod","Highlight Path","Infinite Spire","Minty Spire (QoL Compilation)","Random Character Button","Replay The Spire","Shop Mod","StSLib","The Blue Laboratory","The Jungle","Wandering Minibosses"],"gold_per_floor":[110,126,139,139,150,150,175,32,32,59,59,74,74,92,92,192,192,158,158,172,192,192,192],"floor_reached":22,"playtime":1857,"items_purged":[],"score":218,"play_id":"4d3a04e6-a748-4523-995f-951c9abc0625","local_time":"20201211171902","is_ascension_mode":true,"campfire_choices":[{"floor":6,"key":"REST"},{"floor":11,"key":"REST"},{"floor":15,"key":"RECALL"}],"circlet_count":0,"master_deck":["Strike_B","Strike_B","Strike_B","Strike_B","Defend_B","Defend_B","Defend_B","Defend_B","Zap","Dualcast","ReplayRNGCard","Double Energy","Barrage","Tempest","Cold Snap","White Noise","FIFO Queue","ReplayTheSpireMod:System Scan","Zap","Cold Snap","Discovery","ReplayTheSpireMod:Reroute Power","Mirror Shield","Capacitor","infinitespire:Oblivion","Stack","Go for the Eyes+1"],"relics":["Cracked Core","Emotion Chip","Du-Vu Doll","Sling","Boot","SlaversCollar"],"acts_visited":["Exordium","TheCity"],"potions_floor_usage":[10,14,21,21],"damage_taken":[{"damage":0,"enemies":"2 Louse","floor":1,"turns":2},{"damage":0,"enemies":"Cultist","floor":2,"turns":7},{"damage":0,"enemies":"Small Slimes","floor":3,"turns":3},{"damage":25,"enemies":"Gremlin Gang","floor":5,"turns":5},{"damage":35,"enemies":"3 Sentries","floor":7,"turns":9},{"damage":33,"enemies":"Gremlin Nob","floor":10,"turns":4},{"damage":0,"enemies":"Large Slime","floor":12,"turns":4},{"damage":0,"enemies":"Exordium Wildlife","floor":14,"turns":3},{"damage":22,"enemies":"Fading Forest","floor":16,"turns":11},{"damage":51,"enemies":"2 Thieves","floor":18,"turns":5},{"damage":18,"enemies":"Spheric Guardian","floor":20,"turns":4},{"damage":5,"enemies":"Chosen and Byrds","floor":21,"turns":6},{"damage":16,"enemies":"Snecko","floor":22,"turns":2}],"seed_played":"-3761995169858951710","potions_obtained":[{"floor":2,"key":"blueLaboratory:AbyssPotion"},{"floor":7,"key":"blueLaboratory:FruitPreserves"},{"floor":10,"key":"LiquidMemories"},{"floor":16,"key":"FocusPotion"},{"floor":18,"key":"blueLaboratory:CoolantVial"}],"is_trial":false,"path_per_floor":["M","M","M","?","M","R","E","$","T","E","R","M","?","M","R","B",null,"M","AVR","M","M","M"],"character_chosen":"DEFECT","items_purchased":["Sling"],"campfire_rested":2,"item_purchase_floors":[8],"current_hp_per_floor":[75,75,75,75,50,72,37,37,37,37,59,59,59,59,59,45,75,24,24,6,1,0,0],"gold":192,"neow_bonus":"ONE_RANDOM_RARE_CARD","is_daily":false,"chose_seed":false,"campfire_upgraded":0,"win_rate":0.0,"timestamp":1607707142,"path_taken":["M","M","M","?","?","R","E","$","T","E","R","M","?","M","R","BOSS","M","AVR","M","M","M"],"items_purchased_type":["Relic"],"build_version":"2020-11-30","purchased_purges":0,"victory":false,"max_hp_per_floor":[75,75,75,75,75,75,75,75,75,75,75,75,75,75,75,75,75,75,75,75,75,75,75],"card_choices":[{"not_picked":["Go for the Eyes","Sweeping Beam"],"picked":"Double Energy","floor":1},{"not_picked":["Glacier","Stack"],"picked":"Barrage","floor":2},{"not_picked":["Compile Driver","Time Bomb"],"picked":"Tempest","floor":3},{"not_picked":["Sweeping Beam","Hologram"],"picked":"Cold Snap","floor":5},{"not_picked":["Steam","Undo"],"picked":"White Noise","floor":7},{"not_picked":["Sweeping Beam","Aggregate"],"picked":"FIFO Queue","floor":10},{"not_picked":["Tempest","Storm"],"picked":"ReplayTheSpireMod:System Scan","floor":12},{"not_picked":["Turbo","Compile Driver"],"picked":"ReplayTheSpireMod:Reroute Power","floor":14},{"not_picked":["Core Surge","Meteor Strike"],"picked":"Mirror Shield","floor":16},{"not_picked":["Go for the Eyes","Self Repair"],"picked":"Capacitor","floor":18},{"not_picked":["Beam Cell+1","Sweeping Beam+1"],"picked":"Stack","floor":20},{"not_picked":["Hologram","Compile Driver"],"picked":"Go for the Eyes+1","floor":21}],"player_experience":192115,"relics_obtained":[{"floor":7,"key":"Du-Vu Doll"},{"floor":10,"key":"Boot"}],"event_choices":[{"damage_healed":0,"gold_gain":0,"player_choice":"Gave Potion","damage_taken":0,"relics_obtained":["Emotion Chip"],"max_hp_gain":0,"max_hp_loss":0,"event_name":"WeMeetAgain","floor":4,"gold_loss":0},{"damage_healed":0,"gold_gain":0,"player_choice":"3 cards matched","damage_taken":0,"max_hp_gain":0,"max_hp_loss":0,"event_name":"Match and Keep!","floor":13,"gold_loss":0,"cards_obtained":["Zap","Cold Snap","Discovery"]}],"is_beta":false,"boss_relics":[{"not_picked":["Black Star","Kintsugi"],"picked":"SlaversCollar"}],"items_purged_floors":[],"is_endless":false,"potions_floor_spawned":[2,7,10,16,18],"killed_by":"Snecko","ascension_level":2}}