{"host":"jp5zuhncy05b3fg7","time":1607730198,"event":{"mods":["BaseMod","Colored Map","Minty Spire (QoL Compilation)","Shade Mod","StSLib"],"gold_per_floor":[115,133,83,97,111,111,156,156,238,248,14,38,38,38,38,135,135,154,154,166,181,36,36,66,83,83,100,132,132,132,166,166,263,263,275,288,338,392,392,392,426,426,426,439,470,484,497,522,522,522],"floor_reached":51,"playtime":5256,"items_purged":[],"score":861,"play_id":"7823809c-27fd-4524-8f84-268ad0dbb9e0","local_time":"20201211184318","is_ascension_mode":true,"campfire_choices":[{"data":"Shade:AnimateDead","floor":6,"key":"SMITH"},{"data":"Shade:OminousRitual","floor":15,"key":"SMITH"},{"data":"Shade:OfferingToTheBeyond","floor":23,"key":"SMITH"},{"data":"Shade:DarkOfNight","floor":29,"key":"SMITH"},{"data":"Shade:SanguineRitual","floor":32,"key":"SMITH"},{"data":"Shade:GreaterAnimation","floor":40,"key":"SMITH"},{"data":"Shade:UnbarTheGrave","floor":42,"key":"SMITH"},{"data":"Shade:TouchOfTheGrave","floor":49,"key":"SMITH"}],"circlet_count":0,"master_deck":["Shade:AnimateDead+1","Shade:CarefulCut+1","Shade:DangerousRitual","Shade:GreyBargain","Shade:GraveStillness","Shade:ScuttlingHand","Shade:Frenzy","Shade:DarkOfNight+1","Shade:OminousRitual+1","Shade:AncientSpear","Shade:UnbarTheGrave+1","Shade:Brains+1","Shade:OfferingToTheBeyond+1","Shade:SanguineRitual+1","Shade:ClawBack+1","Shade:ExtraLimbs+1","Shade:GraveStillness+1","Shade:GreaterAnimation+1","Shade:FuneraryArmor","Shade:SkeletonHug","Shade:GreyBargain","Shade:ExtraLimbs","Shade:Putrefaction","Shade:TouchOfTheGrave+1","Shade:ScuttlingHand+1","Shade:Frenzy"],"relics":["Shade:YorickSkull","Pocketwatch","Art of War","Meat on the Bone","Odd Mushroom","Runic Pyramid","Eternal Feather","Bottled Tornado","Ornamental Fan","MutagenicStrength","Gambling Chip","Pandora\u0027s Box","Lizard Tail","Du-Vu Doll","Bronze Scales","Potion Belt","Unceasing Top","PreservedInsect","Torii"],"acts_visited":["Exordium","TheCity","TheBeyond"],"potions_floor_usage":[7,10,16,28,37,38,50,50,50,50],"damage_taken":[{"damage":0,"enemies":"Small Slimes","floor":1,"turns":3},{"damage":5,"enemies":"Jaw Worm","floor":2,"turns":4},{"damage":0,"enemies":"2 Louse","floor":4,"turns":3},{"damage":0,"enemies":"Large Slime","floor":5,"turns":6},{"damage":19,"enemies":"Gremlin Nob","floor":7,"turns":6},{"damage":0,"enemies":"Gremlin Gang","floor":10,"turns":3},{"damage":5,"enemies":"The Mushroom Lair","floor":12,"turns":3},{"damage":13,"enemies":"Hexaghost","floor":16,"turns":11},{"damage":19,"enemies":"2 Thieves","floor":18,"turns":3},{"damage":5,"enemies":"Shell Parasite","floor":20,"turns":4},{"damage":13,"enemies":"3 Cultists","floor":21,"turns":5},{"damage":21,"enemies":"Slavers","floor":24,"turns":5},{"damage":13,"enemies":"Snake Plant","floor":25,"turns":3},{"damage":2,"enemies":"Cultist and Chosen","floor":27,"turns":4},{"damage":13,"enemies":"Book of Stabbing","floor":28,"turns":4},{"damage":15,"enemies":"Gremlin Leader","floor":31,"turns":4},{"damage":6,"enemies":"Collector","floor":33,"turns":8},{"damage":0,"enemies":"3 Shapes","floor":35,"turns":3},{"damage":0,"enemies":"Orb Walker","floor":36,"turns":3},{"damage":2,"enemies":"Mind Bloom Boss Battle","floor":37,"turns":5},{"damage":10,"enemies":"2 Orb Walkers","floor":38,"turns":5},{"damage":30,"enemies":"Reptomancer","floor":41,"turns":6},{"damage":9,"enemies":"Writhing Mass","floor":44,"turns":3},{"damage":4,"enemies":"Giant Head","floor":45,"turns":6},{"damage":2,"enemies":"Maw","floor":46,"turns":5},{"damage":3,"enemies":"4 Shapes","floor":47,"turns":3},{"damage":17,"enemies":"Nemesis","floor":48,"turns":4},{"damage":3,"enemies":"Donu and Deca","floor":50,"turns":6}],"seed_played":"978690688882910897","potions_obtained":[{"floor":1,"key":"Dexterity Potion"},{"floor":2,"key":"ColorlessPotion"},{"floor":7,"key":"SkillPotion"},{"floor":24,"key":"GamblersBrew"},{"floor":25,"key":"SkillPotion"},{"floor":27,"key":"SpeedPotion"},{"floor":31,"key":"ColorlessPotion"},{"floor":35,"key":"Energy Potion"},{"floor":38,"key":"CultistPotion"},{"floor":44,"key":"DistilledChaos"},{"floor":45,"key":"SteroidPotion"}],"is_trial":false,"path_per_floor":["M","M","?","M","M","R","E","?","T","M","$","?","?","?","R","B",null,"M","?","M","M","$","R","E","M","T","M","E","R","?","E","R","B",null,"M","M","?","?","?","R","E","R","T","M","E","M","M","E","R","B",null],"character_chosen":"SHADE","items_purchased":["Shade:DarkOfNight","Shade:OminousRitual","Shade:OfferingToTheBeyond"],"campfire_rested":0,"item_purchase_floors":[11,11,22],"current_hp_per_floor":[65,60,60,60,60,60,41,8,8,20,20,27,32,18,18,17,70,51,51,46,45,45,45,36,35,35,45,44,56,56,41,53,47,70,70,70,68,58,58,70,40,55,55,46,42,40,37,32,47,44],"gold":522,"neow_bonus":"REMOVE_CARD","is_daily":false,"chose_seed":false,"campfire_upgraded":8,"win_rate":0.0,"timestamp":1607730198,"path_taken":["M","M","?","M","M","R","E","?","T","M","$","?","?","?","R","BOSS","M","?","M","M","$","R","E","M","T","M","E","R","?","E","R","BOSS","M","M","?","?","?","R","E","R","T","M","E","?","M","E","R","BOSS"],"items_purchased_type":["Card","Card","Card"],"build_version":"2020-11-30","purchased_purges":0,"victory":true,"max_hp_per_floor":[65,65,65,65,65,65,65,65,65,65,65,65,70,70,70,70,70,70,70,70,70,70,70,70,70,70,70,70,70,70,70,70,70,70,70,70,70,70,70,70,70,70,70,70,70,70,70,70,70,70],"card_choices":[{"not_picked":["Shade:FleshToFlesh","Shade:Asphyxiate"],"picked":"Shade:DangerousRitual","floor":1},{"not_picked":["Shade:Premonition","Shade:SkeletonHug","Shade:FingerOfDeath"],"picked":"SKIP","floor":2},{"not_picked":["Shade:BoneShards","Shade:SkeletonHug"],"picked":"Shade:GreyBargain","floor":4},{"not_picked":["Shade:GreyBargain","Shade:Awaken"],"picked":"Shade:GraveStillness","floor":5},{"not_picked":["Shade:GreyBargain","Shade:LyeBath"],"picked":"Shade:ScuttlingHand","floor":7},{"not_picked":["Shade:Trample","Shade:RitualOffering"],"picked":"Shade:Frenzy","floor":10},{"not_picked":["Shade:Trample","Shade:Frenzy"],"picked":"Shade:AncientSpear","floor":12},{"not_picked":["Shade:LichForm","Shade:MadHubris"],"picked":"Shade:UnbarTheGrave","floor":16},{"not_picked":["Shade:GreyBargain","Shade:FeralStrike+1"],"picked":"Shade:Brains+1","floor":18},{"not_picked":["Shade:GraveStillness","Shade:CallOfTheGrave","Shade:BoneShards"],"picked":"SKIP","floor":20},{"not_picked":["Shade:Trample+1","Shade:FleshOffering","Shade:GraveStillness"],"picked":"SKIP","floor":21},{"not_picked":["Shade:GreyBargain","Shade:OfferingToTheBeyond"],"picked":"Shade:SanguineRitual","floor":24},{"not_picked":["Shade:FingerOfDeath+1","Shade:GoDigging+1"],"picked":"Shade:ClawBack+1","floor":25},{"not_picked":["Shade:CoffinDance","Shade:FingerOfDeath"],"picked":"Shade:ExtraLimbs+1","floor":27},{"not_picked":["Shade:UnbarTheGrave","Shade:CommandSoldier"],"picked":"Shade:GraveStillness+1","floor":28},{"not_picked":["Shade:AncientSpear","Shade:Haruspicy","Shade:Excise"],"picked":"SKIP","floor":31},{"not_picked":["Shade:OneIsEnough","Shade:Coordination"],"picked":"Shade:GreaterAnimation","floor":33},{"not_picked":["Shade:FleshToFlesh","Shade:AuraOfUnlife+1","Shade:FreshBones+1"],"picked":"SKIP","floor":35},{"not_picked":["Shade:AncientSpear","Shade:FleshToFlesh","Shade:WallOfFlesh"],"picked":"SKIP","floor":36},{"not_picked":["Shade:Bonestorm+1","Shade:Frenzy"],"picked":"Shade:ScuttlingHand+1","floor":41},{"not_picked":["Shade:Excise","Shade:GreyBargain+1","Shade:LastGasp"],"picked":"SKIP","floor":44},{"not_picked":["Shade:Brains","Shade:AncientSpear+1"],"picked":"Shade:Frenzy","floor":45},{"not_picked":["Shade:FuneraryArmor","Shade:FleshToFlesh+1","Shade:GreyBargain+1"],"picked":"SKIP","floor":46},{"not_picked":["Shade:RitualOffering+1","Shade:Carnophage","Shade:AncientSpear"],"picked":"SKIP","floor":47},{"not_picked":["Shade:FuneraryArmor","Shade:AncientSpear","Shade:CommandSoldier"],"picked":"SKIP","floor":48}],"player_experience":169333,"relics_obtained":[{"floor":7,"key":"Pocketwatch"},{"floor":9,"key":"Meat on the Bone"},{"floor":12,"key":"Odd Mushroom"},{"floor":24,"key":"Eternal Feather"},{"floor":26,"key":"Bottled Tornado"},{"floor":28,"key":"Ornamental Fan"},{"floor":31,"key":"Gambling Chip"},{"floor":37,"key":"Lizard Tail"},{"floor":38,"key":"Du-Vu Doll"},{"floor":39,"key":"Bronze Scales"},{"floor":41,"key":"Potion Belt"},{"floor":43,"key":"Unceasing Top"},{"floor":45,"key":"PreservedInsect"},{"floor":48,"key":"Torii"}],"event_choices":[{"cards_removed":["Shade:Defend_Shade"],"damage_healed":0,"gold_gain":0,"player_choice":"Card Removal","damage_taken":0,"max_hp_gain":0,"max_hp_loss":0,"event_name":"The Cleric","floor":3,"gold_loss":50},{"damage_healed":0,"gold_gain":0,"player_choice":"Success","damage_taken":33,"relics_obtained":["Art of War"],"max_hp_gain":0,"max_hp_loss":0,"event_name":"Scrap Ooze","floor":8,"gold_loss":0},{"damage_healed":0,"gold_gain":0,"player_choice":"Fought Mushrooms","damage_taken":0,"max_hp_gain":0,"max_hp_loss":0,"event_name":"Mushrooms","floor":12,"gold_loss":0},{"damage_healed":0,"gold_gain":0,"player_choice":"Donut","damage_taken":0,"max_hp_gain":5,"max_hp_loss":0,"event_name":"Big Fish","floor":13,"gold_loss":0},{"damage_healed":0,"gold_gain":0,"player_choice":"Entered Light","damage_taken":14,"max_hp_gain":0,"max_hp_loss":0,"event_name":"Shining Light","floor":14,"gold_loss":0,"cards_upgraded":["Shade:Strike_Shade","Shade:CarefulCut"]},{"damage_healed":0,"gold_gain":0,"player_choice":"Ignored","damage_taken":0,"max_hp_gain":0,"max_hp_loss":0,"event_name":"Ghosts","floor":19,"gold_loss":0},{"damage_healed":0,"gold_gain":0,"player_choice":"Inject Mutagens","damage_taken":0,"relics_obtained":["MutagenicStrength"],"max_hp_gain":0,"max_hp_loss":0,"event_name":"Drug Dealer","floor":30,"gold_loss":0},{"damage_healed":0,"gold_gain":0,"player_choice":"Fight","damage_taken":0,"max_hp_gain":0,"max_hp_loss":0,"event_name":"MindBloom","floor":37,"gold_loss":0},{"damage_healed":0,"gold_gain":0,"player_choice":"Fight","damage_taken":0,"max_hp_gain":0,"max_hp_loss":0,"event_name":"Mysterious Sphere","floor":38,"gold_loss":0},{"damage_healed":0,"gold_gain":0,"player_choice":"Relic","damage_taken":0,"max_hp_gain":0,"max_hp_loss":0,"event_name":"Wheel of Change","floor":39,"gold_loss":0}],"is_beta":false,"boss_relics":[{"not_picked":["Snecko Eye","Fusion Hammer"],"picked":"Runic Pyramid"},{"not_picked":["Velvet Choker","Astrolabe"],"picked":"Pandora\u0027s Box"}],"items_purged_floors":[],"is_endless":false,"potions_floor_spawned":[1,2,7,24,25,27,31,35,38,44,45],"ascension_level":1}}