{"host":"7z347kdhnquy3q4q","time":1607725939,"event":{"mods":["Act Like it!","Aspiration","BaseMod","Hubris","Infinite Spire","Minty Spire (QoL Compilation)","Permanent Neow","Potionbrewer","Replay The Spire","Robot Space Explorer","StSLib","Wandering Minibosses","vexMod"],"gold_per_floor":[20,40,215,215,230,230,241,241,267,279,54,89,89,89,89,191,191,203,61,78,97,108,108,118,118,145,145,176,176,176,116,116,213,213,229,77,77,95,115,115,145,145,145,45,45,79,101,101,101,101],"floor_reached":51,"playtime":3297,"items_purged":["Doubt","Replay:Hysterical Blindness"],"score":795,"play_id":"4446afa5-e9cc-4e32-b343-e5a964b334e1","local_time":"20201211163219","is_ascension_mode":true,"campfire_choices":[{"data":"RobotSpaceExplorer:Explosion","floor":6.0,"key":"SMITH"},{"floor":8.0,"key":"REST"},{"data":"RobotSpaceExplorer:Asteroid","floor":13.0,"key":"SMITH"},{"floor":15.0,"key":"DIG"},{"floor":23.0,"key":"REST"},{"floor":25.0,"key":"REST"},{"floor":29,"key":"REST"},{"data":"Shame","floor":32,"key":"PURGE"},{"floor":40,"key":"REST"},{"floor":42,"key":"REST"},{"data":"RobotSpaceExplorer:Multitool","floor":49,"key":"SMITH"}],"circlet_count":0,"master_deck":["RobotSpaceExplorer:Strike","RobotSpaceExplorer:Strike+1","RobotSpaceExplorer:Defend","RobotSpaceExplorer:Defend","RobotSpaceExplorer:Scan","RobotSpaceExplorer:MiniLasers","RobotSpaceExplorer:Explosion+1","RobotSpaceExplorer:ScrapMissile","RobotSpaceExplorer:Jetpack","RobotSpaceExplorer:SelfCleaning","RobotSpaceExplorer:Probe","RobotSpaceExplorer:Asteroid+1","RobotSpaceExplorer:ShockMissile","RobotSpaceExplorer:Ammunition","RobotSpaceExplorer:Multitool+1","RobotSpaceExplorer:FreezeRay","RobotSpaceExplorer:Electroshield","RobotSpaceExplorer:SurgingShield+1","RobotSpaceExplorer:PlasmaMissile","RobotSpaceExplorer:GearShield","Hallucinations","Predator","Choke","infinitespire:Neurotoxin","RobotSpaceExplorer:FreezingShield","RobotSpaceExplorer:ChargingLaser","hubris:Fate","Bandage Up","hubris:MerchantsHand","RobotSpaceExplorer:Comet","RobotSpaceExplorer:ScrapToss+1","wanderingMiniBosses:FinaleOfPromise+1","RobotSpaceExplorer:Jetpack+1","RobotSpaceExplorer:Smokescreen+1","RobotSpaceExplorer:Accelerator","RobotSpaceExplorer:Discharger+1","RobotSpaceExplorer:JunkDive","RobotSpaceExplorer:MakeshiftVolley+1"],"relics":["RobotSpaceExplorer:RoboCore","hubris:Icosahedron","Dream Catcher","aspiration:Nostalgia","potionbrewer:PotionKit","MealTicket","hubris:Zylophone","Cursed Key","Replay:Rubber Ducky","hubris:CrystalStatue","Pen Nib","ReplayTheSpireMod:SealedPack","hubris:Potato","Nunchaku","wanderingMiniBosses:Blackblade","Art of War","Bag of Preparation","PreservedInsect"],"acts_visited":["Exordium","TheCity","TheBeyond"],"potions_floor_usage":[28,35,38,38,38,39,39,46,46,47,50],"damage_taken":[{"damage":0.0,"enemies":"2 Louse","floor":1.0,"turns":3.0},{"damage":0.0,"enemies":"Small Slimes","floor":2.0,"turns":2.0},{"damage":12.0,"enemies":"Jaw Worm","floor":5.0,"turns":2.0},{"damage":0.0,"enemies":"Exordium Wildlife","floor":7.0,"turns":3.0},{"damage":3.0,"enemies":"Large Slime","floor":10.0,"turns":4.0},{"damage":1.0,"enemies":"Replay:BlueRogue","floor":12.0,"turns":4.0},{"damage":36.0,"enemies":"Fading Forest","floor":16.0,"turns":11.0},{"damage":9.0,"enemies":"2 Thieves","floor":18.0,"turns":3.0},{"damage":2.0,"enemies":"Shell Parasite","floor":20.0,"turns":3.0},{"damage":20.0,"enemies":"Centurion and Healer","floor":21.0,"turns":6.0},{"damage":29.0,"enemies":"Shelled Parasite and Fungi","floor":22.0,"turns":8.0},{"damage":2.0,"enemies":"3 Cultists","floor":24.0,"turns":5.0},{"damage":23,"enemies":"Slavers","floor":28,"turns":5},{"damage":23,"enemies":"Champ","floor":33,"turns":7},{"damage":13,"enemies":"3 Shapes","floor":35,"turns":5},{"damage":9,"enemies":"3 Darklings","floor":38,"turns":6},{"damage":24,"enemies":"Maw","floor":39,"turns":3},{"damage":41,"enemies":"Reptomancer","floor":41,"turns":5},{"damage":0,"enemies":"Giant Head","floor":46,"turns":6},{"damage":0,"enemies":"Sphere and 2 Shapes","floor":47,"turns":5},{"damage":18,"enemies":"infinitespire:MassOfShapes","floor":50,"turns":4}],"seed_played":"-6608461131141982379","potions_obtained":[{"floor":1.0,"key":"Languid Potion"},{"floor":7.0,"key":"Ancient Potion"},{"floor":12.0,"key":"potionbrewer:NoxiousPotion"},{"floor":20.0,"key":"Adrenaline Potion"},{"floor":24.0,"key":"Explosive Potion"},{"floor":28,"key":"potionbrewer:AcidPotion"},{"floor":33,"key":"Regen Potion"},{"floor":35,"key":"RobotSpaceExplorer:PlasmaFlask"},{"floor":41,"key":"Strength Potion"}],"is_trial":false,"path_per_floor":["M","M","?","?","M","R","M","R","T","M","$","E","R","?","R","B",null,"M","$","M","M","M","R","M","R","T","?","E","R","T","?","R","B",null,"M","$","?","M","M","R","E","R","T","$","?","E","M","?","R","B",null],"character_chosen":"RobotSpaceExplorer","items_purchased":["aspiration:Nostalgia","RobotSpaceExplorer:Multitool","Nunchaku"],"campfire_rested":6,"item_purchase_floors":[11,19,36],"current_hp_per_floor":[68,68,68,68,56,56,56,75,75,72,72,71,71,71,71,43,67,58,73,71,51,22,44,42,64,64,64,41,63,63,63,63,40,66,57,72,65,60,41,63,37,59,59,74,74,75,75,75,75,61],"gold":101,"neow_bonus":"THREE_RARE_CARDS","is_daily":false,"chose_seed":false,"campfire_upgraded":3,"win_rate":0.0,"timestamp":1607725939,"path_taken":["M","M","?","?","M","R","M","R","T","M","$","E","R","?","R","BOSS","M","$","M","M","M","R","M","R","T","?","E","R","?","?","R","BOSS","M","$","?","M","M","R","E","R","T","?","?","E","M","?","R","BOSS"],"items_purchased_type":["Relic","Card","Relic"],"build_version":"2020-11-30","purchased_purges":2,"victory":true,"max_hp_per_floor":[75,75,75,75,75,75,75,75,75,75,75,75,75,75,75,75,75,75,75,75,75,75,75,75,75,75,75,75,75,75,75,75,75,75,75,75,75,75,75,75,75,75,75,75,75,75,75,75,75,75],"card_choices":[{"not_picked":["RobotSpaceExplorer:Wormhole","RobotSpaceExplorer:Exploration"],"picked":"RobotSpaceExplorer:Explosion","floor":0.0},{"not_picked":["RobotSpaceExplorer:Pulsar","RobotSpaceExplorer:RigExplosive"],"picked":"RobotSpaceExplorer:ScrapMissile","floor":1.0},{"not_picked":["RobotSpaceExplorer:ScrapShield","RobotSpaceExplorer:SlimeMissile"],"picked":"RobotSpaceExplorer:Jetpack","floor":2.0},{"not_picked":["RobotSpaceExplorer:FranticSearch","RobotSpaceExplorer:ImprovisedAttack"],"picked":"RobotSpaceExplorer:SelfCleaning","floor":5.0},{"not_picked":["RobotSpaceExplorer:SlimeMissile","RobotSpaceExplorer:Ammunition"],"picked":"RobotSpaceExplorer:Probe","floor":7.0},{"not_picked":["RobotSpaceExplorer:SurgingStrike","RobotSpaceExplorer:ShockKick","RobotSpaceExplorer:MetalStrike"],"picked":"SKIP","floor":10.0},{"not_picked":["RobotSpaceExplorer:Pulsar","RobotSpaceExplorer:ShovelStrike"],"picked":"RobotSpaceExplorer:Asteroid","floor":12.0},{"not_picked":["RobotSpaceExplorer:Wormhole","RobotSpaceExplorer:Comet"],"picked":"RobotSpaceExplorer:ShockMissile","floor":16.0},{"not_picked":["RobotSpaceExplorer:SwiftStep","RobotSpaceExplorer:ShovelStrike"],"picked":"RobotSpaceExplorer:Ammunition","floor":18.0},{"not_picked":["RobotSpaceExplorer:MiniDrones","RobotSpaceExplorer:SurgingStrike+1"],"picked":"RobotSpaceExplorer:FreezeRay","floor":20.0},{"not_picked":["RobotSpaceExplorer:MakeshiftVolley","RobotSpaceExplorer:ShockKick"],"picked":"RobotSpaceExplorer:Electroshield","floor":21.0},{"not_picked":["RobotSpaceExplorer:Counterblock","RobotSpaceExplorer:ShockKick"],"picked":"RobotSpaceExplorer:SurgingShield+1","floor":22.0},{"not_picked":["RobotSpaceExplorer:TurboDodge","RobotSpaceExplorer:FranticSearch"],"picked":"RobotSpaceExplorer:PlasmaMissile","floor":23.0},{"not_picked":["RobotSpaceExplorer:ScrapShield","RobotSpaceExplorer:GlueShot+1"],"picked":"RobotSpaceExplorer:GearShield","floor":24.0},{"not_picked":["RobotSpaceExplorer:Calculate+1","RobotSpaceExplorer:SlimeMissile"],"picked":"RobotSpaceExplorer:Wormhole","floor":28},{"not_picked":["RobotSpaceExplorer:MiniBoosters","RobotSpaceExplorer:Ammunition"],"picked":"RobotSpaceExplorer:FreezingShield","floor":29},{"not_picked":["RobotSpaceExplorer:Accelerator","RobotSpaceExplorer:Multitool"],"picked":"RobotSpaceExplorer:ChargingLaser","floor":33},{"not_picked":["infinitespire:FinalStrike","ReplayTheSpireMod:??????????????????????"],"picked":"hubris:Fate","floor":34},{"not_picked":["Discovery","Panacea"],"picked":"Bandage Up","floor":34},{"not_picked":["RobotSpaceExplorer:Explosion","RobotSpaceExplorer:Asteroid"],"picked":"RobotSpaceExplorer:Exploration","floor":34},{"not_picked":["Bash","m_Survivalism"],"picked":"hubris:MerchantsHand","floor":34},{"not_picked":["RobotSpaceExplorer:FrostMissile+1","RobotSpaceExplorer:DoubleFind"],"picked":"RobotSpaceExplorer:Comet","floor":35},{"not_picked":["RobotSpaceExplorer:Probe+1","RobotSpaceExplorer:SurgingStrike"],"picked":"RobotSpaceExplorer:ScrapToss+1","floor":38},{"not_picked":[],"picked":"wanderingMiniBosses:FinaleOfPromise","floor":39},{"not_picked":["RobotSpaceExplorer:MiniDrones+1","RobotSpaceExplorer:Ammunition+1"],"picked":"RobotSpaceExplorer:Jetpack+1","floor":39},{"not_picked":["RobotSpaceExplorer:MiniDrones","RobotSpaceExplorer:ToxicBomb"],"picked":"RobotSpaceExplorer:Smokescreen+1","floor":40},{"not_picked":["RobotSpaceExplorer:ScrapToss","RobotSpaceExplorer:FreezingShield+1"],"picked":"RobotSpaceExplorer:Accelerator","floor":41},{"not_picked":["RobotSpaceExplorer:Counterblock","RobotSpaceExplorer:SwiftStep+1"],"picked":"RobotSpaceExplorer:Discharger+1","floor":42},{"not_picked":["RobotSpaceExplorer:Probe+1","RobotSpaceExplorer:DoubleBlock"],"picked":"RobotSpaceExplorer:JunkDive","floor":46},{"not_picked":["RobotSpaceExplorer:JunkDive","RobotSpaceExplorer:SwiftStep"],"picked":"RobotSpaceExplorer:MakeshiftVolley+1","floor":47}],"player_experience":1817362,"relics_obtained":[{"floor":9.0,"key":"Dream Catcher"},{"floor":12.0,"key":"MealTicket"},{"floor":15.0,"key":"hubris:Zylophone"},{"floor":26.0,"key":"Replay:Rubber Ducky"},{"floor":28,"key":"hubris:CrystalStatue"},{"floor":30,"key":"Pen Nib"},{"floor":35,"key":"hubris:Potato"},{"floor":39,"key":"wanderingMiniBosses:Blackblade"},{"floor":41,"key":"Art of War"},{"floor":43,"key":"Bag of Preparation"},{"floor":46,"key":"PreservedInsect"}],"event_choices":[{"damage_healed":0.0,"max_hp_gain":0.0,"max_hp_loss":0.0,"gold_gain":175.0,"event_name":"Liars Game","player_choice":"AGREE","floor":3.0,"gold_loss":0.0,"damage_taken":0.0,"cards_obtained":["Doubt"]},{"damage_healed":0,"gold_gain":0,"player_choice":"Damaged","damage_taken":7,"max_hp_gain":0,"max_hp_loss":0,"event_name":"Wheel of Change","floor":37,"gold_loss":0}],"is_beta":false,"boss_relics":[{"not_picked":["Ectoplasm","Velvet Choker"],"picked":"Cursed Key"},{"not_picked":["vexMod:ImprovementManual","Honey Jar"],"picked":"ReplayTheSpireMod:SealedPack"}],"items_purged_floors":[11,44],"is_endless":false,"potions_floor_spawned":[1,7,12,20,24,28,33,35,41],"ascension_level":6}}