{"host":"tm3ghj8mno6gwywm","time":1607645407,"event":{"mods":["2.2 Compatiblity","AchievementEnabler","Bard","BaseMod","Beaked The Cultist","Better Third Choice","Colored Map","Colored Powertips","Conspire","Downfall","Glutton Mod","GungeonMod","Halation","Hermit","Hubris","Infinite Spire","Jorbs\u0027s Wanderer Trilogy","Lobotomy","Mad Scientist","Marisa????????","Marked Mod","Mimic Mod","Minty Spire (QoL Compilation)","Potionbrewer","Quick Restart","READ ME - Guardian Mod","Replay The Spire","Shade Mod","Shop Mod","Somnambulant","Spicy Shops","StSLib","SuperFastMode","The Bug Knight","The Construct","The Cursed","The Disciple","The Factory","The Hierophant","The IronCluck","The Judge","The Jungle","The Necromancer","The Runesmith","The Servant 0.9.4","egg"],"gold_per_floor":[113,113,154,167,211,266,281,336,398,398,17,62,106,66,157,286,286,301,301,314,350,350,377,377,422,448,484,484,484,484,514,514,643,643,654,710,444,487,503,503,544,560,619,658,658,658,658,673,673,673,673,673,673,497,531,531],"floor_reached":57,"playtime":1970,"items_purged":[],"score":1283,"play_id":"5484b178-bef7-4471-8ce4-6240ee837506","local_time":"20201210191007","is_ascension_mode":false,"campfire_choices":[{"floor":10,"key":"RECALL"},{"floor":28,"key":"REST"},{"data":"Defend_MRS","floor":30,"key":"SMITH"},{"floor":32,"key":"REST"},{"floor":40,"key":"DIG"},{"floor":45,"key":"DIG"},{"floor":49,"key":"DIG"},{"floor":53,"key":"DIG"}],"circlet_count":0,"master_deck":["Strike_MRS","Strike_MRS+1","Strike_MRS+1","Strike_MRS","Defend_MRS+1","Defend_MRS+1","Defend_MRS","Defend_MRS","MasterSpark+1","UpSweep+1","WitchOfGreed+1","WitchLeyline+1","GasGiant+1","ManaConvection+1","MilkyWay+1","FinalSpark+1","Acceleration+1","Panache+1","ShootingEcho+1","WitchLeyline+1","Singularity+1","PowerUp+1","MagicAbsorber+1","WitchLeyline+1","WitchLeyline+1","DarkMatter+1","EscapeVelocity+1","DragonMeteor+1","Singularity+1","DarkSpark+1","PowerUp+1","GalacticHalo+1","SuperNova+1","WitchLeyline+1","Orbital+1","PowerUp+1"],"relics":["MiniHakkero","Lizard Tail","Mummified Hand","Black Star","Molten Egg 2","Toxic Egg 2","Frozen Egg 2","Quantum Egg","Membership Card","Gremlin Horn","DemoMod:WhiteGuonStone","Replay:Multitool","DemoMod:DecoyRelic","Potion Belt","potionbrewer:DrinkingBird","HollowMod:PaleOreRelic","potionbrewer:ToyAutogyro","Fusion Hammer","Replay:Rubber Ducky","Blue Doll","Whetstone","Replay:Mystery Machine","DemoMod:PoisonVial","Shovel","Anchor","Pear","infinitespire:Beetle Shell","Akabeko","halation:VictoryRuler","Toy Ornithopter","infinitespire:CursedDice","HandmadeGrimoire","HollowMod:StagPassRelic","DemoMod:MonsterBlood","Vajra","CaptainsWheel","hubris:DisguiseKit"],"acts_visited":["Exordium","TheCity","TheBeyond","TheEnding"],"potions_floor_usage":[6,8,8,16,16,33,33,33,50,50,56,56,56,56,56],"damage_taken":[{"damage":1,"enemies":"Jaw Worm","floor":1,"turns":4},{"damage":0,"enemies":"Cultist","floor":3,"turns":4},{"damage":0,"enemies":"conspire:RoseBush","floor":4,"turns":2},{"damage":0,"enemies":"conspire:2 RoseBushes","floor":5,"turns":3},{"damage":0,"enemies":"HollowMod:MossKnight","floor":6,"turns":6},{"damage":0,"enemies":"Looter","floor":7,"turns":2},{"damage":5,"enemies":"Replay:BlueRogue","floor":8,"turns":8},{"damage":0,"enemies":"Gremlin Gang","floor":9,"turns":6},{"damage":0,"enemies":"Gremlin Gang","floor":12,"turns":2},{"damage":2,"enemies":"Lots of Slimes","floor":13,"turns":2},{"damage":0,"enemies":"Fading Forest","floor":16,"turns":5},{"damage":2,"enemies":"2 Thieves","floor":18,"turns":3},{"damage":0,"enemies":"Spheric Guardian","floor":20,"turns":1},{"damage":23,"enemies":"Snecko","floor":21,"turns":5},{"damage":19,"enemies":"Book of Stabbing","floor":23,"turns":3},{"damage":0,"enemies":"conspire:HollyBat","floor":25,"turns":5},{"damage":0,"enemies":"Chosen and Byrds","floor":27,"turns":4},{"damage":13,"enemies":"HollowMod:Nosk","floor":31,"turns":2},{"damage":20,"enemies":"hubris:MusketHawk","floor":33,"turns":7},{"damage":0,"enemies":"3 Shapes","floor":35,"turns":3},{"damage":0,"enemies":"Orb Walker","floor":36,"turns":8},{"damage":0,"enemies":"Orb Walker","floor":38,"turns":2},{"damage":0,"enemies":"Transient","floor":39,"turns":5},{"damage":0,"enemies":"Jaw Worm Horde","floor":41,"turns":2},{"damage":0,"enemies":"4 Shapes","floor":42,"turns":3},{"damage":0,"enemies":"Spire Growth","floor":43,"turns":6},{"damage":0,"enemies":"Spire Growth","floor":44,"turns":4},{"damage":0,"enemies":"Writhing Mass","floor":48,"turns":3},{"damage":4,"enemies":"Replay:Hell Engine","floor":50,"turns":8},{"damage":0,"enemies":"Shield and Spear","floor":55,"turns":1},{"damage":33,"enemies":"The Heart","floor":56,"turns":7}],"seed_played":"-2357293503688592825","potions_obtained":[{"floor":1,"key":"potionbrewer:InfectionPotion"},{"floor":3,"key":"potionbrewer:InfectionPotion"},{"floor":4,"key":"Death Potion"},{"floor":5,"key":"potionbrewer:AcidPotion"},{"floor":6,"key":"Weak Potion"},{"floor":8,"key":"Guardian:BlockOnCardUsePotion"},{"floor":9,"key":"SpeedPotion"},{"floor":12,"key":"Languid Potion"},{"floor":13,"key":"BottledSpark"},{"floor":16,"key":"BottledSpark"},{"floor":21,"key":"potionbrewer:DiscountPotion"},{"floor":21,"key":"potionbrewer:QuicksilverPotion"},{"floor":33,"key":"SkillPotion"},{"floor":36,"key":"Strength Potion"},{"floor":41,"key":"Dexterity Potion"}],"is_trial":false,"path_per_floor":["M","?","M","M","M","E","M","E","MIM","R","$","M","M","$","R","B",null,"M","?","M","M","?","E","R","M","T","M","R","?","R","E","R","B",null,"M","MIM","$","M","M","R","M","M","MIM","M","R","?","?","M","R","B",null,null,"R","$","E","B",null],"character_chosen":"MARISA","items_purchased":["potionbrewer:DrinkingBird","HollowMod:PaleOreRelic","potionbrewer:ToyAutogyro","Panache+1","ShootingEcho+1","Singularity+1","Singularity+1","Pear","infinitespire:Beetle Shell","DarkSpark+1","DemoMod:MonsterBlood","Vajra","Strength Potion"],"campfire_rested":2,"item_purchase_floors":[11,11,11,11,11,14,37,37,37,37,54,54,54],"current_hp_per_floor":[74,74,74,74,74,74,74,69,69,69,69,69,67,67,67,75,75,73,73,73,50,85,66,85,85,85,85,85,85,85,72,85,65,85,85,85,95,95,95,95,95,95,95,95,95,95,95,95,95,91,91,95,95,102,102,89],"gold":531,"neow_bonus":"UPGRADE_CARD","is_daily":false,"chose_seed":false,"campfire_upgraded":1,"win_rate":0.0,"timestamp":1607645407,"path_taken":["M","?","?","M","M","E","M","E","MIM","R","$","M","M","$","R","BOSS","M","?","M","M","?","E","R","?","T","M","R","?","R","E","R","BOSS","M","?","$","M","M","R","M","?","MIM","M","R","?","?","M","R","BOSS","R","$","E","BOSS"],"items_purchased_type":["Relic","Relic","Relic","Potion","Potion","Potion","Potion","Relic","Relic","Potion","Relic","Relic","Potion"],"build_version":"2020-11-30","purchased_purges":0,"victory":true,"max_hp_per_floor":[75,75,75,75,75,75,75,75,75,75,75,75,75,75,75,75,75,75,75,75,75,85,85,85,85,85,85,85,85,85,85,85,85,85,85,85,95,95,95,95,95,95,95,95,95,95,95,95,95,95,95,95,95,102,102,102],"card_choices":[{"not_picked":["Occultation+1","DC+1"],"picked":"WitchOfGreed+1","floor":1},{"not_picked":["DoubleSpark+1","NonDirectionalLaser+1"],"picked":"WitchLeyline+1","floor":3},{"not_picked":["ShootTheMoon+1","WitchLeyline+1"],"picked":"GasGiant+1","floor":4},{"not_picked":["OpenUniverse+1","DoubleSpark+1"],"picked":"ManaConvection+1","floor":5},{"not_picked":["FairyDestructionRay+1","AsteroidBelt+1","ShootTheMoon+1"],"picked":"SKIP","floor":6},{"not_picked":["Robbery+1","GravityBeat+1"],"picked":"MilkyWay+1","floor":7},{"not_picked":["FairyDestructionRay+1","Robbery+1"],"picked":"FinalSpark+1","floor":8},{"not_picked":["6A+1","UnstableBomb+1"],"picked":"Acceleration+1","floor":9},{"not_picked":["Acceleration+1","ShootingEcho+1","FairyDestructionRay+1"],"picked":"SKIP","floor":12},{"not_picked":["UnstableBomb+1","StarDustReverie+1"],"picked":"WitchLeyline+1","floor":13},{"not_picked":["AbsoluteMagnitude+1","MaximisePower+1"],"picked":"BlazingStar+1","floor":16},{"not_picked":["SuperPerseids+1","GrandCross+1"],"picked":"PowerUp+1","floor":18},{"not_picked":["ManaConvection+1","UnstableBomb+1","LuminesStrike+1"],"picked":"SKIP","floor":20},{"not_picked":["SporeBomb+1","SuperPerseids+1"],"picked":"MagicAbsorber+1","floor":21},{"not_picked":["GravityBeat+1","UnstableBomb+1"],"picked":"WitchLeyline+1","floor":23},{"not_picked":["DoubleSpark+1","EventHorizon+1","SporeBomb+1"],"picked":"SKIP","floor":25},{"not_picked":["LuminesStrike+1","MilkyWay+1"],"picked":"WitchLeyline+1","floor":27},{"not_picked":["WitchOfGreed+1","Robbery+1"],"picked":"DarkMatter+1","floor":31},{"not_picked":["StarDustReverie+1","MaximisePower+1"],"picked":"EscapeVelocity+1","floor":33},{"not_picked":["StarBarrage+1","DeepEcoloBomb+1"],"picked":"DragonMeteor+1","floor":35},{"not_picked":["GalacticHalo+1","ChargeUpSpray+1"],"picked":"PowerUp+1","floor":38},{"not_picked":["SuperPerseids+1","OneTimeOff+1"],"picked":"GalacticHalo+1","floor":39},{"not_picked":["NonDirectionalLaser+1","PowerUp+1"],"picked":"SuperNova+1","floor":41},{"not_picked":["SporeBomb+1","AsteroidBelt+1"],"picked":"WitchLeyline+1","floor":42},{"not_picked":["PulseMagic+1","IllusionStar+1"],"picked":"Orbital+1","floor":44},{"not_picked":["GravityBeat+1","PulseMagic+1"],"picked":"PowerUp+1","floor":48},{"not_picked":["UnstableBomb+1","LuminesStrike+1","StarlightTyphoon+1"],"picked":"SKIP","floor":55}],"player_experience":754544,"relics_obtained":[{"floor":6,"key":"Gremlin Horn"},{"floor":6,"key":"DemoMod:WhiteGuonStone"},{"floor":8,"key":"Replay:Multitool"},{"floor":8,"key":"DemoMod:DecoyRelic"},{"floor":9,"key":"Potion Belt"},{"floor":23,"key":"Replay:Rubber Ducky"},{"floor":23,"key":"Blue Doll"},{"floor":26,"key":"Whetstone"},{"floor":31,"key":"Replay:Mystery Machine"},{"floor":31,"key":"DemoMod:PoisonVial"},{"floor":36,"key":"Shovel"},{"floor":36,"key":"Anchor"},{"floor":40,"key":"Akabeko"},{"floor":43,"key":"halation:VictoryRuler"},{"floor":43,"key":"Toy Ornithopter"},{"floor":45,"key":"infinitespire:CursedDice"},{"floor":49,"key":"HandmadeGrimoire"},{"floor":53,"key":"HollowMod:StagPassRelic"},{"floor":55,"key":"CaptainsWheel"},{"floor":55,"key":"hubris:DisguiseKit"}],"event_choices":[{"damage_healed":0,"gold_gain":0,"player_choice":"Upgraded","damage_taken":0,"max_hp_gain":0,"max_hp_loss":0,"event_name":"Upgrade Shrine","floor":2,"gold_loss":0,"cards_upgraded":["MasterSpark"]},{"cards_removed":["BlazingStar"],"damage_healed":25,"gold_gain":0,"player_choice":"Offered Rare","damage_taken":0,"max_hp_gain":10,"max_hp_loss":0,"event_name":"Bonfire Elementals","floor":22,"gold_loss":0},{"damage_healed":0,"gold_gain":0,"player_choice":"Upgraded","damage_taken":0,"max_hp_gain":0,"max_hp_loss":0,"event_name":"Upgrade Shrine","floor":29,"gold_loss":0,"cards_upgraded":["Defend_MRS"]},{"damage_healed":0,"gold_gain":0,"player_choice":"Leave","damage_taken":0,"max_hp_gain":0,"max_hp_loss":0,"event_name":"conspire:Investor","floor":46,"gold_loss":0},{"damage_healed":0,"gold_gain":0,"player_choice":"Bought 0 Potions","damage_taken":0,"max_hp_gain":0,"max_hp_loss":0,"event_name":"The Woman in Blue","floor":47,"gold_loss":0}],"is_beta":false,"boss_relics":[{"not_picked":["halation:CatFaceCupcake","hubris:BlackHole"],"picked":"Fusion Hammer"},{"not_picked":["halation:HeavySnake","Velvet Choker","hubris:TerracottaHorce"]}],"items_purged_floors":[],"is_endless":false,"potions_floor_spawned":[1,4,13,21,27,35,41,44],"ascension_level":0}}