{"host":"o5jvvi5yapo90aia","time":1607676240,"event":{"mods":["BaseMod","CapriCore","Minty Spire (QoL Compilation)","MostiFishMod","Prisma Mod","Spicy Shops","StSLib","TestMod","The Immortal","【东方二次创作】八云紫mod","【人物mod】游戏王New YuGiOh mod","【功能Mod】Neow奖励"],"gold_per_floor":[132,132,132,157,188,188,221,246,246,289,318,363,395,438,438,527,527,527],"floor_reached":17,"playtime":2869,"items_purged":[],"score":558,"play_id":"66401db8-02e2-4817-beec-e7210ea11e03","local_time":"20201211164400","is_ascension_mode":true,"campfire_choices":[{"data":"Defend_R","floor":6,"key":"PURGE"},{"data":"Strike_R","floor":15,"key":"PURGE"}],"circlet_count":0,"master_deck":["AscendersBane","Strike_R+1","Strike_R+1","Strike_R+1","Defend_R+1","Defend_R+1","Defend_R+1","Bash+1","Limit Break+1","Shockwave+1","Burning Pact+1","MostiFishMod:FireWorks+1","Offering+1","Feed"],"relics":["DaveBox","testmod-TestBox","Philosopher\u0027s Stone","DSteel32","testmod-CrystalShield","Question Card","Shuriken","Strawberry","Du-Vu Doll","FossilizedHelix","ImportantClient","Runic Dome"],"acts_visited":["Exordium","TheCity"],"potions_floor_usage":[],"damage_taken":[{"damage":0.0,"enemies":"Jaw Worm","floor":1.0,"turns":2.0},{"damage":0,"enemies":"2 Louse","floor":4,"turns":2},{"damage":0,"enemies":"Cultist","floor":5,"turns":3},{"damage":0,"enemies":"Lots of Slimes","floor":7,"turns":6},{"damage":0,"enemies":"Exordium Thugs","floor":8,"turns":5},{"damage":41,"enemies":"3 Sentries","floor":10,"turns":9},{"damage":4,"enemies":"Red Slaver","floor":11,"turns":2},{"damage":4,"enemies":"Gremlin Nob","floor":12,"turns":3},{"damage":14,"enemies":"Large Slime","floor":13,"turns":2},{"damage":14,"enemies":"Lagavulin","floor":14,"turns":1},{"damage":14,"enemies":"Slime Boss","floor":16,"turns":4}],"seed_played":"-6835971925893776431","potions_obtained":[{"floor":4,"key":"ElixirPotion"},{"floor":8,"key":"Block Potion"}],"is_trial":false,"path_per_floor":["M","?","?","M","M","R","M","M","T","E","M","E","M","E","R","B",null],"character_chosen":"IRONCLAD","items_purchased":[],"campfire_rested":0,"item_purchase_floors":[],"current_hp_per_floor":[72,72,72,75,75,75,75,75,75,41,41,41,31,21,21,11,64,64],"gold":527,"neow_bonus":"BOSS_RELIC","is_daily":false,"chose_seed":false,"campfire_upgraded":0,"win_rate":0.0,"timestamp":1607676240,"path_taken":["M","?","?","M","M","R","?","M","T","E","M","E","M","E","R","BOSS"],"items_purchased_type":[],"build_version":"2020-11-30","purchased_purges":0,"victory":false,"max_hp_per_floor":[75,75,75,75,75,75,75,75,75,82,82,82,82,82,82,82,82,82],"card_choices":[{"not_picked":["Armaments","Iron Wave","Infernal Blade"],"picked":"SKIP","floor":1},{"not_picked":["Flex","Disarm","Shrug It Off","True Grit"],"picked":"SKIP","floor":4},{"not_picked":["Battle Trance","Clash","Clothesline"],"picked":"Shockwave","floor":5},{"not_picked":["Pummel","Havoc","Fire Breathing"],"picked":"Burning Pact","floor":7},{"not_picked":["Headbutt","Perfected Strike","Iron Wave","Flex"],"picked":"SKIP","floor":8},{"not_picked":["Perfected Strike","Armaments","Whirlwind"],"picked":"MostiFishMod:FireWorks","floor":10},{"not_picked":["Armaments","Thunderclap","Burning Pact","Cleave"],"picked":"SKIP","floor":11},{"not_picked":["Disarm","Armaments","Wild Strike"],"picked":"Offering","floor":12},{"not_picked":["Blood for Blood","Pummel","Burning Pact","Bloodletting"],"picked":"SKIP","floor":13},{"not_picked":["Wild Strike","MostiFishMod:BrandingRite","Flex","Pommel Strike"],"picked":"SKIP","floor":14},{"not_picked":["Exhume","Impervious","MostiFishMod:Mania"],"picked":"Feed","floor":16}],"player_experience":1263706,"relics_obtained":[{"floor":1,"key":"Question Card"},{"floor":9,"key":"Shuriken"},{"floor":10,"key":"Strawberry"},{"floor":12,"key":"Du-Vu Doll"},{"floor":14,"key":"FossilizedHelix"},{"floor":16,"key":"ImportantClient"}],"event_choices":[{"damage_healed":0,"gold_gain":0,"cards_transformed":["Strike_R"],"player_choice":"Change","damage_taken":0,"max_hp_gain":0,"max_hp_loss":0,"event_name":"Living Wall","floor":2,"gold_loss":0,"cards_obtained":["Limit Break"]},{"damage_healed":0,"gold_gain":0,"player_choice":"Forge","damage_taken":0,"max_hp_gain":0,"max_hp_loss":0,"event_name":"Accursed Blacksmith","floor":3,"gold_loss":0,"cards_upgraded":["Bash"]}],"is_beta":false,"boss_relics":[{"not_picked":["HaiYi:Twilight","testmod-D_4"],"picked":"Runic Dome"}],"items_purged_floors":[],"is_endless":false,"potions_floor_spawned":[4,8,10,13,14],"ascension_level":20}}