{"host":"usrgk25etjl0nf5i","time":1607666408,"event":{"mods":["2.2 Compatiblity","BaseMod","Downfall","Hermit","Hubris","Minty Spire (QoL Compilation)","StSLib","SuperFastMode","The Disciple","The Hierophant"],"gold_per_floor":[117,127,127,127,27,52,52,80,80,80,95,115,132,150,150,247,247,264,26,26,38,70,82,82],"floor_reached":23,"playtime":1012,"items_purged":["Defend_B"],"score":291,"play_id":"c8a71516-2b15-426c-8594-595144e60c3d","local_time":"20201210220008","is_ascension_mode":true,"campfire_choices":[{"floor":7,"key":"REST"},{"floor":10,"key":"REST"},{"floor":15,"key":"REST"}],"circlet_count":0,"master_deck":["Strike_B","Strike_B","Strike_B","Defend_B","Defend_B","Defend_B","Zap","Dualcast","Conserve Battery","FTL","Gash","Hologram","Stack","hubris:DoWhile","Scrape","Beam Cell","Scrape","Reboot","Leap","Bandage Up","Shame","Rebound"],"relics":["FrozenCore","Toy Ornithopter","hubris:BallOfYels","Ornamental Fan","Oddly Smooth Stone","MawBank","CultistMask"],"acts_visited":["Exordium","TheCity"],"potions_floor_usage":[6,8,16,22,23],"damage_taken":[{"damage":4,"enemies":"Small Slimes","floor":1,"turns":3},{"damage":13,"enemies":"2 Louse","floor":2,"turns":3},{"damage":30,"enemies":"Lagavulin","floor":6,"turns":6},{"damage":32,"enemies":"3 Sentries","floor":8,"turns":10},{"damage":0,"enemies":"Cultist","floor":11,"turns":3},{"damage":0,"enemies":"2 Fungi Beasts","floor":12,"turns":3},{"damage":3,"enemies":"Large Slime","floor":13,"turns":5},{"damage":2,"enemies":"Exordium Thugs","floor":14,"turns":3},{"damage":52,"enemies":"Hexaghost","floor":16,"turns":10},{"damage":16,"enemies":"Chosen","floor":18,"turns":6},{"damage":0,"enemies":"Shell Parasite","floor":22,"turns":6},{"damage":73,"enemies":"Slavers","floor":23,"turns":5}],"seed_played":"-6307262504967303337","potions_obtained":[{"floor":2,"key":"CultistPotion"},{"floor":6,"key":"Slimebound:ThreeZeroPotion"},{"floor":14,"key":"Regen Potion"},{"floor":16,"key":"PowerPotion"},{"floor":18,"key":"Slimebound:ThreeZeroPotion"}],"is_trial":false,"path_per_floor":["M","M","?","?","$","E","R","E","T","R","M","M","M","M","R","B",null,"M","$","?","?","M","E"],"character_chosen":"DEFECT","items_purchased":["Hologram","Oddly Smooth Stone","Bandage Up"],"campfire_rested":3,"item_purchase_floors":[5,19,19],"current_hp_per_floor":[71,58,58,51,51,21,45,18,18,42,42,42,39,37,61,29,69,53,53,53,53,62,0,0],"gold":82,"neow_bonus":"TEN_PERCENT_HP_BONUS","is_daily":false,"chose_seed":false,"campfire_upgraded":0,"win_rate":0.0,"timestamp":1607666408,"path_taken":["M","M","?","?","$","E","R","E","T","R","M","M","M","M","R","BOSS","M","$","?","?","M","E"],"items_purchased_type":["Card","Relic","Card"],"build_version":"2020-11-30","purchased_purges":1,"victory":false,"max_hp_per_floor":[82,82,82,82,82,82,82,82,82,82,82,82,82,82,82,82,82,82,82,82,82,82,82,82],"card_choices":[{"not_picked":["Leap","Cold Snap"],"picked":"Conserve Battery","floor":1},{"not_picked":["Defragment","Ball Lightning"],"picked":"FTL","floor":2},{"not_picked":["Coolheaded","Compile Driver"],"picked":"Stack","floor":6},{"not_picked":["Hello World","Ball Lightning"],"picked":"hubris:DoWhile","floor":8},{"not_picked":["Stack","Storm"],"picked":"Scrape","floor":11},{"not_picked":["Steam","Streamline"],"picked":"Beam Cell","floor":12},{"not_picked":["Redo","Steam"],"picked":"Scrape","floor":13},{"not_picked":["Doom and Gloom","Skim","Cold Snap"],"picked":"SKIP","floor":14},{"not_picked":["hubris:DoWhile","Amplify"],"picked":"Reboot","floor":16},{"not_picked":["Recycle+1","Skim"],"picked":"Leap","floor":18},{"not_picked":["Barrage","Glacier"],"picked":"Rebound","floor":22}],"player_experience":630733,"relics_obtained":[{"floor":6,"key":"Toy Ornithopter"},{"floor":8,"key":"hubris:BallOfYels"},{"floor":9,"key":"Ornamental Fan"}],"event_choices":[{"cards_removed":["Strike_B"],"damage_healed":0,"gold_gain":0,"player_choice":"Card Removal","damage_taken":7,"max_hp_gain":0,"max_hp_loss":0,"event_name":"Golden Wing","floor":4,"gold_loss":0},{"damage_healed":0,"gold_gain":0,"player_choice":"Stole Relic","damage_taken":0,"relics_obtained":["MawBank"],"max_hp_gain":0,"max_hp_loss":0,"event_name":"Addict","floor":20,"gold_loss":0,"cards_obtained":["Shame"]},{"damage_healed":0,"gold_gain":0,"player_choice":"Trade","damage_taken":0,"relics_obtained":["CultistMask"],"max_hp_gain":0,"max_hp_loss":0,"event_name":"FaceTrader","floor":21,"gold_loss":0}],"is_beta":false,"boss_relics":[{"not_picked":["Runic Pyramid","Cursed Key"],"picked":"FrozenCore"}],"items_purged_floors":[5],"is_endless":false,"potions_floor_spawned":[2,6,14,16,18],"killed_by":"Slavers","ascension_level":9}}