{"host":"foq4mrde4mssg7vt","time":1607717130,"event":{"mods":["AchievementEnabler","BaseMod","Colored Map","Colored Powertips","Highlight Path","Minty Spire (QoL Compilation)","Relic Stats","everything is the same but u backflip on backflip"],"gold_per_floor":[116,131,131,145,162,162,191,202,202,202,273,303,303,337,337,437,437,457,457,474,272,286,320,235,265,288,319,319,299,326,344,344,447,447,464,476,142,153,166,166,199,218,242,256,287,287,337,368,368,368,368,368,68,94,94],"floor_reached":56,"playtime":3636,"items_purged":["Strike_P","JustLucky+1"],"score":1932,"play_id":"a7b19e28-18a3-477f-b707-9c33d5ac986e","local_time":"20201212040530","is_ascension_mode":true,"campfire_choices":[{"data":"CutThroughFate","floor":6.0,"key":"SMITH"},{"data":"FollowUp","floor":10.0,"key":"SMITH"},{"data":"LikeWater","floor":13.0,"key":"SMITH"},{"data":"Wallop","floor":15.0,"key":"SMITH"},{"data":"Strike_P","floor":28.0,"key":"PURGE"},{"data":"1","floor":32.0,"key":"LIFT"},{"data":"2","floor":40.0,"key":"LIFT"},{"data":"3","floor":46.0,"key":"LIFT"},{"floor":49.0,"key":"RECALL"},{"data":"Crescendo+1","floor":52.0,"key":"PURGE"}],"circlet_count":0,"master_deck":["Defend_P+1","Defend_P+1","Defend_P+1","Eruption+1","Vigilance+1","CarveReality+1","CutThroughFate+1","FollowUp+1","EmptyBody+1","LessonLearned+1","LikeWater+1","Protect+1","Wallop+1","DeusExMachina+1","Consecrate+1","Wallop+1","FlurryOfBlows+1","InnerPeace+1","CutThroughFate+1","WaveOfTheHand+1","MentalFortress+1","LikeWater+1","Blasphemy+1","Sanctity+1","DevaForm+1","ThirdEye+1","EmptyFist+1","Tantrum+1","TalkToTheHand+1","Wireheading+1","Wish+1"],"relics":["SlaversCollar","Eternal Feather","Ornamental Fan","Question Card","Toxic Egg 2","Fusion Hammer","Pen Nib","Meat on the Bone","Peace Pipe","Bag of Preparation","Nunchaku","Girya","Astrolabe","Frozen Eye","Mercury Hourglass","Blood Vial","Pocketwatch","Dream Catcher","Bronze Scales","Boot"],"acts_visited":["Exordium","TheCity","TheBeyond","TheEnding"],"potions_floor_usage":[55,55,55],"damage_taken":[{"damage":2.0,"enemies":"Jaw Worm","floor":1.0,"turns":3.0},{"damage":0.0,"enemies":"Cultist","floor":2.0,"turns":2.0},{"damage":1.0,"enemies":"2 Louse","floor":4.0,"turns":2.0},{"damage":0.0,"enemies":"2 Fungi Beasts","floor":5.0,"turns":2.0},{"damage":10.0,"enemies":"Gremlin Nob","floor":7.0,"turns":3.0},{"damage":2.0,"enemies":"Gremlin Gang","floor":8.0,"turns":4.0},{"damage":1.0,"enemies":"3 Sentries","floor":12.0,"turns":4.0},{"damage":1.0,"enemies":"Lagavulin","floor":14.0,"turns":5.0},{"damage":0.0,"enemies":"Slime Boss","floor":16.0,"turns":6.0},{"damage":9.0,"enemies":"Spheric Guardian","floor":18.0,"turns":5.0},{"damage":0.0,"enemies":"Chosen","floor":20.0,"turns":4.0},{"damage":5.0,"enemies":"Snecko","floor":22.0,"turns":7.0},{"damage":4.0,"enemies":"Slavers","floor":23.0,"turns":6.0},{"damage":21.0,"enemies":"Book of Stabbing","floor":25.0,"turns":7.0},{"damage":9.0,"enemies":"Slavers","floor":27.0,"turns":8.0},{"damage":0.0,"enemies":"Gremlin Leader","floor":30.0,"turns":5.0},{"damage":0.0,"enemies":"3 Cultists","floor":31.0,"turns":4.0},{"damage":16.0,"enemies":"Champ","floor":33.0,"turns":13.0},{"damage":0.0,"enemies":"3 Shapes","floor":35.0,"turns":3.0},{"damage":7.0,"enemies":"3 Darklings","floor":36.0,"turns":6.0},{"damage":3.0,"enemies":"4 Shapes","floor":38.0,"turns":5.0},{"damage":0.0,"enemies":"Jaw Worm Horde","floor":39.0,"turns":1.0},{"damage":0.0,"enemies":"Reptomancer","floor":41.0,"turns":6.0},{"damage":18.0,"enemies":"Spire Growth","floor":42.0,"turns":5.0},{"damage":0.0,"enemies":"Maw","floor":44.0,"turns":5.0},{"damage":0.0,"enemies":"Nemesis","floor":45.0,"turns":7.0},{"damage":0.0,"enemies":"Mind Bloom Boss Battle","floor":47.0,"turns":3.0},{"damage":0.0,"enemies":"Giant Head","floor":48.0,"turns":4.0},{"damage":31.0,"enemies":"Awakened One","floor":50.0,"turns":9.0},{"damage":12,"enemies":"Shield and Spear","floor":54,"turns":4},{"damage":50,"enemies":"The Heart","floor":55,"turns":7}],"seed_played":"7454422730843111403","potions_obtained":[{"floor":1.0,"key":"LiquidMemories"},{"floor":4.0,"key":"Energy Potion"},{"floor":8.0,"key":"SneckoOil"},{"floor":16.0,"key":"LiquidMemories"},{"floor":20.0,"key":"SpeedPotion"},{"floor":23.0,"key":"CultistPotion"},{"floor":29.0,"key":"Explosive Potion"},{"floor":45.0,"key":"EssenceOfSteel"}],"is_trial":false,"path_per_floor":["M","M","?","M","M","R","E","M","T","R","?","E","R","E","R","B",null,"M","?","M","$","M","E","?","E","T","E","R","?","E","M","R","B",null,"M","M","$","M","M","R","E","M","T","M","E","R","?","E","R","B",null,"R","$","E","B",null],"character_chosen":"WATCHER","items_purchased":["InnerPeace+1","CutThroughFate","Frozen Eye","StancePotion","Wireheading","Bronze Scales","StancePotion"],"campfire_rested":0,"item_purchase_floors":[21,21,37,37,53,53,53],"current_hp_per_floor":[63,63,63,62,62,62,52,50,50,59,59,58,67,66,72,72,72,63,63,63,63,58,54,54,45,45,48,63,63,63,63,72,56,68,68,61,61,58,58,72,72,54,54,54,54,69,71,72,72,41,64,72,72,60,24],"gold":94,"neow_bonus":"BOSS_RELIC","is_daily":false,"chose_seed":false,"campfire_upgraded":4,"win_rate":0.0,"timestamp":1607717130,"path_taken":["M","M","?","?","M","R","E","M","T","R","?","E","R","E","R","BOSS","M","?","?","$","M","E","?","E","T","E","R","?","E","M","R","BOSS","M","M","$","M","M","R","E","M","T","M","E","R","?","E","R","BOSS","R","$","E","BOSS"],"items_purchased_type":["Card","Card","Relic","Potion","Card","Relic","Potion"],"build_version":"2020-11-30","purchased_purges":2,"victory":true,"max_hp_per_floor":[72,72,72,72,72,72,72,72,72,72,72,72,72,72,72,72,72,72,72,72,72,72,72,72,72,72,72,72,72,72,72,72,72,72,72,72,72,72,72,72,72,72,72,72,72,72,72,72,72,72,72,72,72,72,72],"relic_stats":{"counters":[31,155],"Astrolabe":["Sanctity","DevaForm","JustLucky"],"Eternal Feather":85,"Pen Nib":[28],"Bag of Preparation":[34],"Question Card":22,"Boot":[0],"Mercury Hourglass":[141],"Peace Pipe":2,"Blood Vial":5,"Nunchaku":[25],"Dream Catcher":0,"Ornamental Fan":[332],"Bronze Scales":[108],"obtain_stats":[{"Girya":30,"Astrolabe":34,"Eternal Feather":7,"Pen Nib":23,"Bag of Preparation":26,"Question Card":12,"Boot":54,"Mercury Hourglass":41,"Peace Pipe":25,"Blood Vial":45,"SlaversCollar":0,"Frozen Eye":37,"Nunchaku":27,"Dream Catcher":48,"Ornamental Fan":9,"Bronze Scales":53,"Fusion Hammer":17,"PureWater":0,"Toxic Egg 2":14,"Meat on the Bone":24,"Pocketwatch":47},{"Girya":16,"Astrolabe":18,"Eternal Feather":5,"Pen Nib":13,"Bag of Preparation":14,"Question Card":7,"Boot":30,"Mercury Hourglass":23,"Peace Pipe":14,"Blood Vial":26,"SlaversCollar":0,"Frozen Eye":20,"Nunchaku":15,"Dream Catcher":28,"Ornamental Fan":6,"Bronze Scales":29,"Fusion Hammer":9,"PureWater":0,"Toxic Egg 2":8,"Meat on the Bone":13,"Pocketwatch":27},{"Girya":73,"Astrolabe":90,"Eternal Feather":12,"Pen Nib":53,"Bag of Preparation":60,"Question Card":20,"Boot":148,"Mercury Hourglass":111,"Peace Pipe":60,"Blood Vial":128,"SlaversCollar":0,"Frozen Eye":99,"Nunchaku":68,"Dream Catcher":135,"Ornamental Fan":16,"Bronze Scales":144,"Fusion Hammer":31,"PureWater":0,"Toxic Egg 2":25,"Meat on the Bone":53,"Pocketwatch":131}],"Meat on the Bone":36,"Pocketwatch":[9]},"card_choices":[{"not_picked":["Vengeance","BowlingBash"],"picked":"CarveReality","floor":1.0},{"not_picked":["Evaluate","ReachHeaven"],"picked":"CutThroughFate","floor":2.0},{"not_picked":["Prostrate","EmptyBody"],"picked":"FollowUp","floor":4.0},{"not_picked":["CutThroughFate","FlyingSleeves"],"picked":"EmptyBody","floor":5.0},{"not_picked":["Prostrate","EmptyBody"],"picked":"LessonLearned","floor":7.0},{"not_picked":["Weave","Perseverance"],"picked":"LikeWater","floor":8.0},{"not_picked":["JustLucky","Evaluate"],"picked":"Protect","floor":12.0},{"not_picked":["ThirdEye+1","EmptyFist","JustLucky"],"picked":"Wallop","floor":14.0},{"not_picked":["ConjureBlade+1","Vault+1","DevaForm"],"picked":"DeusExMachina+1","floor":16.0},{"not_picked":["EmptyFist","Halt+1","Crescendo+1"],"picked":"Consecrate+1","floor":18.0},{"not_picked":["FlyingSleeves","CutThroughFate+1","Nirvana"],"picked":"FlurryOfBlows","floor":20.0},{"not_picked":["BowlingBash","Protect+1","SashWhip+1"],"picked":"WaveOfTheHand+1","floor":22.0},{"not_picked":["FlyingSleeves","Collect+1","Evaluate+1"],"picked":"MentalFortress","floor":23.0},{"not_picked":["Crescendo+1","CarveReality","Ragnarok","LessonLearned"],"picked":"SKIP","floor":25.0},{"not_picked":["ForeignInfluence+1","SandsOfTime+1","PathToVictory+1","Collect+1"],"picked":"SKIP","floor":27.0},{"not_picked":["BowlingBash+1","Indignation+1","Protect+1"],"picked":"LikeWater","floor":30.0},{"not_picked":["Prostrate+1","WreathOfFlame+1","CrushJoints","WaveOfTheHand+1"],"picked":"SKIP","floor":31.0},{"not_picked":["DevaForm","DeusExMachina+1","Vault+1"],"picked":"Blasphemy+1","floor":33.0},{"not_picked":["SashWhip","SignatureMove","FearNoEvil+1","CrushJoints"],"picked":"SKIP","floor":35.0},{"not_picked":["BattleHymn","Protect+1","Halt+1","CutThroughFate"],"picked":"SKIP","floor":36.0},{"not_picked":["FlurryOfBlows","EmptyMind+1","SashWhip"],"picked":"ThirdEye+1","floor":38.0},{"not_picked":["ForeignInfluence+1","Nirvana","BattleHymn+1"],"picked":"EmptyFist+1","floor":39.0},{"not_picked":["DevaForm","SashWhip+1","Weave+1","Alpha+1"],"picked":"SKIP","floor":41.0},{"not_picked":["ThirdEye+1","Protect+1","FollowUp+1"],"picked":"Crescendo+1","floor":42.0},{"not_picked":["CutThroughFate+1","FlyingSleeves","JustLucky","Nirvana+1"],"picked":"SKIP","floor":44.0},{"not_picked":["Pray+1","Conclude","ReachHeaven+1","FollowUp"],"picked":"SKIP","floor":45.0},{"not_picked":["Study","Swivel+1","DeceiveReality+1"],"picked":"Tantrum+1","floor":47.0},{"not_picked":["FlyingSleeves+1","EmptyFist+1","ThirdEye+1"],"picked":"TalkToTheHand+1","floor":48.0},{"not_picked":["Study","CutThroughFate","PathToVictory+1"],"picked":"Wish+1","floor":54}],"player_experience":150268,"relics_obtained":[{"floor":7.0,"key":"Eternal Feather"},{"floor":9.0,"key":"Ornamental Fan"},{"floor":12.0,"key":"Question Card"},{"floor":14.0,"key":"Toxic Egg 2"},{"floor":23.0,"key":"Pen Nib"},{"floor":25.0,"key":"Peace Pipe"},{"floor":26.0,"key":"Bag of Preparation"},{"floor":27.0,"key":"Nunchaku"},{"floor":30.0,"key":"Girya"},{"floor":41.0,"key":"Mercury Hourglass"},{"floor":45.0,"key":"Blood Vial"},{"floor":47.0,"key":"Pocketwatch"},{"floor":48.0,"key":"Dream Catcher"},{"floor":54,"key":"Boot"}],"event_choices":[{"damage_healed":0.0,"max_hp_gain":0.0,"max_hp_loss":0.0,"gold_gain":0.0,"cards_transformed":["Strike_P"],"event_name":"Transmorgrifier","player_choice":"Transformed","floor":3.0,"gold_loss":0.0,"damage_taken":0.0,"cards_obtained":["Weave"]},{"damage_healed":0.0,"max_hp_gain":0.0,"max_hp_loss":0.0,"gold_gain":71.0,"event_name":"Golden Wing","player_choice":"Gained Gold","floor":11.0,"gold_loss":0.0,"damage_taken":0.0},{"damage_healed":0.0,"max_hp_gain":0.0,"max_hp_loss":0.0,"gold_gain":0.0,"event_name":"Duplicator","player_choice":"Copied","floor":19.0,"gold_loss":0.0,"damage_taken":0.0,"cards_obtained":["Wallop"]},{"damage_healed":0.0,"max_hp_gain":0.0,"max_hp_loss":0.0,"gold_gain":0.0,"event_name":"Addict","player_choice":"Obtained Relic","floor":24.0,"gold_loss":85.0,"damage_taken":0.0,"relics_obtained":["Meat on the Bone"]},{"damage_healed":0.0,"max_hp_gain":0.0,"max_hp_loss":0.0,"gold_gain":0.0,"event_name":"The Woman in Blue","player_choice":"Bought 1 Potion","floor":29.0,"gold_loss":0.0,"damage_taken":0.0},{"damage_healed":0.0,"max_hp_gain":0.0,"max_hp_loss":0.0,"gold_gain":0.0,"event_name":"MindBloom","player_choice":"Fight","floor":47.0,"gold_loss":0.0,"damage_taken":0.0}],"is_beta":false,"boss_relics":[{"not_picked":["Empty Cage","VioletLotus"],"picked":"Fusion Hammer"},{"not_picked":["Calling Bell","Sozu"],"picked":"Astrolabe"}],"items_purged_floors":[21,37],"is_endless":false,"potions_floor_spawned":[1,4,8,16,20,23,31,38,41,44,45],"ascension_level":9}}