{"host":"cz3p2o9n3b1gdmkz","time":1607679362,"event":{"mods":["AchievementEnabler","BaseMod","CapriCore","GungeonMod","Hermit","Minty Spire (QoL Compilation)","Replay The Spire","Shop Mod","StSLib","SuperFastMode","The Cursed","The Dragon Tamer","The Gatherer","The Jungle","The Poker Player"],"gold_per_floor":[112,130,130,130,130,130,162,162,207,207,256,273,303,113,113,208,208,223,223,238,254,254,254,265,280,280,280,293,311,324,336,349,349,349,457,457,475,475,475,490,503,534,315,348,348,348,367,380,426,356,356,356,356,356,94,130,130],"floor_reached":58,"playtime":4617,"items_purged":["DemoMod:Defend_Huntress"],"score":1191,"play_id":"df3bf7ca-13be-4578-b907-542579641f8b","local_time":"20201211183602","is_ascension_mode":true,"campfire_choices":[{"data":"DemoMod:ManualReload","floor":6.0,"key":"SMITH"},{"data":"DemoMod:MachoBrace","floor":8.0,"key":"SMITH"},{"data":"DemoMod:DarkMarker","floor":10.0,"key":"SMITH"},{"floor":15.0,"key":"DIG"},{"floor":23.0,"key":"RECALL"},{"data":"DemoMod:CrossBow","floor":27.0,"key":"SMITH"},{"floor":33.0,"key":"REST"},{"floor":51,"key":"DIG"},{"data":"DemoMod:Elimentaler","floor":54,"key":"SMITH"}],"circlet_count":0,"master_deck":["DemoMod:Strike_Huntress","DemoMod:Strike_Huntress","DemoMod:Defend_Huntress+1","DemoMod:Defend_Huntress+1","DemoMod:Defend_Huntress+1","DemoMod:Roll+1","DemoMod:ManualReload+1","DemoMod:RustySidearm","DemoMod:CrossBow+1","DemoMod:MachoBrace+1","DemoMod:Evolver","DemoMod:DarkMarker+1","DemoMod:BattleInHaste+1","DemoMod:Slinger","DemoMod:Evolver","DemoMod:BattleInHaste+1","DemoMod:ShadowBullets+1","DemoMod:BattleInHaste+1","DemoMod:HungryBullets+1","DemoMod:Elimentaler+1","DemoMod:Eureka","DemoMod:TableSutra+1","DemoMod:ShadowBullets+1","DemoMod:BulletBore","DemoMod:TableSutra+1","DemoMod:SniperShot+1"],"relics":["DemoMod:Dog","NeowsBlessing","Replay:Bottled Flurry","Bronze Scales","Replay:Rubber Ducky","Ancient Tea Set","Regal Pillow","DemoMod:Wolf","FaceOfCleric","DemoMod:RatBoots","DemoMod:ResourcefulSack","DemoMod:PartiallyEatenCheese","Black Star","Replay:Bronze Core","Gremlin Food","Frozen Egg 2","ReplayTheSpireMod:TigerMarble","Meat on the Bone","War Paint","DemoMod:GlassGuonStoneRelic","DemoMod:NanoMachines","DemoMod:Armor","HornCleat","Iron Hammer","ReplayFunnel","Counterbalance"],"acts_visited":["Exordium","TheCity","TheCity","TheBeyond","TheEnding"],"potions_floor_usage":[57,57,57],"damage_taken":[{"damage":0.0,"enemies":"Small Slimes","floor":1.0,"turns":2.0},{"damage":0.0,"enemies":"2 Louse","floor":2.0,"turns":2.0},{"damage":0.0,"enemies":"Gremlin Nob","floor":7.0,"turns":1.0},{"damage":0.0,"enemies":"Jaw Worm","floor":12.0,"turns":3.0},{"damage":0.0,"enemies":"3 Sentries","floor":13.0,"turns":9.0},{"damage":21.0,"enemies":"Hexaghost","floor":16.0,"turns":10.0},{"damage":2.0,"enemies":"Chosen","floor":18.0,"turns":3.0},{"damage":0.0,"enemies":"Spheric Guardian","floor":20.0,"turns":3.0},{"damage":0.0,"enemies":"Cultist and Chosen","floor":21.0,"turns":5.0},{"damage":0.0,"enemies":"Centurion and Healer","floor":24.0,"turns":2.0},{"damage":11.0,"enemies":"Snake Plant","floor":25.0,"turns":4.0},{"damage":0.0,"enemies":"DemoMod:Veteran_shot_gun_kin_and_bullet_kin","floor":28.0,"turns":2.0},{"damage":0.0,"enemies":"DemoMod:4_Bullet_Kins","floor":29.0,"turns":4.0},{"damage":46.0,"enemies":"DemoMod:Veteran_shot_gun_kin_and_red_shotgun_kin_with_gunsinger","floor":30.0,"turns":3.0},{"damage":0.0,"enemies":"DemoMod:Red_and_blue_shotgun_kin_with_gunsinger","floor":31.0,"turns":2.0},{"damage":10.0,"enemies":"DemoMod:2_Mousers","floor":32.0,"turns":4.0},{"damage":0.0,"enemies":"DemoMod:ResourcefulRat","floor":35.0,"turns":8.0},{"damage":12.0,"enemies":"3 Shapes","floor":37.0,"turns":2.0},{"damage":7.0,"enemies":"Orb Walker","floor":40.0,"turns":2.0},{"damage":6.0,"enemies":"Writhing Mass","floor":41.0,"turns":5.0},{"damage":5.0,"enemies":"R_Hoarder","floor":42.0,"turns":5.0},{"damage":7.0,"enemies":"Nemesis","floor":44.0,"turns":3.0},{"damage":0.0,"enemies":"Spire Growth","floor":47.0,"turns":3.0},{"damage":0,"enemies":"Sphere and 2 Shapes","floor":48,"turns":3},{"damage":0,"enemies":"2 Orb Walkers","floor":49,"turns":2},{"damage":0,"enemies":"Replay:Hell Engine","floor":52,"turns":7},{"damage":0,"enemies":"Shield and Spear","floor":56,"turns":4},{"damage":0,"enemies":"The Heart","floor":57,"turns":8}],"seed_played":"3291373414310832606","potions_obtained":[{"floor":1.0,"key":"SkillPotion"},{"floor":7.0,"key":"BlessingOfTheForge"},{"floor":12.0,"key":"FearPotion"},{"floor":13.0,"key":"Flashbang"},{"floor":16.0,"key":"Milkshake"},{"floor":20.0,"key":"PowerPotion"},{"floor":24.0,"key":"Energy Potion"},{"floor":28.0,"key":"Weak Potion"},{"floor":30.0,"key":"DemoMod:LeadSkinPotion"},{"floor":40.0,"key":"AttackPotion"},{"floor":44.0,"key":"DemoMod:LeadSkinPotion"},{"floor":47.0,"key":"Elixir"},{"floor":48,"key":"Milkshake"}],"is_trial":false,"path_per_floor":["M","M","?","?","?","R","E","R","T","R","T","M","E","$","R","B",null,"M","?","M","M","?","R","M","M","T","R","M","M","M","M","M","R","B","B",null,"M","?","$","M","M","E","$","E","T","?","M","M","?","$","R","B",null,"R","$","E","B",null],"character_chosen":"HUNTRESS","items_purchased":["DemoMod:GnawedKey","DemoMod:ShadowBullets+1","ReplayTheSpireMod:TigerMarble","DemoMod:TableSutra+1","Iron Hammer"],"campfire_rested":1,"item_purchase_floors":[14,43,43,50,55],"current_hp_per_floor":[70,70,63,68,53,53,53,53,53,53,53,53,53,53,53,32,75,73,73,73,73,73,73,74,64,77,77,78,79,34,35,26,65,66,67,84,73,73,73,67,62,62,62,56,56,56,57,58,59,59,59,60,93,93,93,94,95],"gold":130,"neow_bonus":"THREE_ENEMY_KILL","is_daily":false,"chose_seed":false,"campfire_upgraded":5,"win_rate":0.0,"timestamp":1607679362,"path_taken":["M","M","?","?","?","R","E","R","T","R","?","?","E","$","R","BOSS","M","?","?","M","?","R","M","?","T","R","M","M","M","M","M","R","BOSS","BOSS","M","?","?","?","M","E","$","E","T","?","M","M","?","?","R","BOSS","R","$","E","BOSS"],"items_purchased_type":["Relic","Undefined","Relic","Undefined","Relic"],"build_version":"2020-11-30","purchased_purges":1,"victory":true,"max_hp_per_floor":[70,70,70,75,75,75,75,75,75,75,75,75,75,75,75,75,75,75,75,75,75,75,75,76,77,77,77,78,79,80,81,82,82,83,84,84,85,85,85,86,87,88,88,89,89,89,90,91,92,92,92,93,93,93,93,94,95],"card_choices":[{"not_picked":["DemoMod:StickyCrossBow","DemoMod:LifeOrb"],"picked":"DemoMod:MachoBrace","floor":1.0},{"not_picked":["DemoMod:AWP","DemoMod:StickyCrossBow"],"picked":"DemoMod:Evolver","floor":2.0},{"not_picked":["DemoMod:Camera","DemoMod:Rummage"],"picked":"DemoMod:DarkMarker","floor":7.0},{"not_picked":["DemoMod:HardPowerCard","DemoMod:Replace","DemoMod:Rummage"],"picked":"SKIP","floor":12.0},{"not_picked":["DemoMod:TableSutra","DemoMod:ConditionalReflex"],"picked":"DemoMod:BattleInHaste","floor":13.0},{"not_picked":["DemoMod:BSG","DemoMod:Gungine"],"picked":"DemoMod:Slinger","floor":16.0},{"not_picked":["DemoMod:Unmoved","DemoMod:MegaHand"],"picked":"DemoMod:Evolver","floor":18.0},{"not_picked":["DemoMod:MachoBrace","DemoMod:CombinedRifle","DemoMod:JK47"],"picked":"SKIP","floor":20.0},{"not_picked":["DemoMod:SkilledReload","DemoMod:ZorGun"],"picked":"DemoMod:BattleInHaste+1","floor":21.0},{"not_picked":["DemoMod:ChanceBullets","DemoMod:EasyReloadBullets","DemoMod:Replace+1"],"picked":"SKIP","floor":24.0},{"not_picked":["DemoMod:SkilledReload","DemoMod:ConditionalReflex"],"picked":"DemoMod:ShadowBullets+1","floor":25.0},{"not_picked":["DemoMod:CursedBullets+1","DemoMod:RadGun","DemoMod:EasyReloadBullets"],"picked":"SKIP","floor":28.0},{"not_picked":["DemoMod:RadGun","DemoMod:FortunesFavor"],"picked":"DemoMod:BattleInHaste+1","floor":29.0},{"not_picked":["DemoMod:Unmoved","DemoMod:TeaPot"],"picked":"DemoMod:HungryBullets+1","floor":30.0},{"not_picked":["DemoMod:Ejector","DemoMod:FeignSurrender","DemoMod:HungryBullets+1"],"picked":"SKIP","floor":31.0},{"not_picked":["DemoMod:SAA","DemoMod:FortunesFavor+1","DemoMod:MachoBrace+1"],"picked":"SKIP","floor":32.0},{"not_picked":[],"picked":"DemoMod:Elimentaler","floor":35.0},{"not_picked":["DemoMod:Elimentaler","DemoMod:BalloonGun"],"picked":"DemoMod:Eureka","floor":35.0},{"not_picked":["DemoMod:TeaPot+1","DemoMod:PotionOfGunFriendShip","DemoMod:GunstockTap"],"picked":"SKIP","floor":37.0},{"not_picked":["DemoMod:BoxingGlove","DemoMod:Replace+1","DemoMod:DirectionalPad+1"],"picked":"SKIP","floor":40.0},{"not_picked":["DemoMod:BoxingGlove","DemoMod:Replace+1","DemoMod:DirectionalPad+1"],"picked":"SKIP","floor":40.0},{"not_picked":["DemoMod:PracticeMakesPerfect+1","DemoMod:GunstockTap+1","DemoMod:StickyCrossBow"],"picked":"SKIP","floor":41.0},{"not_picked":["DemoMod:PracticeMakesPerfect+1","DemoMod:GunstockTap+1","DemoMod:StickyCrossBow"],"picked":"SKIP","floor":41.0},{"not_picked":["DemoMod:Unmoved","DemoMod:Unity+1"],"picked":"DemoMod:TableSutra+1","floor":42.0},{"not_picked":["DemoMod:Replace","DemoMod:GunstockTap","DemoMod:SniperShot"],"picked":"SKIP","floor":44.0},{"not_picked":["DemoMod:BattleInHaste","DemoMod:Casey+1","DemoMod:TeaPot+1"],"picked":"SKIP","floor":47.0},{"not_picked":["DemoMod:Ejector","DemoMod:BattleInHaste+1"],"picked":"DemoMod:BulletBore","floor":48},{"not_picked":["DemoMod:BoxingGlove+1","DemoMod:FortunesFavor"],"picked":"DemoMod:SniperShot+1","floor":56}],"player_experience":795717,"relics_obtained":[{"floor":7.0,"key":"Replay:Bottled Flurry"},{"floor":9.0,"key":"Bronze Scales"},{"floor":11.0,"key":"Replay:Rubber Ducky"},{"floor":13.0,"key":"Ancient Tea Set"},{"floor":15.0,"key":"Regal Pillow"},{"floor":36.0,"key":"DemoMod:RatBoots"},{"floor":36.0,"key":"DemoMod:ResourcefulSack"},{"floor":36.0,"key":"DemoMod:PartiallyEatenCheese"},{"floor":36.0,"key":"Black Star"},{"floor":36.0,"key":"Replay:Bronze Core"},{"floor":42.0,"key":"Gremlin Food"},{"floor":42.0,"key":"Frozen Egg 2"},{"floor":44.0,"key":"Meat on the Bone"},{"floor":44.0,"key":"War Paint"},{"floor":49,"key":"DemoMod:NanoMachines"},{"floor":51,"key":"HornCleat"},{"floor":56,"key":"ReplayFunnel"},{"floor":56,"key":"Counterbalance"}],"event_choices":[{"cards_removed":["DemoMod:Strike_Huntress"],"damage_healed":0.0,"max_hp_gain":0.0,"max_hp_loss":0.0,"gold_gain":0.0,"event_name":"Golden Wing","player_choice":"Card Removal","floor":3.0,"gold_loss":0.0,"damage_taken":7.0},{"damage_healed":0.0,"max_hp_gain":5.0,"max_hp_loss":0.0,"gold_gain":0.0,"event_name":"Big Fish","player_choice":"Donut","floor":4.0,"gold_loss":0.0,"damage_taken":0.0},{"damage_healed":0.0,"max_hp_gain":0.0,"max_hp_loss":0.0,"gold_gain":0.0,"event_name":"Shining Light","player_choice":"Entered Light","floor":5.0,"gold_loss":0.0,"damage_taken":15.0,"cards_upgraded":["DemoMod:Defend_Huntress","DemoMod:Roll"]},{"damage_healed":0.0,"max_hp_gain":0.0,"max_hp_loss":0.0,"gold_gain":0.0,"event_name":"Upgrade Shrine","player_choice":"Upgraded","floor":19.0,"gold_loss":0.0,"damage_taken":0.0,"cards_upgraded":["DemoMod:BattleInHaste"]},{"damage_healed":0.0,"max_hp_gain":0.0,"max_hp_loss":0.0,"gold_gain":0.0,"event_name":"FaceTrader","player_choice":"Trade","floor":22.0,"gold_loss":0.0,"damage_taken":0.0,"relics_obtained":["FaceOfCleric"]},{"damage_healed":0,"gold_gain":0,"player_choice":"Fight","damage_taken":0,"max_hp_gain":0,"max_hp_loss":0,"event_name":"Mysterious Sphere","floor":49,"gold_loss":0}],"is_beta":false,"boss_relics":[{"not_picked":["Replay:Drink Me","Philosopher\u0027s Stone"],"picked":"DemoMod:Wolf"},{"not_picked":[]}],"items_purged_floors":[14],"is_endless":false,"potions_floor_spawned":[1,7,12,13,16,20,24,28,30,32,40,44,47,48],"ascension_level":3}}