{"host":"fbqvzfq8f1yzoo4u","time":1607690721,"event":{"mods":["BaseMod","Minty Spire (QoL Compilation)","Replay The Spire","StSLib"],"gold_per_floor":[109,119,129,55,55,55,81,81,106,23,53,82,94,121,121,121,121],"floor_reached":16,"playtime":716,"items_purged":[],"score":216,"play_id":"c59c11e7-c19e-473b-a895-92f750d3ffe6","local_time":"20201211204521","is_ascension_mode":true,"campfire_choices":[{"data":"Calculated Gamble","floor":6.0,"key":"SMITH"},{"floor":15.0,"key":"REST"}],"circlet_count":0,"master_deck":["AscendersBane","Strike_G","Strike_G","Strike_G","Strike_G","Strike_G","Defend_G","Defend_G","Defend_G","Defend_G+1","Survivor+1","Neutralize","Calculated Gamble+1","Flying Knee","Caltrops","Eviscerate","Acrobatics","Tactician","Leg Sweep","After Image+1","Deflect","Masterful Stab","Escape Plan","Acrobatics"],"relics":["Ring of the Snake","NeowsBlessing","ReplayTheSpireMod:CursedCoin","Anchor","Nunchaku","Odd Mushroom","War Paint","Pen Nib"],"acts_visited":["Exordium"],"potions_floor_usage":[],"damage_taken":[{"damage":0.0,"enemies":"2 Louse","floor":1.0,"turns":1.0},{"damage":0.0,"enemies":"Small Slimes","floor":2.0,"turns":1.0},{"damage":0.0,"enemies":"Jaw Worm","floor":3.0,"turns":1.0},{"damage":6.0,"enemies":"Gremlin Nob","floor":7.0,"turns":3.0},{"damage":0.0,"enemies":"The Mushroom Lair","floor":11.0,"turns":5.0},{"damage":1.0,"enemies":"Replay:BlueRogue","floor":12.0,"turns":7.0},{"damage":3.0,"enemies":"Looter","floor":13.0,"turns":3.0},{"damage":44,"enemies":"Hexaghost","floor":16,"turns":12}],"seed_played":"-5938459468870915015","potions_obtained":[{"floor":1.0,"key":"PowerPotion"},{"floor":2.0,"key":"ColorlessPotion"},{"floor":3.0,"key":"FearPotion"},{"floor":7.0,"key":"SteroidPotion"},{"floor":13.0,"key":"SpeedPotion"}],"is_trial":false,"path_per_floor":["M","M","M","$","?","R","E","?","T","$","?","E","M","T","R","B"],"character_chosen":"THE_SILENT","items_purchased":["Eviscerate","ReplayTheSpireMod:CursedCoin","Acrobatics","Tactician","Deflect","AttackPotion"],"campfire_rested":1,"item_purchase_floors":[4,4,4,4,10,10],"current_hp_per_floor":[59,59,59,59,52,52,46,46,46,46,46,45,42,42,61,17,17],"gold":121,"neow_bonus":"THREE_ENEMY_KILL","is_daily":false,"chose_seed":false,"campfire_upgraded":1,"win_rate":0.0,"timestamp":1607690721,"path_taken":["M","M","M","$","?","R","E","?","T","?","?","E","M","?","R","BOSS"],"items_purchased_type":["Card","Relic","Card","Card","Card","Potion"],"build_version":"2020-11-30","purchased_purges":0,"victory":false,"max_hp_per_floor":[66,66,66,66,66,66,66,66,66,66,66,66,66,66,66,66,66],"card_choices":[{"not_picked":["Tactician","Cloak And Dagger"],"picked":"Calculated Gamble","floor":1.0},{"not_picked":["Crippling Poison","Deadly Poison"],"picked":"Flying Knee","floor":2.0},{"not_picked":["Deadly Poison","Sucker Punch"],"picked":"Caltrops","floor":3.0},{"not_picked":["Bane","Poisoned Stab"],"picked":"Leg Sweep","floor":7.0},{"not_picked":["Deadly Poison","Expertise"],"picked":"Masterful Stab","floor":11.0},{"not_picked":["Catalyst","Bouncing Flask"],"picked":"Escape Plan","floor":12.0},{"not_picked":["Expertise","Predator"],"picked":"Acrobatics","floor":13.0}],"player_experience":558150,"relics_obtained":[{"floor":7.0,"key":"Anchor"},{"floor":9.0,"key":"Nunchaku"},{"floor":11.0,"key":"Odd Mushroom"},{"floor":12.0,"key":"War Paint"},{"floor":14.0,"key":"Pen Nib"}],"event_choices":[{"cards_removed":["Hallucinations"],"damage_healed":0.0,"max_hp_gain":0.0,"max_hp_loss":0.0,"gold_gain":0.0,"event_name":"Golden Wing","player_choice":"Card Removal","floor":5.0,"gold_loss":0.0,"damage_taken":7.0},{"damage_healed":0.0,"max_hp_gain":0.0,"max_hp_loss":0.0,"gold_gain":0.0,"event_name":"Mushrooms","player_choice":"Fought Mushrooms","floor":11.0,"gold_loss":0.0,"damage_taken":0.0}],"is_beta":false,"boss_relics":[],"items_purged_floors":[],"is_endless":false,"potions_floor_spawned":[1,2,3,7,13],"killed_by":"Hexaghost","ascension_level":20}}