{"host":"vt8tizleae4vn4vj","time":1607677145,"event":{"mods":["AchievementEnabler","BaseMod","Colored Map","Colored Powertips","DeckTracker","Keyboard Shortcuts","Minty Spire (QoL Compilation)","Permanent Neow","Relic Stats","StSLib","SuperFastMode","everything is the same but u backflip on backflip"],"gold_per_floor":[110,129,129,145,165,165,194,194,194,194,194],"floor_reached":10,"playtime":463,"items_purged":[],"score":116,"play_id":"0807903e-d141-4d0d-8193-3e5eeb5eef6e","local_time":"20201211175905","is_ascension_mode":true,"campfire_choices":[{"data":"Masterful Stab","floor":6.0,"key":"SMITH"}],"circlet_count":0,"master_deck":["AscendersBane","Strike_G","Strike_G","Strike_G","Defend_G","Defend_G","Defend_G","Defend_G","Survivor","Neutralize","Deflect","Backflip","Die Die Die","Masterful Stab+1","Tactician"],"relics":["Ring of the Snake","Odd Mushroom","Smiling Mask"],"acts_visited":["Exordium"],"potions_floor_usage":[10],"damage_taken":[{"damage":5.0,"enemies":"Jaw Worm","floor":1.0,"turns":5.0},{"damage":4.0,"enemies":"Small Slimes","floor":2.0,"turns":5.0},{"damage":0.0,"enemies":"2 Louse","floor":4.0,"turns":4.0},{"damage":17.0,"enemies":"Large Slime","floor":5.0,"turns":14.0},{"damage":5.0,"enemies":"The Mushroom Lair","floor":7.0,"turns":3.0},{"damage":6,"enemies":"Lagavulin","floor":10,"turns":5}],"seed_played":"-6541626205914094688","potions_obtained":[{"floor":2.0,"key":"Weak Potion"},{"floor":4.0,"key":"AttackPotion"}],"is_trial":false,"path_per_floor":["M","M","?","M","M","R","?","?","T","E"],"character_chosen":"THE_SILENT","items_purchased":[],"campfire_rested":0,"item_purchase_floors":[],"current_hp_per_floor":[39,35,35,35,18,18,13,13,13,7,7],"gold":194,"neow_bonus":"REMOVE_TWO","is_daily":false,"chose_seed":false,"campfire_upgraded":1,"win_rate":0.0,"timestamp":1607677145,"path_taken":["M","M","?","M","M","R","?","?","T","E"],"items_purchased_type":[],"build_version":"2020-11-30","purchased_purges":0,"victory":false,"max_hp_per_floor":[66,66,66,66,66,66,66,66,66,66,66],"relic_stats":{"counters":[6,36],"Smiling Mask":0,"obtain_stats":[{"Odd Mushroom":7,"Smiling Mask":9,"Ring of the Snake":0},{"Odd Mushroom":5,"Smiling Mask":5,"Ring of the Snake":0},{"Odd Mushroom":31,"Smiling Mask":31,"Ring of the Snake":0}],"Ring of the Snake":[12]},"card_choices":[{"not_picked":["Riddle With Holes","Infinite Blades"],"picked":"Deflect","floor":1.0},{"not_picked":["Deflect","Sucker Punch"],"picked":"Backflip","floor":2.0},{"not_picked":["Crippling Poison","Dodge and Roll"],"picked":"Die Die Die","floor":4.0},{"not_picked":["Infinite Blades","Flying Knee"],"picked":"Masterful Stab","floor":5.0},{"not_picked":["Underhanded Strike","Flying Knee"],"picked":"Tactician","floor":7.0}],"player_experience":462661,"relics_obtained":[{"floor":7.0,"key":"Odd Mushroom"},{"floor":9.0,"key":"Smiling Mask"}],"event_choices":[{"cards_removed":["Strike_G"],"damage_healed":0.0,"max_hp_gain":0.0,"max_hp_loss":0.0,"gold_gain":0.0,"event_name":"Living Wall","player_choice":"Forget","floor":3.0,"gold_loss":0.0,"damage_taken":0.0},{"damage_healed":0.0,"max_hp_gain":0.0,"max_hp_loss":0.0,"gold_gain":0.0,"event_name":"Mushrooms","player_choice":"Fought Mushrooms","floor":7.0,"gold_loss":0.0,"damage_taken":0.0},{"damage_healed":0.0,"max_hp_gain":0.0,"max_hp_loss":0.0,"gold_gain":0.0,"event_name":"Liars Game","player_choice":"Ignored","floor":8.0,"gold_loss":0.0,"damage_taken":0.0}],"is_beta":false,"boss_relics":[],"items_purged_floors":[],"is_endless":false,"potions_floor_spawned":[2,4],"killed_by":"Lagavulin","ascension_level":20}}