{"host":"ln6xh2dj126ndm3e","time":1607720214,"event":{"mods":["AchievementEnabler","Aspiration","Astrologer","BaseMod","Better Altar","Better Match","Better Note","Better Sensory Stone","Better Skull","Better Third Choice","BetterRewards","CCEM","Colored Map","Conspire","Downfall","GifTheSpireLib","Halation","Highlight Path","Hubris","Infinite Spire","Minty Spire (QoL Compilation)","Permanent Neow","Replay The Spire","Shop Mod","Spicy Shops","StSLib","Unceasing Turn Reminder"],"gold_per_floor":[114,131,148,166,166,166,184,184,184,200,200,213,67,82,82,183,183,200,217,234,245,261,261,261,261],"floor_reached":24,"playtime":2619,"items_purged":[],"score":296,"play_id":"3fe5d335-2f7a-4a50-bb11-8a4f5d90bd12","local_time":"20201211145654","is_ascension_mode":false,"campfire_choices":[{"data":"Replay:Many Hands","floor":6,"key":"SMITH"},{"data":"Flex","floor":11,"key":"SMITH"},{"floor":15,"key":"REST"},{"data":"Spot Weakness","floor":23,"key":"SMITH"}],"circlet_count":0,"master_deck":["Strike_R","Strike_R","Strike_R","Strike_R","Strike_R","Defend_R","Defend_R","Defend_R","Defend_R","Bash","Armaments+1","Cleave","Reckless Charge","Replay:Many Hands+1","Shrug It Off","Armaments+1","Flex+1","ReplayTheSpireMod:Strike From Hell","Flex","Feed","Inflame","Armaments","Spot Weakness+1"],"relics":["Burning Blood","halation:EternalFortune","hubris:DeckOfHolding","conspire:TreasureMap","Cursed Key"],"acts_visited":["Exordium","TheCity"],"potions_floor_usage":[16,16,22,24],"damage_taken":[{"damage":1,"enemies":"Cultist","floor":1,"turns":4},{"damage":10,"enemies":"Jaw Worm","floor":2,"turns":4},{"damage":0,"enemies":"2 Louse","floor":3,"turns":3},{"damage":8,"enemies":"Exordium Wildlife","floor":4,"turns":4},{"damage":0,"enemies":"3 Louse","floor":7,"turns":2},{"damage":24,"enemies":"Gremlin Gang","floor":10,"turns":3},{"damage":8,"enemies":"Red Slaver","floor":12,"turns":3},{"damage":5,"enemies":"3 Louse","floor":14,"turns":2},{"damage":61,"enemies":"Slime Boss","floor":16,"turns":11},{"damage":15,"enemies":"2 Thieves","floor":18,"turns":4},{"damage":8,"enemies":"3 Byrds","floor":19,"turns":5},{"damage":0,"enemies":"Snecko","floor":20,"turns":2},{"damage":18,"enemies":"conspire:HollyBat","floor":21,"turns":9},{"damage":16,"enemies":"Cultist and Chosen","floor":22,"turns":7},{"damage":71,"enemies":"Nightmare","floor":24,"turns":8}],"seed_played":"-6114238349597635468","potions_obtained":[{"floor":1,"key":"PowerPotion"},{"floor":3,"key":"AttackPotion"},{"floor":7,"key":"Reflective Coating"},{"floor":16,"key":"HeartOfIron"},{"floor":18,"key":"Explosive Potion"},{"floor":19,"key":"Block Potion"}],"is_trial":false,"path_per_floor":["M","M","M","M","?","R","M","?","T","M","R","M","$","M","R","B",null,"M","M","M","M","M","R","NM"],"character_chosen":"IRONCLAD","items_purchased":["Armaments+1","conspire:TreasureMap"],"campfire_rested":1,"item_purchase_floors":[0,13],"current_hp_per_floor":[80,76,80,78,78,78,80,83,83,65,65,66,66,67,86,34,89,80,81,87,75,65,65,0,0],"gold":261,"neow_bonus":"","is_daily":false,"chose_seed":false,"campfire_upgraded":3,"win_rate":0.0,"timestamp":1607720214,"path_taken":["M","M","?","M","?","R","M","?","T","M","R","M","?","?","R","BOSS","M","M","M","?","?","R","NM"],"items_purchased_type":["Card","Relic"],"build_version":"2020-11-30","purchased_purges":0,"victory":false,"max_hp_per_floor":[80,80,80,80,80,80,80,83,83,83,83,86,86,86,86,89,89,89,92,92,92,92,92,92,92],"card_choices":[{"not_picked":["Sword Boomerang","Clothesline"],"picked":"Cleave","floor":1},{"not_picked":["Intimidate","Cleave"],"picked":"Reckless Charge","floor":2},{"not_picked":["Flame Barrier","Whirlwind"],"picked":"Replay:Many Hands","floor":3},{"not_picked":["Perfected Strike","Second Wind"],"picked":"Shrug It Off","floor":4},{"not_picked":["Warcry+1","Cleave+1"],"picked":"Armaments+1","floor":5},{"not_picked":["Replay:Undeath\u0027s Touch","Sentinel"],"picked":"Flex","floor":7},{"not_picked":["Havoc","Clothesline","Flame Barrier"],"picked":"SKIP","floor":10},{"not_picked":["Perfected Strike","True Grit"],"picked":"ReplayTheSpireMod:Strike From Hell","floor":12},{"not_picked":["Second Wind","Brutality"],"picked":"Flex","floor":14},{"not_picked":["Brutality","Double Tap"],"picked":"Feed","floor":16},{"not_picked":["Shrug It Off+1","Reckless Charge+1"],"picked":"Inflame","floor":18},{"not_picked":["Anger","Twin Strike","Run Through"],"picked":"SKIP","floor":19},{"not_picked":["hubris:CleavingFinish","Reaper"],"picked":"Armaments","floor":20},{"not_picked":["Rage","Headbutt"],"picked":"Spot Weakness","floor":21},{"not_picked":["Uppercut","Carnage+1","Anger"],"picked":"SKIP","floor":22}],"player_experience":427472,"relics_obtained":[{"floor":9,"key":"hubris:DeckOfHolding"},{"floor":12,"key":"halation:EternalFortune"},{"floor":16,"key":"halation:EternalFortune"}],"event_choices":[{"damage_healed":0,"gold_gain":0,"player_choice":"2","damage_taken":0,"max_hp_gain":0,"max_hp_loss":0,"event_name":"betterMatch:BetterMatch","floor":5,"gold_loss":0,"cards_obtained":["betterMatch:CommonCard"]}],"is_beta":false,"boss_relics":[{"not_picked":["halation:Risk","Runic Dome"],"picked":"Cursed Key"}],"items_purged_floors":[],"is_endless":false,"potions_floor_spawned":[1,3,7,12,16,18,19,20],"killed_by":"Nightmare","ascension_level":0}}