{"host":"icfpfg8l7slpscsh","time":1607726796,"event":{"mods":["AchievementEnabler","BaseMod","Colored Map","Colored Powertips","Highlight Path","Minty Spire (QoL Compilation)","Permanent Neow","Quick Restart","StSLib"],"gold_per_floor":[362,380,400,377,396,396,413,413,413,413,413,563,563,276,276,347,347,361,361,361,361],"floor_reached":20,"playtime":630,"items_purged":["Doubt"],"score":328,"play_id":"af09d939-c555-4f7a-9a0b-e68aaf3cba8b","local_time":"20201211174636","is_ascension_mode":true,"campfire_choices":[{"floor":6,"key":"REST"},{"data":"Perseverance","floor":8,"key":"SMITH"},{"data":"Perseverance","floor":10,"key":"SMITH"},{"floor":13,"key":"REST"},{"floor":15,"key":"REST"}],"circlet_count":0,"master_deck":["AscendersBane","Strike_P","Strike_P","Strike_P","Strike_P","Defend_P","Defend_P","Defend_P","Defend_P+1","Eruption","Vigilance","BattleHymn","Perseverance+1","Perseverance+1","Conclude","Swivel","SandsOfTime+1","Alpha","FollowUp","Necronomicurse"],"relics":["HolyWater","Gremlin Horn","Membership Card","MealTicket","Necronomicon"],"acts_visited":["Exordium","TheCity"],"potions_floor_usage":[18],"damage_taken":[{"damage":4,"enemies":"Jaw Worm","floor":1,"turns":5},{"damage":0,"enemies":"Small Slimes","floor":2,"turns":2},{"damage":3,"enemies":"2 Louse","floor":3,"turns":3},{"damage":17,"enemies":"Exordium Thugs","floor":4,"turns":5},{"damage":9,"enemies":"3 Louse","floor":5,"turns":5},{"damage":8,"enemies":"2 Fungi Beasts","floor":7,"turns":3},{"damage":48,"enemies":"The Guardian","floor":16,"turns":8},{"damage":7,"enemies":"2 Thieves","floor":18,"turns":4},{"damage":21,"enemies":"Shell Parasite","floor":20,"turns":1}],"seed_played":"-3187819679861106498","potions_obtained":[{"floor":4,"key":"BlessingOfTheForge"},{"floor":7,"key":"DuplicationPotion"}],"is_trial":false,"path_per_floor":["M","M","M","M","M","R","M","R","T","R","?","?","R","$","R","B",null,"M","?","M"],"character_chosen":"WATCHER","items_purchased":["Membership Card","MealTicket"],"campfire_rested":3,"item_purchase_floors":[14,14],"current_hp_per_floor":[57,57,54,37,28,46,38,38,38,38,19,19,37,37,55,7,48,41,20,0,0],"gold":361,"neow_bonus":"TWO_FIFTY_GOLD","is_daily":false,"chose_seed":false,"campfire_upgraded":2,"win_rate":0.0,"timestamp":1607726796,"path_taken":["M","M","M","M","M","R","M","R","T","R","?","?","R","$","R","BOSS","M","?","M"],"items_purchased_type":["Relic","Relic"],"build_version":"2020-11-30","purchased_purges":1,"victory":false,"max_hp_per_floor":[62,62,62,62,62,62,62,62,62,62,62,62,62,62,62,62,62,62,62,62,62],"card_choices":[{"not_picked":["FollowUp","Prostrate"],"picked":"BattleHymn","floor":1},{"not_picked":["EmptyFist","FollowUp"],"picked":"Perseverance","floor":2},{"not_picked":["FlyingSleeves","JustLucky"],"picked":"Perseverance","floor":3},{"not_picked":["Indignation","JustLucky"],"picked":"Conclude","floor":4},{"not_picked":["Halt","SashWhip"],"picked":"Swivel","floor":5},{"not_picked":["ClearTheMind","Tantrum"],"picked":"SandsOfTime","floor":7},{"not_picked":["Scrawl","SpiritShield"],"picked":"Alpha","floor":16},{"not_picked":["EmptyBody","JustLucky"],"picked":"FollowUp","floor":18}],"player_experience":1407536,"relics_obtained":[{"floor":9,"key":"Gremlin Horn"},{"floor":19,"key":"Necronomicon"}],"event_choices":[{"damage_healed":0,"gold_gain":0,"player_choice":"Entered Light","damage_taken":19,"max_hp_gain":0,"max_hp_loss":0,"event_name":"Shining Light","floor":11,"gold_loss":0,"cards_upgraded":["Defend_P","SandsOfTime"]},{"damage_healed":0,"gold_gain":150,"player_choice":"AGREE","damage_taken":0,"max_hp_gain":0,"max_hp_loss":0,"event_name":"Liars Game","floor":12,"gold_loss":0,"cards_obtained":["Doubt"]},{"damage_healed":0,"gold_gain":0,"player_choice":"Obtained Book","damage_taken":21,"max_hp_gain":0,"max_hp_loss":0,"event_name":"Cursed Tome","floor":19,"gold_loss":0}],"is_beta":false,"boss_relics":[{"not_picked":["Astrolabe","Black Star"],"picked":"HolyWater"}],"items_purged_floors":[14],"is_endless":false,"potions_floor_spawned":[4,7],"killed_by":"Shell Parasite","ascension_level":20}}