{"host":"on8rz1ayhhz269sg","time":1607685068,"event":{"mods":["BaseMod","Hermit","Minty Spire (QoL Compilation)","StSLib","The Cursed"],"gold_per_floor":[369,444,16,73,88,88,40,40,40,40,58,76,76,76,76,181,181,197,63,82,127,138,138,154,154,154,154,154,10,29,42,42,144,144,154,166,166,24,24,57,57,67,90,0,0,275,286,15,15,15,15],"floor_reached":50,"playtime":3713,"items_purged":[],"score":633,"play_id":"918e0934-ced5-4b5e-88ef-6f3decc8fda1","local_time":"20201211191108","is_ascension_mode":false,"campfire_choices":[{"data":"hermit:ShadowCloak","floor":6.0,"key":"SMITH"},{"data":"hermit:Feint","floor":10.0,"key":"SMITH"},{"data":"hermit:TakeAim","floor":13.0,"key":"SMITH"},{"data":"hermit:LowProfile","floor":15.0,"key":"SMITH"},{"data":"hermit:Coalescence","floor":23.0,"key":"SMITH"},{"floor":25.0,"key":"REST"},{"data":"hermit:FlashPowder","floor":27.0,"key":"SMITH"},{"floor":32.0,"key":"REST"},{"floor":41.0,"key":"REST"},{"floor":45.0,"key":"REST"},{"floor":49.0,"key":"REST"}],"circlet_count":0,"master_deck":["hermit:Strike_Hermit","hermit:Strike_Hermit","hermit:Strike_Hermit","hermit:Strike_Hermit","hermit:Defend_Hermit","hermit:Defend_Hermit","hermit:Defend_Hermit","hermit:Snapshot","hermit:Covet","Clumsy","hermit:Snipe","hermit:Feint+1","hermit:Enervate","hermit:TakeAim+1","hermit:ShadowCloak+1","hermit:LowProfile+1","hermit:FlashPowder+1","hermit:Headshot","hermit:RoundhouseKick","hermit:Dive+1","hermit:BigShot","hermit:Coalescence+1","Parasite","hermit:RoundhouseKick","hermit:Grudge+1","TheCursedMod:Dregs","hermit:Adapt","hermit:ShadowCloak+1","hermit:TrackingShot+1","hermit:FinalCanter","CurseOfTheBell","hermit:Cheat","hermit:Ricochet+1","hermit:Virtue","hermit:Determination","hermit:Enervate","hermit:DeadMansHand","Regret","Regret","hermit:Vantage+1","hermit:Ricochet"],"relics":["hermit:Momento","Ornamental Fan","Mercury Hourglass","Cursed Key","Strawberry","Pear","Calling Bell","MealTicket","Meat on the Bone","StoneCalendar","White Beast Statue","Toy Ornithopter","Red Mask","Shuriken"],"acts_visited":["Exordium","TheCity","TheBeyond"],"potions_floor_usage":[50],"damage_taken":[{"damage":0.0,"enemies":"2 Louse","floor":1.0,"turns":2.0},{"damage":1.0,"enemies":"Cultist","floor":5.0,"turns":4.0},{"damage":1.0,"enemies":"Jaw Worm","floor":11.0,"turns":2.0},{"damage":5.0,"enemies":"2 Fungi Beasts","floor":12.0,"turns":4.0},{"damage":42.0,"enemies":"Hexaghost","floor":16.0,"turns":15.0},{"damage":17.0,"enemies":"Spheric Guardian","floor":18.0,"turns":4.0},{"damage":3.0,"enemies":"Shell Parasite","floor":20.0,"turns":7.0},{"damage":7.0,"enemies":"3 Cultists","floor":22.0,"turns":6.0},{"damage":18.0,"enemies":"Shelled Parasite and Fungi","floor":24.0,"turns":6.0},{"damage":9.0,"enemies":"Sentry and Sphere","floor":30.0,"turns":4.0},{"damage":1.0,"enemies":"Snecko","floor":31.0,"turns":7.0},{"damage":44.0,"enemies":"Collector","floor":33.0,"turns":12.0},{"damage":34.0,"enemies":"3 Darklings","floor":35.0,"turns":5.0},{"damage":17.0,"enemies":"Orb Walker","floor":36.0,"turns":3.0},{"damage":14.0,"enemies":"Reptomancer","floor":40.0,"turns":7.0},{"damage":41.0,"enemies":"3 Darklings","floor":42.0,"turns":7.0},{"damage":29.0,"enemies":"Sphere and 2 Shapes","floor":47.0,"turns":4.0},{"damage":155,"enemies":"Awakened One","floor":50,"turns":12}],"seed_played":"-354594056616448594","potions_obtained":[{"floor":5.0,"key":"EssenceOfSteel"},{"floor":18.0,"key":"Energy Potion"},{"floor":24.0,"key":"ColorlessPotion"},{"floor":28.0,"key":"SkillPotion"},{"floor":31.0,"key":"FairyPotion"},{"floor":33.0,"key":"hermit:Tonic"},{"floor":36.0,"key":"SpeedPotion"},{"floor":40.0,"key":"EssenceOfSteel"},{"floor":42.0,"key":"SteroidPotion"},{"floor":47.0,"key":"SteroidPotion"}],"is_trial":false,"path_per_floor":["M","?","$","?","M","R","$","?","T","R","M","M","R","?","R","B",null,"M","$","M","T","M","R","M","R","T","R","?","$","M","M","R","B",null,"M","M","?","$","?","E","R","M","T","?","R","?","M","$","R","B"],"character_chosen":"HERMIT","items_purchased":["hermit:Feint","Ornamental Fan","hermit:Enervate","hermit:TakeAim","hermit:LowProfile","hermit:BigShot","hermit:Coalescence","hermit:Adapt","hermit:Virtue","hermit:Determination","Shuriken","hermit:Ricochet"],"campfire_rested":5,"item_purchase_floors":[3,3,3,3,7,19,19,29,38,38,48,48],"current_hp_per_floor":[75,68,68,68,67,67,67,67,67,67,66,61,61,61,61,19,75,58,58,55,62,55,55,37,61,71,71,71,71,62,61,88,44,92,58,53,53,68,68,54,81,52,52,52,79,79,50,65,92,0,0],"gold":15,"neow_bonus":"TWO_FIFTY_GOLD","is_daily":false,"chose_seed":false,"campfire_upgraded":6,"win_rate":0.0,"timestamp":1607685068,"path_taken":["M","?","?","?","M","R","$","?","T","R","M","M","R","?","R","BOSS","M","$","M","?","M","R","M","R","T","R","?","$","?","M","R","BOSS","M","M","?","$","?","E","R","?","T","?","R","?","M","$","R","BOSS"],"items_purchased_type":["Card","Relic","Card","Card","Card","Card","Card","Card","Card","Card","Relic","Card"],"build_version":"2020-11-30","purchased_purges":0,"victory":false,"max_hp_per_floor":[75,75,75,75,75,75,75,75,75,75,75,75,75,75,75,75,75,75,75,75,82,82,82,82,82,92,92,92,92,92,92,92,92,92,92,92,92,92,92,92,92,92,92,92,92,92,92,92,92,92,92],"card_choices":[{"not_picked":["hermit:HoleUp","hermit:SprayPray"],"picked":"hermit:Snipe","floor":1.0},{"not_picked":["hermit:LowProfile","hermit:Dive"],"picked":"hermit:ShadowCloak","floor":5.0},{"not_picked":["hermit:Misfire","hermit:Coalescence"],"picked":"hermit:FlashPowder","floor":11.0},{"not_picked":["hermit:Dive","hermit:Gestalt"],"picked":"hermit:Headshot","floor":12.0},{"not_picked":["hermit:OverwhelmingPower","hermit:DeadOrAlive"],"picked":"hermit:RoundhouseKick","floor":16.0},{"not_picked":["hermit:LowProfile","hermit:Maintenance+1"],"picked":"hermit:Dive+1","floor":18.0},{"not_picked":["hermit:Gestalt+1","hermit:LowProfile"],"picked":"hermit:Roulette+1","floor":20.0},{"not_picked":["hermit:LoneWolf","hermit:Virtue"],"picked":"hermit:RoundhouseKick","floor":22.0},{"not_picked":["hermit:Coalescence","hermit:ShadowCloak+1"],"picked":"hermit:Grudge+1","floor":24.0},{"not_picked":["hermit:Quickdraw","hermit:Enervate"],"picked":"hermit:ShadowCloak+1","floor":30.0},{"not_picked":["hermit:Ricochet","hermit:Vantage"],"picked":"hermit:TrackingShot+1","floor":31.0},{"not_picked":["hermit:Dissolve","hermit:Adapt"],"picked":"hermit:FinalCanter","floor":33.0},{"not_picked":["hermit:GoldenBullet","hermit:TrackingShot"],"picked":"hermit:Cheat","floor":35.0},{"not_picked":["hermit:LuckOfTheDraw","hermit:HoleUp+1"],"picked":"hermit:Ricochet+1","floor":36.0},{"not_picked":["hermit:CursedWeapon+1","hermit:SprayPray"],"picked":"hermit:Enervate","floor":40.0},{"not_picked":["hermit:TrackingShot","hermit:ShadowCloak"],"picked":"hermit:DeadMansHand","floor":42.0},{"not_picked":["hermit:Showdown","hermit:Determination"],"picked":"hermit:Vantage+1","floor":47.0}],"player_experience":124646,"relics_obtained":[{"floor":9.0,"key":"Mercury Hourglass"},{"floor":21.0,"key":"Strawberry"},{"floor":26.0,"key":"Pear"},{"floor":34.0,"key":"MealTicket"},{"floor":34.0,"key":"Meat on the Bone"},{"floor":34.0,"key":"StoneCalendar"},{"floor":40.0,"key":"White Beast Statue"},{"floor":43.0,"key":"Toy Ornithopter"}],"event_choices":[{"damage_healed":0.0,"max_hp_gain":0.0,"max_hp_loss":0.0,"gold_gain":75.0,"event_name":"FaceTrader","player_choice":"Touch","floor":2.0,"gold_loss":0.0,"damage_taken":7.0},{"damage_healed":0.0,"max_hp_gain":0.0,"max_hp_loss":0.0,"gold_gain":57.0,"event_name":"Golden Wing","player_choice":"Gained Gold","floor":4.0,"gold_loss":0.0,"damage_taken":0.0},{"damage_healed":0.0,"max_hp_gain":0.0,"max_hp_loss":0.0,"gold_gain":0.0,"event_name":"Shining Light","player_choice":"Ignored","floor":8.0,"gold_loss":0.0,"damage_taken":0.0},{"damage_healed":0.0,"max_hp_gain":0.0,"max_hp_loss":0.0,"gold_gain":0.0,"event_name":"NoteForYourself","player_choice":"Ignored","floor":14.0,"gold_loss":0.0,"damage_taken":0.0},{"damage_healed":0.0,"max_hp_gain":0.0,"max_hp_loss":0.0,"gold_gain":0.0,"event_name":"Lab","player_choice":"Got Potions","floor":28.0,"gold_loss":0.0,"damage_taken":0.0},{"cards_removed":["hermit:Roulette"],"damage_healed":0.0,"max_hp_gain":0.0,"max_hp_loss":0.0,"gold_gain":0.0,"event_name":"Falling","player_choice":"Removed Attack","floor":37.0,"gold_loss":0.0,"damage_taken":0.0},{"cards_removed":["hermit:Defend_Hermit"],"damage_healed":0.0,"max_hp_gain":0.0,"max_hp_loss":0.0,"gold_gain":0.0,"event_name":"Bonfire Elementals","player_choice":"Offered Basic","floor":39.0,"gold_loss":0.0,"damage_taken":0.0},{"damage_healed":0.0,"max_hp_gain":0.0,"max_hp_loss":0.0,"gold_gain":0.0,"event_name":"Tomb of Lord Red Mask","player_choice":"Paid","floor":44.0,"gold_loss":90.0,"damage_taken":0.0,"relics_obtained":["Red Mask"]},{"damage_healed":0.0,"max_hp_gain":0.0,"max_hp_loss":0.0,"gold_gain":275.0,"event_name":"Golden Shrine","player_choice":"Desecrate","floor":46.0,"gold_loss":0.0,"damage_taken":0.0,"cards_obtained":["Regret"]}],"is_beta":false,"boss_relics":[{"not_picked":["Ectoplasm","Velvet Choker"],"picked":"Cursed Key"},{"not_picked":["Runic Dome","Busted Crown"],"picked":"Calling Bell"}],"items_purged_floors":[],"is_endless":false,"potions_floor_spawned":[5,18,24,31,33,36,40,42,47],"killed_by":"Awakened One","ascension_level":0}}