{"host":"vzugls1u57eppbds","time":1607724996,"event":{"mods":["AchievementEnabler","BaseMod","Better Third Choice","Minty Spire (QoL Compilation)","Relic Stats","Shop Mod","StSLib","The IronCluck"],"gold_per_floor":[116,116,81,156,177,177,220,220,272,305,12,12,53,66,66,186,186,206,206,227,242,242,242,280,304,304,318,8,48,60,115,127,260,272,304,316,353,146,160,160,220,243,269,304,325,153,153,176,176,176,176],"floor_reached":50,"playtime":1546,"items_purged":[],"score":684,"play_id":"7244479f-6e8f-48b0-a85f-56819711415b","local_time":"20201211231636","is_ascension_mode":true,"campfire_choices":[{"data":"Cloak And Dagger","floor":6,"key":"SMITH"},{"floor":8,"key":"REST"},{"data":"Accuracy","floor":12,"key":"SMITH"},{"floor":15,"key":"REST"},{"floor":23,"key":"REST"},{"floor":32,"key":"REST"},{"data":"Adrenaline","floor":40,"key":"SMITH"},{"data":"1","floor":47,"key":"LIFT"},{"floor":49,"key":"REST"}],"circlet_count":0,"master_deck":["Strike_G","Strike_G","Strike_G","Strike_G","Strike_G","Defend_G","Defend_G","Defend_G","Defend_G","Defend_G","Survivor","Neutralize","Cloak And Dagger+1","Accuracy+1","Choke","Adrenaline+1","Burst","Blade Dance+1","Backstab","Neutralize","Cloak And Dagger+1","Backflip+1","Die Die Die","Infinite Blades","Accuracy","Blade Dance","Storm of Steel"],"relics":["Ring of the Snake","Golden Idol","White Beast Statue","Boot","Ancient Tea Set","Orichalcum","Meat on the Bone","Black Star","MutagenicStrength","Toy Ornithopter","Anchor","Letter Opener","Bird Faced Urn","Smiling Mask","MawBank","Shuriken","Blood Vial","HoveringKite","Bag of Marbles","Girya","Nunchaku","Omamori","Mercury Hourglass"],"acts_visited":["Exordium","TheCity","TheBeyond"],"potions_floor_usage":[7,7,10,10,13,16,16,20,24,24,24,27,29,31,33,34,39,41,44,44,46,48,50,50],"damage_taken":[{"damage":7,"enemies":"2 Louse","floor":1,"turns":3},{"damage":1,"enemies":"Jaw Worm","floor":5,"turns":5},{"damage":11,"enemies":"3 Sentries","floor":7,"turns":8},{"damage":6,"enemies":"Gremlin Nob","floor":10,"turns":3},{"damage":24,"enemies":"3 Sentries","floor":13,"turns":7},{"damage":0,"enemies":"Cultist","floor":14,"turns":2},{"damage":4,"enemies":"Slime Boss","floor":16,"turns":8},{"damage":4,"enemies":"Chosen","floor":18,"turns":4},{"damage":5,"enemies":"3 Byrds","floor":20,"turns":3},{"damage":39,"enemies":"Snake Plant","floor":21,"turns":5},{"damage":11,"enemies":"Slavers","floor":24,"turns":6},{"damage":5,"enemies":"Shelled Parasite and Fungi","floor":25,"turns":5},{"damage":15,"enemies":"Snecko","floor":27,"turns":4},{"damage":0,"enemies":"Book of Stabbing","floor":29,"turns":3},{"damage":25,"enemies":"Gremlin Leader","floor":31,"turns":5},{"damage":38,"enemies":"Champ","floor":33,"turns":9},{"damage":7,"enemies":"Orb Walker","floor":35,"turns":3},{"damage":16,"enemies":"3 Shapes","floor":37,"turns":5},{"damage":0,"enemies":"Writhing Mass","floor":39,"turns":3},{"damage":4,"enemies":"2 Orb Walkers","floor":41,"turns":3},{"damage":0,"enemies":"Sphere and 2 Shapes","floor":42,"turns":1},{"damage":3,"enemies":"Giant Head","floor":44,"turns":4},{"damage":0,"enemies":"Jaw Worm Horde","floor":45,"turns":2},{"damage":23,"enemies":"Transient","floor":48,"turns":5},{"damage":89,"enemies":"Time Eater","floor":50,"turns":7}],"seed_played":"3340827684839445082","potions_obtained":[{"floor":0,"key":"BlessingOfTheForge"},{"floor":0,"key":"Fire Potion"},{"floor":0,"key":"Ancient Potion"},{"floor":5,"key":"Strength Potion"},{"floor":7,"key":"Fire Potion"},{"floor":10,"key":"Explosive Potion"},{"floor":13,"key":"AttackPotion"},{"floor":14,"key":"Poison Potion"},{"floor":16,"key":"CunningPotion"},{"floor":18,"key":"Weak Potion"},{"floor":20,"key":"Swift Potion"},{"floor":21,"key":"FearPotion"},{"floor":24,"key":"Ancient Potion"},{"floor":25,"key":"ColorlessPotion"},{"floor":27,"key":"Energy Potion"},{"floor":29,"key":"Poison Potion"},{"floor":31,"key":"Fire Potion"},{"floor":33,"key":"Fruit Juice"},{"floor":35,"key":"SteroidPotion"},{"floor":37,"key":"Swift Potion"},{"floor":39,"key":"LiquidMemories"},{"floor":41,"key":"Energy Potion"},{"floor":42,"key":"Swift Potion"},{"floor":44,"key":"Dexterity Potion"},{"floor":45,"key":"GamblersBrew"},{"floor":48,"key":"AttackPotion"}],"is_trial":false,"path_per_floor":["M","?","?","?","M","R","E","R","T","E","$","R","E","M","R","B",null,"M","?","M","M","?","R","E","M","T","M","$","E","$","E","R","B",null,"M","?","M","$","M","R","?","M","T","E","M","$","R","M","R","B"],"character_chosen":"THE_SILENT","items_purchased":["Accuracy","Choke","Orichalcum","Bird Faced Urn","Bag of Marbles","Accuracy","Storm of Steel","Fruit Juice"],"campfire_rested":5,"item_purchase_floors":[11,11,11,28,38,38,46,46],"current_hp_per_floor":[63,46,63,52,51,51,40,61,61,55,55,55,31,43,64,60,70,66,66,61,34,34,55,44,39,39,41,41,48,48,44,65,36,75,68,68,58,58,67,67,73,75,75,72,75,80,80,64,80,0,0],"gold":176,"neow_bonus":"THREE_SMALL_POTIONS","is_daily":false,"chose_seed":false,"campfire_upgraded":3,"win_rate":0.0,"timestamp":1607724996,"path_taken":["M","?","?","?","M","R","E","R","T","E","?","R","E","M","R","BOSS","M","?","M","M","?","R","E","?","T","?","?","E","$","E","R","BOSS","M","?","M","?","?","R","?","M","T","E","M","$","R","M","R","BOSS"],"items_purchased_type":["Card","Card","Relic","Relic","Relic","Card","Card","Potion"],"build_version":"2020-11-30","purchased_purges":0,"victory":false,"max_hp_per_floor":[70,70,70,70,70,70,70,70,70,70,70,70,70,70,70,70,70,70,70,70,70,70,70,70,70,70,70,70,70,70,70,70,70,75,75,75,75,75,75,75,75,75,75,75,75,80,80,80,80,80,80],"relic_stats":{"counters":[25,113],"Golden Idol":168,"HoveringKite":[6],"Letter Opener":[111],"Orichalcum":[108],"Boot":[63],"Smiling Mask":0,"MawBank":108,"Mercury Hourglass":[36],"Blood Vial":12,"Nunchaku":[7],"Shuriken":[43],"Bird Faced Urn":[23],"Black Star":4,"obtain_stats":[{"Girya":41,"Golden Idol":2,"HoveringKite":34,"Omamori":44,"Letter Opener":26,"Orichalcum":11,"Boot":9,"Ancient Tea Set":10,"Smiling Mask":29,"MawBank":29,"White Beast Statue":7,"Mercury Hourglass":44,"Blood Vial":31,"Anchor":24,"Nunchaku":43,"Shuriken":31,"MutagenicStrength":19,"Bird Faced Urn":28,"Black Star":17,"Bag of Marbles":38,"Toy Ornithopter":24,"Ring of the Snake":0,"Meat on the Bone":13},{"Girya":20,"Golden Idol":1,"HoveringKite":16,"Omamori":22,"Letter Opener":12,"Orichalcum":4,"Boot":3,"Ancient Tea Set":4,"Smiling Mask":14,"MawBank":14,"White Beast Statue":3,"Mercury Hourglass":22,"Blood Vial":15,"Anchor":11,"Nunchaku":21,"Shuriken":15,"MutagenicStrength":8,"Bird Faced Urn":13,"Black Star":7,"Bag of Marbles":18,"Toy Ornithopter":11,"Ring of the Snake":0,"Meat on the Bone":5},{"Girya":94,"Golden Idol":3,"HoveringKite":80,"Omamori":99,"Letter Opener":59,"Orichalcum":19,"Boot":16,"Ancient Tea Set":19,"Smiling Mask":66,"MawBank":66,"White Beast Statue":16,"Mercury Hourglass":99,"Blood Vial":71,"Anchor":54,"Nunchaku":95,"Shuriken":71,"MutagenicStrength":40,"Bird Faced Urn":63,"Black Star":36,"Bag of Marbles":88,"Toy Ornithopter":54,"Ring of the Snake":0,"Meat on the Bone":26}],"Toy Ornithopter":33,"Ring of the Snake":[50],"Meat on the Bone":48},"card_choices":[{"not_picked":["Slice","Predator"],"picked":"Cloak And Dagger","floor":1},{"not_picked":["Predator","Setup","Well Laid Plans"],"picked":"SKIP","floor":5},{"not_picked":["Flying Knee","Calculated Gamble","Reflex"],"picked":"SKIP","floor":7},{"not_picked":["Deadly Poison","Heel Hook","Riddle With Holes"],"picked":"SKIP","floor":10},{"not_picked":["Finisher","Bouncing Flask"],"picked":"Adrenaline","floor":13},{"not_picked":["Expertise","Noxious Fumes","Quick Slash"],"picked":"SKIP","floor":14},{"not_picked":["Corpse Explosion","Wraith Form v2"],"picked":"Burst","floor":16},{"not_picked":["Prepared","Skewer"],"picked":"Blade Dance+1","floor":18},{"not_picked":["Skewer+1","Expertise"],"picked":"Footwork","floor":20},{"not_picked":["Dagger Spray+1","Slice"],"picked":"Backstab","floor":21},{"not_picked":["Night Terror","Flying Knee"],"picked":"Cloak And Dagger+1","floor":24},{"not_picked":["PiercingWail+1","Poisoned Stab","Flechettes"],"picked":"SKIP","floor":25},{"not_picked":["Distraction","Flying Knee"],"picked":"Backflip+1","floor":27},{"not_picked":["Backflip","Noxious Fumes+1","Predator"],"picked":"SKIP","floor":29},{"not_picked":["Wraith Form v2","Acrobatics","PiercingWail+1"],"picked":"SKIP","floor":31},{"not_picked":["Corpse Explosion","Unload"],"picked":"Die Die Die","floor":33},{"not_picked":["Dagger Throw+1","Sucker Punch"],"picked":"Infinite Blades","floor":35},{"not_picked":["Setup+1","Dagger Throw","Concentrate+1"],"picked":"SKIP","floor":37},{"not_picked":["Leg Sweep","Sucker Punch","Wraith Form v2"],"picked":"SKIP","floor":39},{"not_picked":["Cloak And Dagger","Bouncing Flask"],"picked":"Blade Dance","floor":41},{"not_picked":["Prepared+1","Caltrops","Sucker Punch+1"],"picked":"SKIP","floor":42},{"not_picked":["Burst","Dash","Prepared"],"picked":"SKIP","floor":44},{"not_picked":["Quick Slash+1","Bane+1","Caltrops"],"picked":"SKIP","floor":45},{"not_picked":["Setup","Distraction+1","Backflip"],"picked":"SKIP","floor":48}],"player_experience":205290,"relics_obtained":[{"floor":7,"key":"White Beast Statue"},{"floor":9,"key":"Boot"},{"floor":10,"key":"Ancient Tea Set"},{"floor":13,"key":"Meat on the Bone"},{"floor":24,"key":"Toy Ornithopter"},{"floor":24,"key":"Anchor"},{"floor":26,"key":"Letter Opener"},{"floor":29,"key":"Smiling Mask"},{"floor":29,"key":"MawBank"},{"floor":31,"key":"Shuriken"},{"floor":31,"key":"Blood Vial"},{"floor":41,"key":"Girya"},{"floor":43,"key":"Nunchaku"},{"floor":44,"key":"Omamori"},{"floor":44,"key":"Mercury Hourglass"}],"event_choices":[{"damage_healed":0,"gold_gain":0,"player_choice":"Take Damage","damage_taken":17,"relics_obtained":["Golden Idol"],"max_hp_gain":0,"max_hp_loss":0,"event_name":"Golden Idol","floor":2,"gold_loss":0},{"damage_healed":17,"gold_gain":0,"player_choice":"Healed","damage_taken":0,"max_hp_gain":0,"max_hp_loss":0,"event_name":"The Cleric","floor":3,"gold_loss":35},{"damage_healed":0,"gold_gain":75,"player_choice":"Gold","damage_taken":11,"max_hp_gain":0,"max_hp_loss":0,"event_name":"betterThird:BetterGoop","floor":4,"gold_loss":0},{"damage_healed":0,"gold_gain":0,"player_choice":"Inject Mutagens","damage_taken":0,"relics_obtained":["MutagenicStrength"],"max_hp_gain":0,"max_hp_loss":0,"event_name":"Drug Dealer","floor":19,"gold_loss":0},{"damage_healed":0,"gold_gain":0,"player_choice":"1 cards matched","damage_taken":0,"max_hp_gain":0,"max_hp_loss":0,"event_name":"Match and Keep!","floor":22,"gold_loss":0,"cards_obtained":["Neutralize"]},{"cards_removed":["Footwork"],"damage_healed":0,"gold_gain":0,"player_choice":"Removed Power","damage_taken":0,"max_hp_gain":0,"max_hp_loss":0,"event_name":"Falling","floor":36,"gold_loss":0},{"damage_healed":0,"gold_gain":0,"player_choice":"Fight","damage_taken":0,"max_hp_gain":0,"max_hp_loss":0,"event_name":"Mysterious Sphere","floor":41,"gold_loss":0}],"is_beta":false,"boss_relics":[{"not_picked":["Astrolabe","Ring of the Serpent"],"picked":"Black Star"},{"not_picked":["Busted Crown","Sozu"],"picked":"HoveringKite"}],"items_purged_floors":[],"is_endless":false,"potions_floor_spawned":[5,7,10,13,14,16,18,20,21,24,25,27,29,31,33,35,37,39,41,42,44,45,48],"killed_by":"Time Eater","ascension_level":3}}