{"host":"mvlqq966zh3ccmv5","time":1607655340,"event":{"mods":["AchievementEnabler","BaseMod","DeckTracker","Minty Spire (QoL Compilation)","SuperFastMode"],"gold_per_floor":[113,113,72,72,86,86,104,122,122,122,133,58,58,58,58,163,163,182,82,98,98,117,117,117,133,133,133,143,159,159,175,175,272,272,283,283,283,295,70,70,85,98,98,118,118,118],"floor_reached":45,"playtime":1024,"items_purged":["Defend_P","Strike_P","Strike_P+1"],"score":409,"play_id":"734bb662-0312-48fb-9070-6fd728bd06c2","local_time":"20201211115540","is_ascension_mode":false,"campfire_choices":[{"data":"Eruption","floor":6.0,"key":"SMITH"},{"data":"Adaptation","floor":10.0,"key":"SMITH"},{"data":"Vigilance","floor":15.0,"key":"SMITH"},{"floor":23.0,"key":"REST"},{"floor":30.0,"key":"REST"},{"floor":32.0,"key":"REST"},{"floor":40.0,"key":"REST"}],"circlet_count":0,"master_deck":["Strike_P+1","Defend_P+1","Defend_P+1","Eruption+1","Vigilance+1","Adaptation+1","LessonLearned+1"],"relics":["Busted Crown"],"acts_visited":["Exordium","TheCity","TheBeyond"],"potions_floor_usage":[44],"damage_taken":[{"damage":6.0,"enemies":"Jaw Worm","floor":1.0,"turns":3.0},{"damage":2.0,"enemies":"Cultist","floor":5.0,"turns":3.0},{"damage":5.0,"enemies":"Small Slimes","floor":7.0,"turns":3.0},{"damage":2.0,"enemies":"Blue Slaver","floor":8.0,"turns":5.0},{"damage":0.0,"enemies":"Exordium Wildlife","floor":11.0,"turns":3.0},{"damage":37.0,"enemies":"The Guardian","floor":16.0,"turns":11.0},{"damage":33.0,"enemies":"3 Byrds","floor":18.0,"turns":6.0},{"damage":8.0,"enemies":"Spheric Guardian","floor":20.0,"turns":4.0},{"damage":6.0,"enemies":"Cultist and Chosen","floor":22.0,"turns":5.0},{"damage":14.0,"enemies":"Snake Plant","floor":25.0,"turns":4.0},{"damage":0.0,"enemies":"Snecko","floor":28.0,"turns":4.0},{"damage":2.0,"enemies":"Cultist and Chosen","floor":29.0,"turns":6.0},{"damage":2.0,"enemies":"Centurion and Healer","floor":31.0,"turns":5.0},{"damage":34.0,"enemies":"Collector","floor":33.0,"turns":5.0},{"damage":4.0,"enemies":"3 Shapes","floor":35.0,"turns":3.0},{"damage":17.0,"enemies":"Orb Walker","floor":38.0,"turns":4.0},{"damage":17.0,"enemies":"Writhing Mass","floor":41.0,"turns":8.0},{"damage":7.0,"enemies":"Transient","floor":42.0,"turns":5.0},{"damage":16,"enemies":"Maw","floor":44,"turns":8},{"damage":10,"enemies":"Giant Head","floor":45,"turns":6}],"seed_played":"4592639696289173779","potions_obtained":[{"floor":1.0,"key":"Dexterity Potion"},{"floor":11.0,"key":"PowerPotion"},{"floor":16.0,"key":"SteroidPotion"},{"floor":20.0,"key":"SkillPotion"},{"floor":28.0,"key":"Strength Potion"},{"floor":31.0,"key":"FearPotion"},{"floor":41.0,"key":"DuplicationPotion"}],"is_trial":false,"path_per_floor":["M","?","$","T","M","R","M","M","T","R","M","$","$","?","R","B",null,"M","$","M","?","M","R","?","M","T","T","M","M","R","M","R","B",null,"M","?","?","M","$","R","M","M","T","M","E"],"character_chosen":"WATCHER","items_purchased":["Adaptation","Strength Potion","Energy Potion"],"campfire_rested":4,"item_purchase_floors":[3,39,39],"current_hp_per_floor":[66,66,66,66,64,64,59,57,57,57,57,57,57,57,57,20,72,39,39,31,31,25,46,46,32,32,32,32,30,51,49,70,36,72,68,68,68,51,51,72,55,48,48,32,22,22],"gold":118,"neow_bonus":"BOSS_RELIC","is_daily":false,"chose_seed":false,"campfire_upgraded":3,"win_rate":0.0,"timestamp":1607655340,"path_taken":["M","?","$","?","M","R","M","M","T","R","?","$","?","?","R","BOSS","M","$","M","?","M","R","?","M","T","?","M","?","R","M","R","BOSS","M","?","?","M","$","R","?","M","T","M","E"],"items_purchased_type":["Card","Potion","Potion"],"build_version":"2020-11-30","purchased_purges":3,"victory":false,"max_hp_per_floor":[72,72,72,72,72,72,72,72,72,72,72,72,72,72,72,72,72,72,72,72,72,72,72,72,72,72,72,72,72,72,72,72,72,72,72,72,72,72,72,72,72,72,72,72,72,72],"card_choices":[{"not_picked":["Collect"],"picked":"SKIP","floor":1.0},{"not_picked":["Weave"],"picked":"SKIP","floor":5.0},{"not_picked":["Prostrate"],"picked":"SKIP","floor":7.0},{"not_picked":["SandsOfTime"],"picked":"SKIP","floor":8.0},{"not_picked":["LikeWater"],"picked":"SKIP","floor":11.0},{"not_picked":[],"picked":"LessonLearned","floor":16.0},{"not_picked":["BowlingBash+1"],"picked":"SKIP","floor":18.0},{"not_picked":["JustLucky"],"picked":"SKIP","floor":20.0},{"not_picked":["Worship+1"],"picked":"SKIP","floor":22.0},{"not_picked":["Nirvana"],"picked":"SKIP","floor":25.0},{"not_picked":["Protect"],"picked":"SKIP","floor":28.0},{"not_picked":["Sanctity+1"],"picked":"SKIP","floor":29.0},{"not_picked":["Meditate"],"picked":"SKIP","floor":31.0},{"not_picked":["Halt+1"],"picked":"SKIP","floor":35.0},{"not_picked":["Indignation+1"],"picked":"SKIP","floor":38.0},{"not_picked":["EmptyFist"],"picked":"SKIP","floor":41.0},{"not_picked":["FlyingSleeves+1"],"picked":"SKIP","floor":42.0},{"not_picked":["DeceiveReality"],"picked":"SKIP","floor":44}],"player_experience":192065,"relics_obtained":[],"event_choices":[{"cards_removed":["Strike_P"],"damage_healed":0.0,"max_hp_gain":0.0,"max_hp_loss":0.0,"gold_gain":0.0,"event_name":"Purifier","player_choice":"Purged","floor":2.0,"gold_loss":0.0,"damage_taken":0.0},{"damage_healed":0.0,"max_hp_gain":0.0,"max_hp_loss":0.0,"gold_gain":0.0,"event_name":"Dead Adventurer","player_choice":"Searched \u00270\u0027 times","floor":14.0,"gold_loss":0.0,"damage_taken":0.0},{"damage_healed":0.0,"max_hp_gain":0.0,"max_hp_loss":0.0,"gold_gain":0.0,"event_name":"Ghosts","player_choice":"Ignored","floor":21.0,"gold_loss":0.0,"damage_taken":0.0},{"cards_removed":["Defend_P"],"damage_healed":0.0,"max_hp_gain":0.0,"max_hp_loss":0.0,"gold_gain":0.0,"event_name":"Back to Basics","player_choice":"Elegance","floor":24.0,"gold_loss":0.0,"damage_taken":0.0},{"damage_healed":0.0,"max_hp_gain":0.0,"max_hp_loss":0.0,"gold_gain":0.0,"event_name":"Tomb of Lord Red Mask","player_choice":"Ignored","floor":36.0,"gold_loss":0.0,"damage_taken":0.0},{"damage_healed":0.0,"max_hp_gain":0.0,"max_hp_loss":0.0,"gold_gain":0.0,"event_name":"Accursed Blacksmith","player_choice":"Ignored","floor":37.0,"gold_loss":0.0,"damage_taken":0.0}],"is_beta":false,"boss_relics":[{"not_picked":["Sozu","Runic Pyramid","Calling Bell"]},{"not_picked":["Velvet Choker","Runic Pyramid","Runic Dome"]}],"items_purged_floors":[12,19,39],"is_endless":false,"potions_floor_spawned":[1,11,16,20,28,31,41,42],"killed_by":"Giant Head","ascension_level":0}}