{"host":"hy2szz7gr4t1h4kp","time":1607731177,"event":{"mods":["Act Like it!","Ascension Unlocker","Aspiration","BaseMod","Beaked The Cultist","Better Sensory Stone","Better Third Choice","Better-Laid Plans","Challenge The Spire","Colored Map","Custom Start","Elementarium","Energized Spire","GifTheSpireLib","Minty Spire (QoL Compilation)","Robot Space Explorer","Shade Mod","Shop Mod","StSLib","Stuff the Spire","The Cursed","The Hierophant","The Servant 0.9.4"],"gold_per_floor":[117,67,87,87,100,100,126,136,160,170,170,182,182,12,12,113,113,125,184,184,198,218,218,237,237,237,237,267,282,282,56,56,155,155,170,170,187,187,201,236,174,186,186,186,239,239,256,287,287,287,287,287,32,61,61,61],"floor_reached":55,"playtime":3690,"items_purged":["beaked:Strike_Y"],"score":854,"play_id":"3aa0856a-fd36-44f7-968f-25092bc5e964","local_time":"20201211155937","is_ascension_mode":false,"campfire_choices":[{"data":"beaked:CrazyRituals","floor":6,"key":"SMITH"},{"data":"beaked:MachineEssence","floor":15,"key":"SMITH"},{"data":"beaked:AwakenedForm","floor":23,"key":"SMITH"},{"floor":30,"key":"RECALL"},{"data":"beaked:TuckingFeathers","floor":32,"key":"SMITH"},{"data":"beaked:CursingBlood","floor":44,"key":"SMITH"},{"floor":49,"key":"REST"}],"circlet_count":0,"master_deck":["beaked:Strike_Y","beaked:Strike_Y","beaked:Defend_Y","beaked:Defend_Y","beaked:Ceremony","beaked:Ceremony","beaked:Ceremony","beaked:CrazyRituals+1","beaked:Roost","beaked:CursingBlood+1","beaked:TuckingFeathers+1","Bandage Up","beaked:CursingBlood","beaked:Tweet","beaked:MachineEssence+1","Reinforced Body","Glass Knife+1","beaked:Flinch","beaked:Sacrifice+1","beaked:CursingBlood","beaked:AwakenedForm+1","beaked:CursingBlood+1","beaked:Hexing+1","beaked:StickSmack+1","beaked:StickSmack+1","beaked:Brace+1","beaked:Windmill+1","beaked:Foresight+1","StuffTheSpire:BumpUp+1","Finisher+1","StuffTheSpire:FinalStruggle+1","beaked:WarriorEssence+1","beaked:StunningBlow+1","beaked:CursingBlood","beaked:Caw+1","beaked:KnowThyFoe","beaked:AwakenedForm+1","beaked:BloodRitual+1","Parasite","beaked:CursingBlood","beaked:VigorBurst+1","beaked:BraceForImpact+1","beaked:CursingBlood+1","beaked:AwakenedForm","beaked:BloodRitual+1","beaked:Poke+1","beaked:Daydream","beaked:CursingBlood","beaked:Insight","beaked:Brace+1"],"relics":["beaked:MendingPlumage","Prayer Wheel","Orichalcum","Pen Nib","Molten Egg 2","Sozu","Bag of Preparation","aspiration:FrozenJewel","StuffTheSpire:CocoNut","StuffTheSpire:Mouthbags","Black Star","Omamori","Juzu Bracelet","StuffTheSpire:Tea","Lantern","Bronze Scales","Dream Catcher","The Courier","aspiration:HiddenCompartment","Chemical X","StuffTheSpire:ForceGauntlet","Centennial Puzzle"],"acts_visited":["Exordium","TheCity","TheBeyond","TheEnding"],"potions_floor_usage":[7,55,55],"damage_taken":[{"damage":6,"enemies":"Jaw Worm","floor":1,"turns":5},{"damage":2,"enemies":"Small Slimes","floor":3,"turns":4},{"damage":7,"enemies":"2 Louse","floor":5,"turns":5},{"damage":36,"enemies":"3 Sentries","floor":7,"turns":6},{"damage":18,"enemies":"Lots of Slimes","floor":8,"turns":7},{"damage":19,"enemies":"2 Fungi Beasts","floor":10,"turns":7},{"damage":5,"enemies":"Blue Slaver","floor":12,"turns":10},{"damage":29,"enemies":"Slime Boss","floor":16,"turns":8},{"damage":0,"enemies":"Spheric Guardian","floor":18,"turns":3},{"damage":0,"enemies":"Chosen","floor":19,"turns":9},{"damage":28,"enemies":"Snake Plant","floor":21,"turns":6},{"damage":26,"enemies":"Snecko","floor":22,"turns":7},{"damage":16,"enemies":"Centurion and Healer","floor":24,"turns":10},{"damage":10,"enemies":"Gremlin Leader","floor":28,"turns":5},{"damage":6,"enemies":"3 Cultists","floor":29,"turns":5},{"damage":12,"enemies":"Automaton","floor":33,"turns":7},{"damage":73,"enemies":"3 Shapes","floor":35,"turns":6},{"damage":11,"enemies":"Orb Walker","floor":37,"turns":4},{"damage":33,"enemies":"Writhing Mass","floor":39,"turns":7},{"damage":63,"enemies":"Reptomancer","floor":40,"turns":7},{"damage":35,"enemies":"Maw","floor":42,"turns":6},{"damage":45,"enemies":"Giant Head","floor":45,"turns":7},{"damage":48,"enemies":"Jaw Worm Horde","floor":47,"turns":4},{"damage":50,"enemies":"Nemesis","floor":48,"turns":5},{"damage":97,"enemies":"Awakened One","floor":50,"turns":10},{"damage":50,"enemies":"Shield and Spear","floor":54,"turns":4},{"damage":79,"enemies":"The Heart","floor":55,"turns":6}],"seed_played":"7419293174252592100","potions_obtained":[{"floor":1,"key":"Weak Potion"},{"floor":3,"key":"PowerPotion"},{"floor":5,"key":"BlessingOfTheForge"},{"floor":10,"key":"EssenceOfSteel"}],"is_trial":false,"path_per_floor":["M","?","M","?","M","R","E","M","T","M","?","M","?","$","R","B",null,"M","M","?","M","M","R","M","?","T","?","E","M","R","$","R","B",null,"M","?","M","?","M","E","?","M","T","R","E","?","M","E","R","B",null,"R","$","E","B"],"character_chosen":"BEAKED_THE_CULTIST","items_purchased":["beaked:Sacrifice+1","beaked:CursingBlood","StuffTheSpire:Mouthbags","Chemical X","beaked:Poke+1","beaked:Daydream","beaked:CursingBlood","beaked:Insight"],"campfire_rested":1,"item_purchase_floors":[14,14,31,53,53,53,53,53],"current_hp_per_floor":[45,45,45,45,45,45,34,45,45,44,3,45,45,45,45,45,45,48,48,48,48,51,51,51,51,51,51,61,64,64,64,64,64,64,67,67,70,70,60,60,60,74,74,74,75,71,60,33,54,71,71,71,71,27,0,0],"gold":61,"neow_bonus":"ONE_RARE_RELIC","is_daily":false,"chose_seed":false,"campfire_upgraded":5,"win_rate":0.0,"timestamp":1607731177,"path_taken":["M","?","M","?","M","R","E","M","T","M","?","M","?","$","R","BOSS","M","?","?","M","M","R","M","?","T","?","E","M","R","?","R","BOSS","M","?","?","?","M","E","?","M","T","R","E","?","M","E","R","BOSS","R","$","E","BOSS"],"items_purchased_type":["Card","Card","Relic","Relic","Card","Card","Card","Card"],"build_version":"2020-11-30","purchased_purges":1,"victory":false,"max_hp_per_floor":[45,45,45,45,45,45,45,45,45,45,45,45,45,45,45,45,45,48,48,48,48,51,51,51,51,51,51,61,64,64,64,64,64,64,67,67,70,70,70,70,70,75,75,75,75,71,71,71,71,71,71,71,71,71,71,71],"card_choices":[{"not_picked":["beaked:CursingBlood","beaked:Devastation"],"picked":"beaked:CrazyRituals","floor":1},{"not_picked":["beaked:Evade","beaked:RuinSticks"],"picked":"beaked:Roost","floor":1},{"not_picked":["beaked:FeelMyPain","beaked:Flinch"],"picked":"beaked:CursingBlood","floor":3},{"not_picked":["beaked:WindBringer","beaked:FeelMyPain"],"picked":"beaked:TuckingFeathers","floor":3},{"not_picked":["Thinking Ahead","StuffTheSpire:PlasmaPulse"],"picked":"Bandage Up","floor":4},{"not_picked":["beaked:RuinSticks","beaked:Resilience","beaked:Poke"],"picked":"SKIP","floor":5},{"not_picked":["beaked:RitualOfBody","beaked:SurvivalInstinct","beaked:Poke"],"picked":"SKIP","floor":5},{"not_picked":["beaked:FeelMyPain","beaked:SacrificialAttack"],"picked":"beaked:CursingBlood","floor":7},{"not_picked":["beaked:DigDeep","beaked:Devastation","beaked:Poke"],"picked":"SKIP","floor":8},{"not_picked":["beaked:FeelMyPain","beaked:Daydream","beaked:HuntressEssence"],"picked":"SKIP","floor":8},{"not_picked":["beaked:Negation","beaked:Poke"],"picked":"beaked:Tweet","floor":10},{"not_picked":["beaked:Foresight","beaked:WarriorSpirit"],"picked":"beaked:MachineEssence","floor":10},{"not_picked":["beaked:Redirect","beaked:BraceForImpact"],"picked":"beaked:Flinch","floor":12},{"not_picked":["beaked:Negation","beaked:Resilience","beaked:Cower"],"picked":"SKIP","floor":12},{"not_picked":["beaked:KnowThyFoe","beaked:SacrificialScars"],"picked":"beaked:AwakenedForm","floor":16},{"not_picked":["beaked:SurvivalInstinct","beaked:Tradeoff"],"picked":"beaked:CursingBlood+1","floor":18},{"not_picked":["beaked:TuckingFeathers","beaked:Insight"],"picked":"beaked:Hexing+1","floor":18},{"not_picked":["beaked:Tradeoff","beaked:Resilience+1"],"picked":"beaked:StickSmack+1","floor":19},{"not_picked":["beaked:Overexert","beaked:WarriorSpirit+1","beaked:Tradeoff+1"],"picked":"SKIP","floor":19},{"not_picked":["beaked:Resilience","beaked:Negation"],"picked":"beaked:StickSmack+1","floor":21},{"not_picked":["beaked:WindBringer+1","beaked:Evade","beaked:SurvivalInstinct"],"picked":"SKIP","floor":21},{"not_picked":["beaked:SacrificialDive","beaked:Insight"],"picked":"beaked:Brace+1","floor":22},{"not_picked":["beaked:Tweet","beaked:Evade","beaked:Mantra+1"],"picked":"SKIP","floor":22},{"not_picked":["beaked:Struggle+1","beaked:SurvivalInstinct"],"picked":"beaked:Windmill+1","floor":24},{"not_picked":["beaked:Flinch","beaked:DesperateSwing+1"],"picked":"beaked:Foresight+1","floor":24},{"not_picked":["beaked:MachineEssence","beaked:Tweet"],"picked":"beaked:WarriorEssence+1","floor":28},{"not_picked":["beaked:Resilience","beaked:StickSmack+1"],"picked":"beaked:StunningBlow+1","floor":29},{"not_picked":["beaked:RuinSticks+1","beaked:MimicMachine"],"picked":"beaked:CursingBlood","floor":29},{"not_picked":["beaked:ScreechingChant","beaked:CheekyTricks"],"picked":"beaked:KnowThyFoe","floor":33},{"not_picked":["beaked:Evade+1","beaked:HuntressSpirit+1","beaked:Roost+1"],"picked":"SKIP","floor":35},{"not_picked":["beaked:Redirect+1","beaked:DigDeep+1","beaked:Foresight+1"],"picked":"SKIP","floor":35},{"not_picked":["beaked:BarbedWire+1","beaked:VigorBurst"],"picked":"beaked:BloodRitual+1","floor":37},{"not_picked":["beaked:FeelMyPain","beaked:VolatileMisfortune","beaked:Evade"],"picked":"SKIP","floor":37},{"not_picked":["beaked:Cower","beaked:Evade"],"picked":"beaked:CursingBlood","floor":39},{"not_picked":["beaked:Foresight","beaked:Tradeoff","beaked:Cower"],"picked":"SKIP","floor":39},{"not_picked":["beaked:Struggle+1","beaked:FeelMyPain","beaked:Tweet"],"picked":"SKIP","floor":40},{"not_picked":["beaked:Flinch","beaked:BraceForImpact"],"picked":"beaked:VigorBurst+1","floor":42},{"not_picked":["beaked:BarbedWire","beaked:FeelMyPain+1","beaked:Roost"],"picked":"SKIP","floor":42},{"not_picked":["beaked:Flinch","beaked:Negation+1"],"picked":"beaked:BraceForImpact+1","floor":45},{"not_picked":["beaked:Negation+1","beaked:Redirect"],"picked":"beaked:CursingBlood+1","floor":47},{"not_picked":["beaked:Windmill+1","beaked:Flinch"],"picked":"beaked:AwakenedForm","floor":47},{"not_picked":["beaked:Cower+1","beaked:Tweet","beaked:VolatileMisfortune"],"picked":"SKIP","floor":48},{"not_picked":["beaked:Tweet","beaked:MimicMachine+1"],"picked":"beaked:BloodRitual+1","floor":49},{"not_picked":["beaked:Resilience","beaked:MaddeningMurmurs"],"picked":"beaked:Brace+1","floor":54}],"player_experience":313046,"relics_obtained":[{"floor":7,"key":"Orichalcum"},{"floor":26,"key":"aspiration:FrozenJewel"},{"floor":28,"key":"StuffTheSpire:CocoNut"},{"floor":40,"key":"Omamori"},{"floor":40,"key":"Juzu Bracelet"},{"floor":43,"key":"Lantern"},{"floor":45,"key":"Bronze Scales"},{"floor":45,"key":"Dream Catcher"},{"floor":48,"key":"The Courier"},{"floor":48,"key":"aspiration:HiddenCompartment"},{"floor":54,"key":"StuffTheSpire:ForceGauntlet"},{"floor":54,"key":"Centennial Puzzle"}],"event_choices":[{"cards_removed":["beaked:Defend_Y"],"damage_healed":0,"gold_gain":0,"player_choice":"Card Removal","damage_taken":0,"max_hp_gain":0,"max_hp_loss":0,"event_name":"The Cleric","floor":2,"gold_loss":50},{"damage_healed":0,"gold_gain":1,"player_choice":"1","damage_taken":0,"max_hp_gain":0,"max_hp_loss":0,"event_name":"betterStone:BetterStone","floor":4,"gold_loss":0},{"cards_removed":["beaked:Defend_Y"],"damage_healed":0,"gold_gain":0,"player_choice":"Purged","damage_taken":0,"max_hp_gain":0,"max_hp_loss":0,"event_name":"Purifier","floor":13,"gold_loss":0},{"damage_healed":0,"gold_gain":0,"player_choice":"Opened","damage_taken":0,"relics_obtained":["Bag of Preparation"],"max_hp_gain":0,"max_hp_loss":0,"event_name":"The Mausoleum","floor":20,"gold_loss":0},{"damage_healed":0,"gold_gain":0,"player_choice":"Read","damage_taken":0,"max_hp_gain":0,"max_hp_loss":0,"event_name":"The Library","floor":27,"gold_loss":0,"cards_obtained":["beaked:Caw"]},{"damage_healed":0,"gold_gain":0,"player_choice":"Copied","damage_taken":0,"max_hp_gain":0,"max_hp_loss":0,"event_name":"Duplicator","floor":36,"gold_loss":0,"cards_obtained":["beaked:AwakenedForm"]},{"damage_healed":0,"gold_gain":0,"player_choice":"Ignored","damage_taken":0,"max_hp_gain":0,"max_hp_loss":0,"event_name":"Tomb of Lord Red Mask","floor":38,"gold_loss":0},{"damage_healed":0,"gold_gain":0,"player_choice":"Paid Gold","damage_taken":0,"relics_obtained":["StuffTheSpire:Tea"],"max_hp_gain":0,"max_hp_loss":0,"event_name":"WeMeetAgain","floor":41,"gold_loss":62},{"damage_healed":0,"gold_gain":0,"player_choice":"Max HP","damage_taken":0,"max_hp_gain":0,"max_hp_loss":4,"event_name":"Winding Halls","floor":46,"gold_loss":0}],"is_beta":false,"boss_relics":[{"not_picked":["beaked:SacrificeDoll","energizedSpire:RedRose"],"picked":"Sozu"},{"not_picked":["energizedSpire:StickyHand","Coffee Dripper"],"picked":"Black Star"}],"items_purged_floors":[31],"is_endless":false,"potions_floor_spawned":[1,3,5,10,16,19,29,33,35,39,40,47,48,54],"killed_by":"The Heart","ascension_level":0}}