{"host":"b4asi0laiv85suj9","time":1607684524,"event":{"mods":["BaseMod","Minty Spire (QoL Compilation)","MostiFishMod","Relic Stats","StSLib","TestMod","noobMod"],"gold_per_floor":[118,68,86,86,97,97,129,129,129,129,148,179,179,212,212,313,313,332,349,41,57,67,96,109,109,109,136,148,161,187,97,97,202,202,222,142,162,179,179,204,221,233,233,265,265,298,317,69,69,69,69,69,31,64,64],"floor_reached":56,"playtime":3117,"items_purged":["Consume","Auto Shields"],"score":2519,"play_id":"512057e2-a362-4dc1-b491-48db9907c548","local_time":"20201211190204","is_ascension_mode":true,"campfire_choices":[{"data":"Storm","floor":6,"key":"SMITH"},{"data":"Zap","floor":8,"key":"SMITH"},{"data":"Dualcast","floor":10,"key":"SMITH"},{"data":"Well Laid Plans","floor":15,"key":"SMITH"},{"data":"MostiFishMod:Prepare","floor":25,"key":"SMITH"},{"floor":32,"key":"RECALL"},{"data":"MostiFishMod:LinkProtocol","floor":45,"key":"SMITH"},{"data":"TalkToTheHand","floor":49,"key":"SMITH"},{"data":"Hologram","floor":52,"key":"SMITH"}],"circlet_count":0,"master_deck":["Zap+1","Dualcast+1","Storm+1","Well Laid Plans+1","Coolheaded","Hologram+1","MostiFishMod:Confrontation+1","Self Repair","MostiFishMod:Prepare+1","FTL","Inflame","TalkToTheHand+1","Flash of Steel","MostiFishMod:LinkProtocol+1"],"relics":["testmod-TestBox","DaveBox","ice","GreenFoldingFan","testmod-FatalChain","BirthdayGift-Icosahedron","Question Card","PrismaticShard","Matryoshka","Whetstone","Akabeko","Du-Vu Doll","Vajra","ImportantClient","Pandora\u0027s Box","Dead Branch","testmod-TurbochargingSystem","Blood Vial","testmod-Nyarlathotep","SynthV:C4","Question Card","testmod-TimeTraveler","Bottled Tornado","ImprovedEquipment","Bottled Lightning","Lizard Tail","testmod-IntensifyImprint","testmod-ThousandKnives"],"acts_visited":["Exordium","TheCity","TheBeyond","TheEnding"],"potions_floor_usage":[42,55,55],"damage_taken":[{"damage":0,"enemies":"Cultist","floor":1,"turns":2},{"damage":0,"enemies":"2 Louse","floor":3,"turns":1},{"damage":14,"enemies":"Jaw Worm","floor":5,"turns":2},{"damage":2,"enemies":"Lagavulin","floor":7,"turns":2},{"damage":0,"enemies":"Lots of Slimes","floor":11,"turns":1},{"damage":0,"enemies":"3 Sentries","floor":12,"turns":1},{"damage":0,"enemies":"Gremlin Nob","floor":14,"turns":1},{"damage":41,"enemies":"Hexaghost","floor":16,"turns":3},{"damage":0,"enemies":"3 Byrds","floor":18,"turns":1},{"damage":0,"enemies":"2 Thieves","floor":19,"turns":1},{"damage":0,"enemies":"Centurion and Healer","floor":21,"turns":1},{"damage":2,"enemies":"Shelled Parasite and Fungi","floor":22,"turns":2},{"damage":2,"enemies":"Gremlin Leader","floor":23,"turns":2},{"damage":15,"enemies":"Snake Plant","floor":24,"turns":2},{"damage":0,"enemies":"Book of Stabbing","floor":27,"turns":1},{"damage":0,"enemies":"Centurion and Healer","floor":28,"turns":1},{"damage":0,"enemies":"Sentry and Sphere","floor":29,"turns":1},{"damage":0,"enemies":"Gremlin Leader","floor":30,"turns":1},{"damage":2,"enemies":"Champ","floor":33,"turns":2},{"damage":0,"enemies":"3 Darklings","floor":35,"turns":1},{"damage":0,"enemies":"3 Shapes","floor":37,"turns":1},{"damage":0,"enemies":"Spire Growth","floor":38,"turns":1},{"damage":0,"enemies":"Giant Head","floor":40,"turns":1},{"damage":0,"enemies":"Jaw Worm Horde","floor":41,"turns":1},{"damage":4,"enemies":"Transient","floor":42,"turns":3},{"damage":0,"enemies":"Reptomancer","floor":44,"turns":1},{"damage":0,"enemies":"Giant Head","floor":46,"turns":1},{"damage":0,"enemies":"3 Darklings","floor":47,"turns":1},{"damage":2,"enemies":"Awakened One","floor":50,"turns":2},{"damage":0,"enemies":"Shield and Spear","floor":54,"turns":1},{"damage":0,"enemies":"The Heart","floor":55,"turns":2}],"seed_played":"3916820460167733589","potions_obtained":[{"floor":1,"key":"SteroidPotion"},{"floor":7,"key":"SneckoOil"},{"floor":13,"key":"FocusPotion"},{"floor":13,"key":"PowerPotion"},{"floor":13,"key":"Regen Potion"},{"floor":29,"key":"FocusPotion"},{"floor":42,"key":"testmod-SpacePotion"},{"floor":47,"key":"EssenceOfDarkness"}],"is_trial":false,"path_per_floor":["M","?","M","?","M","R","E","R","T","R","M","E","?","E","R","B",null,"M","M","$","M","M","E","M","R","T","E","M","M","E","?","R","B",null,"M","$","M","M","?","E","M","M","T","E","R","E","M","$","R","B",null,"R","$","E","B",null],"character_chosen":"DEFECT","items_purchased":["Dead Branch","testmod-IntensifyImprint","ColorlessPotion"],"campfire_rested":0,"item_purchase_floors":[20,48,53],"current_hp_per_floor":[75,75,75,63,60,60,69,69,69,69,75,75,75,75,75,45,68,75,75,75,75,75,75,71,71,71,75,75,75,75,75,75,75,75,75,75,75,75,75,75,75,75,75,75,75,75,75,75,75,75,75,75,75,75,75],"gold":64,"neow_bonus":"BOSS_RELIC","is_daily":false,"chose_seed":false,"campfire_upgraded":8,"win_rate":0.0,"timestamp":1607684524,"path_taken":["M","?","M","?","M","R","E","R","T","R","M","E","?","E","R","BOSS","M","M","$","M","?","E","?","R","T","E","M","M","E","?","R","BOSS","M","$","?","M","?","E","M","?","T","E","R","E","M","$","R","BOSS","R","$","E","BOSS"],"items_purchased_type":["Relic","Relic","Potion"],"build_version":"2020-11-30","purchased_purges":2,"victory":true,"max_hp_per_floor":[75,75,75,75,75,75,75,75,75,75,75,75,75,75,75,75,75,75,75,75,75,75,75,75,75,75,75,75,75,75,75,75,75,75,75,75,75,75,75,75,75,75,75,75,75,75,75,75,75,75,75,75,75,75,75],"relic_stats":{"Blood Vial":2,"Lizard Tail":0,"counters":[31,44],"Dead Branch":[134],"Pandora\u0027s Box":["Auto Shields","Lockon","Self Repair","Self Repair","MostiFishMod:Prepare","FTL","Consume"],"Whetstone":["Strike_B","Strike_B"],"Question Card":39,"obtain_stats":[{"DaveBox":0,"Vajra":14,"ice":0,"BirthdayGift-Icosahedron":0,"Whetstone":7,"testmod-Nyarlathotep":26,"Bottled Tornado":40,"PrismaticShard":1,"SynthV:C4":27,"Blood Vial":26,"GreenFoldingFan":0,"Lizard Tail":46,"Matryoshka":4,"testmod-ThousandKnives":54,"Cracked Core":0,"ImportantClient":16,"testmod-IntensifyImprint":48,"testmod-TestBox":0,"testmod-TimeTraveler":34,"testmod-FatalChain":0,"Dead Branch":20,"ImprovedEquipment":43,"testmod-TurbochargingSystem":23,"Question Card":1,"Akabeko":9,"Du-Vu Doll":12,"Pandora\u0027s Box":17,"Bottled Lightning":44},{"DaveBox":0,"Vajra":7,"ice":0,"BirthdayGift-Icosahedron":0,"Whetstone":4,"testmod-Nyarlathotep":14,"Bottled Tornado":23,"PrismaticShard":1,"SynthV:C4":15,"Blood Vial":14,"GreenFoldingFan":0,"Lizard Tail":27,"Matryoshka":2,"testmod-ThousandKnives":30,"Cracked Core":0,"ImportantClient":8,"testmod-IntensifyImprint":28,"testmod-TestBox":0,"testmod-TimeTraveler":19,"testmod-FatalChain":0,"Dead Branch":10,"ImprovedEquipment":25,"testmod-TurbochargingSystem":13,"Question Card":1,"Akabeko":4,"Du-Vu Doll":6,"Pandora\u0027s Box":8,"Bottled Lightning":26},{"DaveBox":0,"Vajra":10,"ice":0,"BirthdayGift-Icosahedron":0,"Whetstone":7,"testmod-Nyarlathotep":22,"Bottled Tornado":32,"PrismaticShard":2,"SynthV:C4":23,"Blood Vial":22,"GreenFoldingFan":0,"Lizard Tail":38,"Matryoshka":3,"testmod-ThousandKnives":42,"Cracked Core":0,"ImportantClient":13,"testmod-IntensifyImprint":39,"testmod-TestBox":0,"testmod-TimeTraveler":28,"testmod-FatalChain":0,"Dead Branch":15,"ImprovedEquipment":36,"testmod-TurbochargingSystem":20,"Question Card":2,"Akabeko":7,"Du-Vu Doll":9,"Pandora\u0027s Box":13,"Bottled Lightning":37}]},"card_choices":[{"not_picked":["Gash","Stack"],"picked":"Storm","floor":1},{"not_picked":["Perfected Strike","ThirdEye","Cleave","JustLucky"],"picked":"SKIP","floor":3},{"not_picked":["Conserve Battery","EmptyFist","testmod-DeathImprint","Body Slam"],"picked":"SKIP","floor":5},{"not_picked":["Barrage","Anger","Corruption"],"picked":"Well Laid Plans","floor":7},{"not_picked":["Underhanded Strike","Dagger Throw","Perseverance"],"picked":"Coolheaded","floor":11},{"not_picked":["Consume","testmod-TradeIn","Underhanded Strike","Lockon"],"picked":"SKIP","floor":12},{"not_picked":["InnerPeace","MostiFishMod:FlowState","Headbutt"],"picked":"Hologram","floor":14},{"not_picked":["MostiFishMod:ShivMaster","Violence","MostiFishMod:TheEndOfMoonlight"],"picked":"MostiFishMod:Confrontation","floor":16},{"not_picked":["Barrage+1","MostiFishMod:PreservedThorns","Cloak And Dagger+1"],"picked":"Inflame","floor":18},{"not_picked":["Poisoned Stab","Evaluate","FlurryOfBlows","Gash"],"picked":"SKIP","floor":19},{"not_picked":["Quick Slash+1","Slice","testmod-ComboMaster","Cloak And Dagger+1"],"picked":"SKIP","floor":21},{"not_picked":["CrushJoints","Steam","Disarm"],"picked":"TalkToTheHand","floor":22},{"not_picked":["Nirvana","testmod-BackupPower","Flex+1","Havoc"],"picked":"SKIP","floor":23},{"not_picked":["Madness","Dagger Spray","Consecrate","Discovery+1"],"picked":"SKIP","floor":24},{"not_picked":["Cloak And Dagger","BowlingBash+1","FollowUp+1","FearNoEvil+1"],"picked":"SKIP","floor":27},{"not_picked":["Corpse Explosion","CarveReality+1","Burning Pact+1"],"picked":"Flash of Steel","floor":28},{"not_picked":["Streamline","Clash+1","Steam","testmod-Bloodthirsty+1"],"picked":"SKIP","floor":29},{"not_picked":["MostiFishMod:Disappear","JustLucky","DeceiveReality","Rip and Tear"],"picked":"SKIP","floor":30},{"not_picked":["testmod-FightingIntention","Scrawl","Core Surge","Envenom"],"picked":"MostiFishMod:LinkProtocol","floor":33},{"not_picked":["Crescendo","Sucker Punch+1","Heavy Blade+1","Body Slam+1","Prostrate+1"],"picked":"SKIP","floor":35},{"not_picked":["EmptyMind+1","Perseverance","EmptyFist+1","Hologram","Anger+1"],"picked":"SKIP","floor":37},{"not_picked":["Anger+1","testmod-LifeRuler","Halt+1","LikeWater+1","Rage"],"picked":"SKIP","floor":38},{"not_picked":["Cleave+1","Night Terror","LikeWater","Genetic Algorithm+1","Anger"],"picked":"SKIP","floor":40},{"not_picked":["FlurryOfBlows+1","Iron Wave","testmod-HeadAttack+1","Riddle With Holes","Flying Knee"],"picked":"SKIP","floor":41},{"not_picked":["Clash","FearNoEvil","Storm+1","Battle Trance","Shrug It Off+1"],"picked":"SKIP","floor":42},{"not_picked":["Rage+1","MostiFishMod:SpreadingSpore","Sanctity+1","Deadly Poison","Slice+1"],"picked":"SKIP","floor":44},{"not_picked":["Scrape","Dagger Spray+1","Slice+1","Weave+1","FlyingSleeves"],"picked":"SKIP","floor":46},{"not_picked":["WheelKick+1","Quick Slash+1","Protect+1","Iron Wave+1","FTL"],"picked":"SKIP","floor":47},{"not_picked":["Redo","Poisoned Stab+1","testmod-PocketStoneCalender","Dagger Spray","MostiFishMod:PerfectParry+1"],"picked":"SKIP","floor":54}],"player_experience":170356,"relics_obtained":[{"floor":1,"key":"Question Card"},{"floor":1,"key":"PrismaticShard"},{"floor":7,"key":"Whetstone"},{"floor":9,"key":"Akabeko"},{"floor":12,"key":"Du-Vu Doll"},{"floor":14,"key":"Vajra"},{"floor":16,"key":"ImportantClient"},{"floor":23,"key":"testmod-TurbochargingSystem"},{"floor":26,"key":"Blood Vial"},{"floor":26,"key":"testmod-Nyarlathotep"},{"floor":27,"key":"SynthV:C4"},{"floor":30,"key":"Question Card"},{"floor":40,"key":"Bottled Tornado"},{"floor":43,"key":"ImprovedEquipment"},{"floor":44,"key":"Bottled Lightning"},{"floor":46,"key":"Lizard Tail"},{"floor":54,"key":"testmod-ThousandKnives"}],"event_choices":[{"cards_removed":["Strike_B"],"damage_healed":0,"gold_gain":0,"player_choice":"Card Removal","damage_taken":0,"max_hp_gain":0,"max_hp_loss":0,"event_name":"The Cleric","floor":2,"gold_loss":50},{"damage_healed":0,"gold_gain":0,"player_choice":"Success","damage_taken":12,"relics_obtained":["Matryoshka"],"max_hp_gain":0,"max_hp_loss":0,"event_name":"Scrap Ooze","floor":4,"gold_loss":0},{"damage_healed":0,"gold_gain":0,"player_choice":"Got Potions","damage_taken":0,"max_hp_gain":0,"max_hp_loss":0,"event_name":"Lab","floor":13,"gold_loss":0},{"cards_removed":["Self Repair"],"damage_healed":0,"gold_gain":0,"player_choice":"Upgrade and Remove","damage_taken":0,"max_hp_gain":0,"max_hp_loss":0,"event_name":"Designer","floor":31,"gold_loss":90,"cards_upgraded":["MostiFishMod:Confrontation"]},{"cards_removed":["Lockon"],"damage_healed":0,"gold_gain":0,"player_choice":"Offered Uncommon","damage_taken":0,"max_hp_gain":0,"max_hp_loss":0,"event_name":"Bonfire Elementals","floor":39,"gold_loss":0}],"is_beta":false,"boss_relics":[{"not_picked":["testmod-D_4","xbg"],"picked":"Pandora\u0027s Box"},{"not_picked":["Busted Crown","NightmareShop"],"picked":"testmod-TimeTraveler"}],"items_purged_floors":[20,36],"is_endless":false,"potions_floor_spawned":[1,7,24,27,29,30,37,40,42,47],"ascension_level":9}}