{"host":"951sez6ulsv0fw1i","time":1607704809,"event":{"mods":["2.2 Compatiblity","Aspiration","BaseMod","BetterRewards","Conspire","Downfall","Googly Eyes","Infinite Spire","JesterMod","Luminous","Marisa????????","Minty Spire (QoL Compilation)","StSLib","The Cursed","The Mystic","The Poker Player","The Servant 0.9.4"],"gold_per_floor":[116,116,136,64,64,64,93,93,93,107,107,119,144,94,94,197,197,215,215,215,215],"floor_reached":20,"playtime":754,"items_purged":[],"score":180,"play_id":"775eacbc-72cd-4ccb-bf4c-b1041c483d06","local_time":"20201211174009","is_ascension_mode":false,"campfire_choices":[{"data":"jesterMod:Hide","floor":6,"key":"SMITH"},{"floor":8,"key":"REST"},{"data":"jesterMod:Precipitation","floor":11,"key":"SMITH"},{"data":"jesterMod:Inspiration","floor":15,"key":"SMITH"}],"circlet_count":0,"master_deck":["conspire:GhostlyStrike","conspire:GhostlyStrike","conspire:GhostlyStrike","jesterMod:Sickle","conspire:GhostlyDefend","conspire:GhostlyDefend","conspire:GhostlyDefend","jesterMod:Dodge","jesterMod:Hide+1","jesterMod:Precipitation+1","jesterMod:TrickyDodge","jesterMod:HitAndRun","jesterMod:JackInTheBox","jesterMod:MudBall","jesterMod:Inspiration+1","jesterMod:TrickyDodge","jesterMod:Encore","CurseOfTheBell","jesterMod:RecklessStrike+1"],"relics":["Ring of the Snake","infinitespire:Cubic Diamond","Ancient Tea Set","Gremlin Horn","infinitespire:Lucky Rock","Calling Bell","PreservedInsect","Ornamental Fan","infinitespire:Magic Flask"],"acts_visited":["Exordium","TheCity"],"potions_floor_usage":[13],"damage_taken":[{"damage":8,"enemies":"Small Slimes","floor":1,"turns":4},{"damage":6,"enemies":"2 Louse","floor":3,"turns":3},{"damage":10,"enemies":"3 Sentries","floor":7,"turns":8},{"damage":0,"enemies":"Jaw Worm","floor":10,"turns":3},{"damage":0,"enemies":"Looter","floor":12,"turns":3},{"damage":17,"enemies":"Lagavulin","floor":13,"turns":8},{"damage":39,"enemies":"Slime Boss","floor":16,"turns":12},{"damage":28,"enemies":"Chosen","floor":18,"turns":6},{"damage":0,"enemies":"3 Byrds","floor":20,"turns":1}],"seed_played":"-8459728750677806560","potions_obtained":[{"floor":1,"key":"Fire Potion"},{"floor":10,"key":"PowerPotion"},{"floor":12,"key":"sneckomod:MuddlingPotion"}],"is_trial":false,"path_per_floor":["M","?","M","$","?","R","E","R","T","M","R","M","E","?","R","B",null,"M","?","M"],"character_chosen":"THE_JESTER","items_purchased":["jesterMod:HitAndRun"],"campfire_rested":1,"item_purchase_floors":[4],"current_hp_per_floor":[62,62,56,56,56,56,46,67,67,67,67,67,50,50,50,11,70,42,42,42,42],"gold":215,"neow_bonus":"TRANSFORM_TWO_CARDS","is_daily":false,"chose_seed":false,"campfire_upgraded":3,"win_rate":0.0,"timestamp":1607704809,"path_taken":["M","?","M","$","?","R","E","R","T","M","R","M","E","?","R","BOSS","M","?","M"],"items_purchased_type":["Card"],"build_version":"2020-11-30","purchased_purges":0,"victory":false,"max_hp_per_floor":[70,70,70,70,70,70,70,70,70,70,70,70,70,70,70,70,70,70,70,70,70],"card_choices":[{"not_picked":["jesterMod:SmokeScreen","jesterMod:Twirl"],"picked":"jesterMod:Precipitation","floor":1},{"not_picked":["jesterMod:Twirl","jesterMod:JackInTheBox"],"picked":"jesterMod:TrickyDodge","floor":3},{"not_picked":["jesterMod:Illness","jesterMod:Arrythmia"],"picked":"jesterMod:JackInTheBox","floor":7},{"not_picked":["jesterMod:ButterKnife","jesterMod:Hide"],"picked":"jesterMod:MudBall","floor":10},{"not_picked":["jesterMod:OblivionStrike","jesterMod:Feint"],"picked":"jesterMod:Inspiration","floor":12},{"not_picked":["jesterMod:DesperateStrike","jesterMod:Contradiction"],"picked":"jesterMod:TrickyDodge","floor":13},{"not_picked":["jesterMod:Finale","jesterMod:Placebo"],"picked":"jesterMod:Encore","floor":16},{"not_picked":["jesterMod:DancingMad","jesterMod:TrickyDodge+1"],"picked":"jesterMod:RecklessStrike+1","floor":18}],"player_experience":472833,"relics_obtained":[{"floor":7,"key":"Ancient Tea Set"},{"floor":9,"key":"Gremlin Horn"},{"floor":13,"key":"infinitespire:Lucky Rock"},{"floor":17,"key":"PreservedInsect"},{"floor":17,"key":"Ornamental Fan"},{"floor":17,"key":"infinitespire:Magic Flask"}],"event_choices":[{"damage_healed":0,"gold_gain":0,"player_choice":"Agree","damage_taken":0,"max_hp_gain":0,"max_hp_loss":0,"event_name":"conspire:LoneGhost","floor":5,"gold_loss":0},{"cards_removed":["sneckomod:Bewildered"],"damage_healed":0,"gold_gain":0,"player_choice":"Card Removal","damage_taken":0,"max_hp_gain":0,"max_hp_loss":0,"event_name":"The Cleric","floor":14,"gold_loss":50},{"cards_removed":["jesterMod:JackInTheBox"],"damage_healed":0,"gold_gain":0,"player_choice":"Elegance","damage_taken":0,"max_hp_gain":0,"max_hp_loss":0,"event_name":"Back to Basics","floor":19,"gold_loss":0}],"is_beta":false,"boss_relics":[{"not_picked":["Cursed Key","jesterMod:JokerCard"],"picked":"Calling Bell"}],"items_purged_floors":[],"is_endless":false,"potions_floor_spawned":[1,10,12],"killed_by":"3 Byrds","ascension_level":0}}