{"host":"szp1d6dso4pv7ddl","time":1607652107,"event":{"mods":["AchievementEnabler","Alarm Clock","BaseMod","Bestiary","Block Reminder","Colored Map","Colored Powertips","Curses Come First","DeckTracker","Displayed Cursed Tome","Highlight Path","Minty Spire (QoL Compilation)","Permanent Neow","Quick Restart","Relic Stats","StSLib"],"gold_per_floor":[112,123,123,46,61,88,100,165,165,165,240,205,205,51,51,153,153,169,169,169,189,204,231,231,245,245,277,202,231,231,110,110,205,205,217,270,54,54,66,17,27,27,27,27,77,91,91,103,103,103,103,103,53,80,80,80],"floor_reached":55,"playtime":4337,"items_purged":["Strike_B","Strike_B","Strike_B+1","Dualcast"],"score":721,"play_id":"9ace084d-fd52-42b7-a0a1-5734233f65b5","local_time":"20201210180147","is_ascension_mode":false,"campfire_choices":[{"floor":10.0,"key":"REST"},{"floor":15.0,"key":"REST"},{"data":"Redo","floor":24.0,"key":"SMITH"},{"floor":30.0,"key":"RECALL"},{"floor":32.0,"key":"REST"},{"data":"Scrape","floor":44.0,"key":"SMITH"},{"data":"Zap","floor":47.0,"key":"SMITH"},{"data":"Reboot","floor":49.0,"key":"SMITH"},{"data":"Electrodynamics","floor":52.0,"key":"SMITH"}],"circlet_count":0,"master_deck":["Defend_B","Defend_B","Defend_B","Defend_B","Zap+1","Reboot+1","Conserve Battery+1","Electrodynamics+1","Biased Cognition","Redo+1","Self Repair+1","Redo+1","FTL+1","Scrape+1","All For One","Self Repair+1","Hologram+1","Turbo+1","Capacitor+1","Machine Learning+1","CurseOfTheBell","Hologram+1","Scrape+1","Conserve Battery+1","Self Repair+1","Redo+1","Redo+1","Conserve Battery+1","Hologram+1","BootSequence+1"],"relics":["Cracked Core","CultistMask","Meat on the Bone","Toxic Egg 2","Frozen Egg 2","Nuclear Battery","Smiling Mask","Gremlin Horn","Akabeko","Juzu Bracelet","Calling Bell","Pen Nib","HornCleat","FossilizedHelix","Unceasing Top","Torii","Centennial Puzzle"],"acts_visited":[],"potions_floor_usage":[55,55],"damage_taken":[{"damage":2.0,"enemies":"2 Louse","floor":1.0,"turns":2.0},{"damage":6.0,"enemies":"Cultist","floor":2.0,"turns":3.0},{"damage":2.0,"enemies":"Jaw Worm","floor":5.0,"turns":3.0},{"damage":30.0,"enemies":"Gremlin Nob","floor":6.0,"turns":4.0},{"damage":7.0,"enemies":"Blue Slaver","floor":7.0,"turns":3.0},{"damage":34.0,"enemies":"Gremlin Nob","floor":8.0,"turns":5.0},{"damage":48.0,"enemies":"Hexaghost","floor":16.0,"turns":12.0},{"damage":10.0,"enemies":"2 Thieves","floor":18.0,"turns":2.0},{"damage":0.0,"enemies":"Chosen","floor":21.0,"turns":4.0},{"damage":14.0,"enemies":"Centurion and Healer","floor":22.0,"turns":4.0},{"damage":22.0,"enemies":"Slavers","floor":23.0,"turns":2.0},{"damage":0.0,"enemies":"Cultist and Chosen","floor":25.0,"turns":3.0},{"damage":12.0,"enemies":"Gremlin Leader","floor":27.0,"turns":4.0},{"damage":50.0,"enemies":"Book of Stabbing","floor":29.0,"turns":5.0},{"damage":51.0,"enemies":"Collector","floor":33.0,"turns":7.0},{"damage":17.0,"enemies":"3 Darklings","floor":35.0,"turns":5.0},{"damage":48.0,"enemies":"2 Orb Walkers","floor":36.0,"turns":4.0},{"damage":0.0,"enemies":"3 Shapes","floor":39.0,"turns":3.0},{"damage":25.0,"enemies":"3 Darklings","floor":41.0,"turns":4.0},{"damage":0.0,"enemies":"Mind Bloom Boss Battle","floor":45.0,"turns":7.0},{"damage":17.0,"enemies":"Maw","floor":46.0,"turns":7.0},{"damage":14.0,"enemies":"Writhing Mass","floor":48.0,"turns":3.0},{"damage":76.0,"enemies":"Donu and Deca","floor":50.0,"turns":10.0},{"damage":2.0,"enemies":"Shield and Spear","floor":54.0,"turns":5.0},{"damage":95,"enemies":"The Heart","floor":55,"turns":6}],"seed_played":"-2027791084133527910","potions_obtained":[{"floor":5.0,"key":"SkillPotion"},{"floor":7.0,"key":"Dexterity Potion"},{"floor":22.0,"key":"FocusPotion"},{"floor":27.0,"key":"DuplicationPotion"},{"floor":29.0,"key":"Strength Potion"},{"floor":33.0,"key":"FocusPotion"},{"floor":36.0,"key":"FocusPotion"},{"floor":45.0,"key":"Ancient Potion"},{"floor":46.0,"key":"FocusPotion"}],"is_trial":false,"path_per_floor":["M","M","?","$","M","E","M","?","T","R","?","?","?","$","R","B",null,"M","?","?","M","M","E","R","M","T","E","?","E","R","$","R","B",null,"M","?","$","?","M","$","M","$","T","R","?","M","R","M","R","B",null,"R","$","E","B"],"character_chosen":"DEFECT","items_purchased":["Electrodynamics","Self Repair+1","Redo+1","Capacitor+1","Conserve Battery+1","Self Repair+1","Redo+1","Conserve Battery+1"],"campfire_rested":3,"item_purchase_floors":[4,14,14,31,37,37,37,40],"current_hp_per_floor":[73,67,67,67,65,35,40,18,18,40,29,47,32,32,54,28,75,65,51,51,61,57,57,57,67,67,75,75,57,57,57,80,51,80,73,57,57,57,67,67,72,72,72,72,80,80,80,80,80,46,80,80,80,80,0,0],"gold":80,"neow_bonus":"ONE_RANDOM_RARE_CARD","is_daily":false,"chose_seed":false,"campfire_upgraded":5,"win_rate":0.0,"timestamp":1607652107,"path_taken":["M","M","?","$","?","E","M","?","T","R","?","?","?","$","R","BOSS","M","?","?","M","M","E","R","M","T","E","?","E","R","$","R","BOSS","M","?","$","?","M","$","M","?","T","R","?","M","R","M","R","BOSS","R","$","E","BOSS"],"items_purchased_type":["Card","Undefined","Undefined","Undefined","Undefined","Undefined","Undefined","Undefined"],"build_version":"2020-11-30","purchased_purges":4,"victory":false,"max_hp_per_floor":[75,75,75,75,75,75,75,75,75,75,75,75,75,75,75,75,75,75,80,80,80,80,80,80,80,80,80,80,80,80,80,80,80,80,80,80,80,80,80,80,80,80,80,80,80,80,80,80,80,80,80,80,80,80,80,80],"relic_stats":{"Centennial Puzzle":[3],"Gremlin Horn":[15,15],"Torii":38,"counters":[25,117],"Pen Nib":[8],"Juzu Bracelet":0,"Smiling Mask":225,"obtain_stats":[{"Gremlin Horn":26,"Torii":45,"Pen Nib":34,"Juzu Bracelet":29,"Frozen Egg 2":9,"Smiling Mask":23,"Akabeko":27,"Nuclear Battery":17,"Calling Bell":34,"Centennial Puzzle":54,"HornCleat":34,"CultistMask":3,"Toxic Egg 2":8,"Cracked Core":0,"FossilizedHelix":34,"Unceasing Top":36,"Meat on the Bone":6},{"Gremlin Horn":12,"Torii":20,"Pen Nib":15,"Juzu Bracelet":14,"Frozen Egg 2":6,"Smiling Mask":11,"Akabeko":13,"Nuclear Battery":7,"Calling Bell":15,"Centennial Puzzle":24,"HornCleat":15,"CultistMask":2,"Toxic Egg 2":6,"Cracked Core":0,"FossilizedHelix":15,"Unceasing Top":17,"Meat on the Bone":4},{"Gremlin Horn":47,"Torii":86,"Pen Nib":63,"Juzu Bracelet":56,"Frozen Egg 2":20,"Smiling Mask":44,"Akabeko":51,"Nuclear Battery":32,"Calling Bell":63,"Centennial Puzzle":111,"HornCleat":63,"CultistMask":5,"Toxic Egg 2":20,"Cracked Core":0,"FossilizedHelix":63,"Unceasing Top":72,"Meat on the Bone":12}],"Unceasing Top":[19],"Meat on the Bone":96},"card_choices":[{"not_picked":["Go for the Eyes","Undo","Turbo"],"picked":"SKIP","floor":1.0},{"not_picked":["Darkness","Beam Cell"],"picked":"Conserve Battery","floor":2.0},{"not_picked":["Gash","Coolheaded","Barrage"],"picked":"SKIP","floor":5.0},{"not_picked":["Beam Cell","Chaos"],"picked":"Biased Cognition","floor":6.0},{"not_picked":["Sunder","Static Discharge"],"picked":"Redo","floor":7.0},{"not_picked":["Barrage","Go for the Eyes"],"picked":"Redo+1","floor":8.0},{"not_picked":["Cold Snap","Barrage","Rip and Tear"],"picked":"SKIP","floor":18.0},{"not_picked":["Steam+1","Redo+1"],"picked":"FTL+1","floor":21.0},{"not_picked":["Gash","Lockon"],"picked":"Scrape+1","floor":22.0},{"not_picked":["Gash","Leap+1"],"picked":"All For One","floor":23.0},{"not_picked":["Leap+1","Reinforced Body+1"],"picked":"Self Repair+1","floor":25.0},{"not_picked":["Gash","Turbo+1"],"picked":"Hologram+1","floor":27.0},{"not_picked":["Rainbow+1","Steam+1"],"picked":"Turbo+1","floor":29.0},{"not_picked":["Multi-Cast+1","Fission+1"],"picked":"Machine Learning+1","floor":33.0},{"not_picked":["Stack+1","Beam Cell+1"],"picked":"Hologram+1","floor":35.0},{"not_picked":["Barrage+1","Gash"],"picked":"Scrape","floor":36.0},{"not_picked":["Fusion+1","Chill+1"],"picked":"Redo+1","floor":39.0},{"not_picked":["Beam Cell+1","Barrage+1","Ball Lightning+1"],"picked":"SKIP","floor":41.0},{"not_picked":["Hello World+1","Auto Shields+1"],"picked":"Hologram+1","floor":46.0},{"not_picked":["Leap+1","Cold Snap","Hologram+1"],"picked":"SKIP","floor":48.0},{"not_picked":["Ball Lightning","Compile Driver"],"picked":"BootSequence+1","floor":54.0}],"player_experience":903769,"relics_obtained":[{"floor":6.0,"key":"Meat on the Bone"},{"floor":8.0,"key":"Toxic Egg 2"},{"floor":9.0,"key":"Frozen Egg 2"},{"floor":23.0,"key":"Smiling Mask"},{"floor":26.0,"key":"Gremlin Horn"},{"floor":27.0,"key":"Akabeko"},{"floor":29.0,"key":"Juzu Bracelet"},{"floor":34.0,"key":"Pen Nib"},{"floor":34.0,"key":"HornCleat"},{"floor":34.0,"key":"FossilizedHelix"},{"floor":36.0,"key":"Unceasing Top"},{"floor":45.0,"key":"Torii"},{"floor":54.0,"key":"Centennial Puzzle"}],"event_choices":[{"damage_healed":0.0,"max_hp_gain":0.0,"max_hp_loss":0.0,"gold_gain":0.0,"event_name":"FaceTrader","player_choice":"Trade","floor":3.0,"gold_loss":0.0,"damage_taken":0.0,"relics_obtained":["CultistMask"]},{"damage_healed":0.0,"max_hp_gain":0.0,"max_hp_loss":0.0,"gold_gain":30.0,"event_name":"Dead Adventurer","player_choice":"Searched \u00273\u0027 times","floor":8.0,"gold_loss":0.0,"damage_taken":0.0},{"damage_healed":0.0,"max_hp_gain":0.0,"max_hp_loss":0.0,"gold_gain":75.0,"event_name":"World of Goop","player_choice":"Gather Gold","floor":11.0,"gold_loss":0.0,"damage_taken":11.0},{"damage_healed":18.0,"max_hp_gain":0.0,"max_hp_loss":0.0,"gold_gain":0.0,"event_name":"The Cleric","player_choice":"Healed","floor":12.0,"gold_loss":35.0,"damage_taken":0.0},{"damage_healed":0.0,"max_hp_gain":0.0,"max_hp_loss":0.0,"gold_gain":0.0,"event_name":"Shining Light","player_choice":"Entered Light","floor":13.0,"gold_loss":0.0,"damage_taken":15.0,"cards_upgraded":["Conserve Battery","Strike_B"]},{"damage_healed":0.0,"max_hp_gain":5.0,"max_hp_loss":0.0,"gold_gain":0.0,"event_name":"Forgotten Altar","player_choice":"Shed Blood","floor":19.0,"gold_loss":0.0,"damage_taken":19.0},{"damage_healed":0.0,"max_hp_gain":0.0,"max_hp_loss":0.0,"gold_gain":0.0,"event_name":"Ghosts","player_choice":"Ignored","floor":20.0,"gold_loss":0.0,"damage_taken":0.0},{"cards_removed":["Strike_B"],"damage_healed":0.0,"max_hp_gain":0.0,"max_hp_loss":0.0,"gold_gain":0.0,"event_name":"Beggar","player_choice":"Gave Gold","floor":28.0,"gold_loss":75.0,"damage_taken":0.0},{"damage_healed":0.0,"max_hp_gain":0.0,"max_hp_loss":0.0,"gold_gain":0.0,"event_name":"Mysterious Sphere","player_choice":"Fight","floor":36.0,"gold_loss":0.0,"damage_taken":0.0},{"cards_removed":["Redo"],"damage_healed":0.0,"max_hp_gain":0.0,"max_hp_loss":0.0,"gold_gain":0.0,"event_name":"Falling","player_choice":"Removed Skill","floor":38.0,"gold_loss":0.0,"damage_taken":0.0},{"damage_healed":0.0,"max_hp_gain":0.0,"max_hp_loss":0.0,"gold_gain":0.0,"event_name":"MindBloom","player_choice":"Fight","floor":45.0,"gold_loss":0.0,"damage_taken":0.0}],"is_beta":false,"boss_relics":[{"not_picked":["Astrolabe","SlaversCollar"],"picked":"Nuclear Battery"},{"not_picked":["SacredBark","Coffee Dripper"],"picked":"Calling Bell"}],"items_purged_floors":[14,31,37,53],"is_endless":false,"potions_floor_spawned":[5,7,22,27,29,33,36,45,46],"killed_by":"The Heart","ascension_level":0}}