{"host":"cuc3wnex0wexwxxi","time":1607724841,"event":{"mods":["BaseMod","BetterRewards","Colored Powertips","Minty Spire (QoL Compilation)","Relic Stats","StSLib"],"gold_per_floor":[119,135,155,155,230,264,264,279,302,302,321,321,496,510,510,614,614,624,624,643,643,643],"floor_reached":21,"playtime":669,"items_purged":[],"score":272,"play_id":"e24edcab-411f-40e8-a73d-8ec3f072945a","local_time":"20201211171401","is_ascension_mode":true,"campfire_choices":[{"floor":7,"key":"REST"},{"data":"Double Tap","floor":12,"key":"SMITH"},{"floor":15,"key":"REST"}],"circlet_count":0,"master_deck":["AscendersBane","Strike_R","Strike_R","Strike_R","Strike_R","Strike_R","Defend_R","Defend_R","Defend_R","Defend_R","Bash","Metallicize","Thunderclap","Cleave","Double Tap+1","Twin Strike","Doubt","Pommel Strike","Reaper","Rampage+1","Flex"],"relics":["Burning Blood","Happy Flower","MealTicket","Oddly Smooth Stone","Nloth\u0027s Gift"],"acts_visited":["Exordium","TheCity"],"potions_floor_usage":[6,14,14,16,18],"damage_taken":[{"damage":6,"enemies":"Cultist","floor":1,"turns":3},{"damage":15,"enemies":"Jaw Worm","floor":2,"turns":4},{"damage":13,"enemies":"Small Slimes","floor":3,"turns":3},{"damage":20,"enemies":"Gremlin Nob","floor":6,"turns":5},{"damage":4,"enemies":"2 Fungi Beasts","floor":8,"turns":2},{"damage":11,"enemies":"Red Slaver","floor":11,"turns":4},{"damage":16,"enemies":"Gremlin Gang","floor":14,"turns":4},{"damage":47,"enemies":"Slime Boss","floor":16,"turns":11},{"damage":52,"enemies":"2 Thieves","floor":18,"turns":4},{"damage":12,"enemies":"Chosen","floor":20,"turns":4},{"damage":26,"enemies":"Snake Plant","floor":21,"turns":2}],"seed_played":"-6121899725934517932","potions_obtained":[{"floor":1,"key":"Weak Potion"},{"floor":2,"key":"FearPotion"},{"floor":3,"key":"FearPotion"},{"floor":8,"key":"Block Potion"},{"floor":14,"key":"Ancient Potion"}],"is_trial":false,"path_per_floor":["M","M","M","?","?","E","R","M","T","?","M","R","?","M","R","B",null,"M","?","M","M"],"character_chosen":"IRONCLAD","items_purchased":[],"campfire_rested":2,"item_purchase_floors":[],"current_hp_per_floor":[72,63,56,49,38,24,48,50,50,50,45,45,45,35,59,18,65,27,27,21,0,0],"gold":643,"neow_bonus":"RANDOM_COMMON_RELIC","is_daily":false,"chose_seed":false,"campfire_upgraded":1,"win_rate":0.0,"timestamp":1607724841,"path_taken":["M","M","M","?","?","E","R","M","T","?","M","R","?","M","R","BOSS","M","?","?","?"],"items_purchased_type":[],"build_version":"2020-11-30","purchased_purges":0,"victory":false,"max_hp_per_floor":[80,80,80,80,80,80,80,80,80,80,80,80,80,80,80,80,80,80,80,80,80,80],"relic_stats":{"Happy Flower":[15],"counters":[26,107],"MealTicket":0,"Nloth\u0027s Gift":0,"obtain_stats":[{"Ice Cream":13,"HornCleat":9,"Happy Flower":0,"Oddly Smooth Stone":9,"MealTicket":6,"The Courier":8,"Nloth\u0027s Gift":19,"Toxic Egg 2":26,"Ancient Tea Set":6,"Empty Cage":17,"Burning Blood":0},{"Ice Cream":9,"HornCleat":7,"Happy Flower":15,"Oddly Smooth Stone":20,"MealTicket":19,"The Courier":7,"Nloth\u0027s Gift":24,"Toxic Egg 2":14,"Ancient Tea Set":6,"Empty Cage":11,"Burning Blood":0},{"Ice Cream":28,"HornCleat":23,"Happy Flower":61,"Oddly Smooth Stone":78,"MealTicket":76,"The Courier":23,"Nloth\u0027s Gift":101,"Toxic Egg 2":55,"Ancient Tea Set":19,"Empty Cage":41,"Burning Blood":0}],"Burning Blood":144},"card_choices":[{"not_picked":["Iron Wave","Wild Strike"],"picked":"Metallicize","floor":1},{"not_picked":["Disarm","Cleave"],"picked":"Thunderclap","floor":2},{"not_picked":["True Grit","Body Slam"],"picked":"Cleave","floor":3},{"not_picked":["Sever Soul","Pummel"],"picked":"Double Tap","floor":6},{"not_picked":["Cleave","Sword Boomerang"],"picked":"Twin Strike","floor":8},{"not_picked":["Whirlwind","Clash","Second Wind"],"picked":"SKIP","floor":11},{"not_picked":["Reckless Charge","Headbutt"],"picked":"Pommel Strike","floor":14},{"not_picked":["Juggernaut","Demon Form"],"picked":"Reaper","floor":16},{"not_picked":["Perfected Strike+1","Sword Boomerang"],"picked":"Rampage+1","floor":18},{"not_picked":["Cleave","Dual Wield"],"picked":"Flex","floor":20}],"player_experience":577211,"relics_obtained":[{"floor":6,"key":"MealTicket"},{"floor":9,"key":"Oddly Smooth Stone"}],"event_choices":[{"damage_healed":0,"gold_gain":0,"player_choice":"Success","damage_taken":7,"relics_obtained":["Ancient Tea Set"],"max_hp_gain":0,"max_hp_loss":0,"event_name":"Scrap Ooze","floor":4,"gold_loss":0},{"damage_healed":0,"gold_gain":75,"player_choice":"Gather Gold","damage_taken":11,"max_hp_gain":0,"max_hp_loss":0,"event_name":"World of Goop","floor":5,"gold_loss":0},{"damage_healed":0,"gold_gain":0,"player_choice":"Leave","damage_taken":0,"max_hp_gain":0,"max_hp_loss":0,"event_name":"The Cleric","floor":10,"gold_loss":0},{"damage_healed":0,"gold_gain":175,"player_choice":"AGREE","damage_taken":0,"max_hp_gain":0,"max_hp_loss":0,"event_name":"Liars Game","floor":13,"gold_loss":0,"cards_obtained":["Doubt"]},{"damage_healed":0,"gold_gain":0,"player_choice":"Traded Relic","damage_taken":0,"relics_obtained":["Nloth\u0027s Gift"],"max_hp_gain":0,"max_hp_loss":0,"event_name":"N\u0027loth","floor":19,"relics_lost":["Ancient Tea Set"],"gold_loss":0}],"is_beta":false,"boss_relics":[{"not_picked":["Fusion Hammer","Velvet Choker","Snecko Eye"]}],"items_purged_floors":[],"is_endless":false,"potions_floor_spawned":[1,2,3,8,14],"killed_by":"Snake Plant","ascension_level":10}}