{"host":"p7j7o00jacnw7qzt","time":1607714478,"event":{"mods":["BaseMod","Colored Map","Colored Powertips","DeckTracker","Highlight Path","Minty Spire (QoL Compilation)","Relic Stats"],"gold_per_floor":[115,115,135,148,164,164,175,193,193,211,225,225,236,249,249,249,249],"floor_reached":16,"playtime":740,"items_purged":[],"score":200,"play_id":"35225384-219f-45a8-952d-704c679eefa2","local_time":"20201211142118","is_ascension_mode":true,"campfire_choices":[{"data":"Second Wind","floor":6.0,"key":"SMITH"},{"data":"Pommel Strike","floor":15.0,"key":"SMITH"}],"circlet_count":0,"master_deck":["AscendersBane","Strike_R","Strike_R","Strike_R","Defend_R","Defend_R","Defend_R","Defend_R","Bash","Second Wind+1","Sentinel","Shrug It Off","Shrug It Off","Dark Embrace","Carnage","Pommel Strike+1","Flex"],"relics":["Burning Blood","NeowsBlessing","Gambling Chip"],"acts_visited":["Exordium"],"potions_floor_usage":[],"damage_taken":[{"damage":0.0,"enemies":"Small Slimes","floor":1.0,"turns":1.0},{"damage":0.0,"enemies":"Cultist","floor":3.0,"turns":1.0},{"damage":0.0,"enemies":"2 Louse","floor":4.0,"turns":1.0},{"damage":14.0,"enemies":"Red Slaver","floor":5.0,"turns":3.0},{"damage":12.0,"enemies":"Exordium Thugs","floor":7.0,"turns":5.0},{"damage":26.0,"enemies":"Large Slime","floor":8.0,"turns":10.0},{"damage":4.0,"enemies":"2 Fungi Beasts","floor":10.0,"turns":6.0},{"damage":11.0,"enemies":"Gremlin Gang","floor":11.0,"turns":8.0},{"damage":9.0,"enemies":"Lots of Slimes","floor":13.0,"turns":5.0},{"damage":8.0,"enemies":"Exordium Thugs","floor":14.0,"turns":7.0},{"damage":37,"enemies":"Hexaghost","floor":16,"turns":9}],"seed_played":"5395643297931873324","potions_obtained":[{"floor":1.0,"key":"PowerPotion"},{"floor":3.0,"key":"Strength Potion"},{"floor":5.0,"key":"SpeedPotion"},{"floor":8.0,"key":"FairyPotion"}],"is_trial":false,"path_per_floor":["M","?","M","M","M","R","M","M","T","M","M","?","M","M","R","B"],"character_chosen":"IRONCLAD","items_purchased":[],"campfire_rested":0,"item_purchase_floors":[],"current_hp_per_floor":[74,74,75,75,67,67,61,41,41,43,38,38,35,33,33,22,22],"gold":249,"neow_bonus":"THREE_ENEMY_KILL","is_daily":false,"chose_seed":false,"campfire_upgraded":2,"win_rate":0.0,"timestamp":1607714478,"path_taken":["M","?","?","M","M","R","M","M","T","M","?","?","M","?","R","BOSS"],"items_purchased_type":[],"build_version":"2020-11-30","purchased_purges":0,"victory":false,"max_hp_per_floor":[75,75,75,75,75,75,75,75,75,75,75,75,75,75,75,75,75],"relic_stats":{"counters":[11,56],"Gambling Chip":[15],"obtain_stats":[{"NeowsBlessing":0,"Gambling Chip":9,"Burning Blood":0},{"NeowsBlessing":0,"Gambling Chip":6,"Burning Blood":0},{"NeowsBlessing":0,"Gambling Chip":21,"Burning Blood":0}],"Burning Blood":49},"card_choices":[{"not_picked":["Battle Trance","Warcry"],"picked":"Second Wind","floor":1.0},{"not_picked":["Wild Strike","Perfected Strike"],"picked":"Sentinel","floor":3.0},{"not_picked":["True Grit","Cleave","Reckless Charge"],"picked":"SKIP","floor":4.0},{"not_picked":["Havoc","Armaments"],"picked":"Shrug It Off","floor":5.0},{"not_picked":["Headbutt","Inflame"],"picked":"Shrug It Off","floor":7.0},{"not_picked":["Flex","Cleave"],"picked":"Dark Embrace","floor":8.0},{"not_picked":["Juggernaut","Anger"],"picked":"Carnage","floor":10.0},{"not_picked":["Clothesline","Flex"],"picked":"Pommel Strike","floor":11.0},{"not_picked":["Flex","Uppercut","Anger"],"picked":"SKIP","floor":13.0},{"not_picked":["Flex","Uppercut","Anger"],"picked":"SKIP","floor":13.0},{"not_picked":["Flex","Uppercut","Anger"],"picked":"SKIP","floor":13.0},{"not_picked":["Uppercut","Anger"],"picked":"Flex","floor":13.0},{"not_picked":["Iron Wave","Reckless Charge","Carnage"],"picked":"SKIP","floor":14.0}],"player_experience":777043,"relics_obtained":[{"floor":9.0,"key":"Gambling Chip"}],"event_choices":[{"cards_removed":["Strike_R"],"damage_healed":0.0,"max_hp_gain":0.0,"max_hp_loss":0.0,"gold_gain":0.0,"event_name":"Wheel of Change","player_choice":"Card Removal","floor":2.0,"gold_loss":0.0,"damage_taken":0.0},{"cards_removed":["Strike_R"],"damage_healed":0.0,"max_hp_gain":0.0,"max_hp_loss":0.0,"gold_gain":0.0,"event_name":"Purifier","player_choice":"Purged","floor":12.0,"gold_loss":0.0,"damage_taken":0.0}],"is_beta":false,"boss_relics":[],"items_purged_floors":[],"is_endless":false,"potions_floor_spawned":[1,3,5,8],"killed_by":"Hexaghost","ascension_level":20}}