{"host":"8e3sp1tozjyrh64l","time":1607667338,"event":{"mods":["BaseMod","Better Altar","Better Match","Better Sensory Stone","Better Silent Start","Better Skull","Better Third Choice","BetterRewards","Defuse TimeMaze Blight","Infinite Spire","Minty Spire (QoL Compilation)","Permanent Neow","Rare Cards Sparkle","Relic Sorter","Shop Mod","Spicy Shops","StSLib","SuperFastMode"],"gold_per_floor":[120,147,167,193,193,234,251,277,303,303,341,17,17,31,31,138,138,158,73,111,787,800,825,327,358,358,370,370,401,501,512,512,625,625,636,687,698,698,698,734,762,762,762,772,797,214,214,238,238,238],"floor_reached":51,"playtime":3636,"items_purged":["Normality","Parasite","Doubt"],"score":968,"play_id":"e635a9c3-6efc-44e0-b10b-b4b637c84639","local_time":"20201210231538","is_ascension_mode":true,"campfire_choices":[{"data":"Noxious Fumes","floor":10,"key":"SMITH"},{"floor":13,"key":"REST"},{"data":"Cloak And Dagger","floor":15,"key":"SMITH"},{"floor":32,"key":"DIG"},{"data":"infinitespire:Neurotoxin","floor":42,"key":"SMITH"},{"floor":49,"key":"DIG"}],"circlet_count":0,"master_deck":["Strike_G+1","Strike_G+1","Strike_G+1","Strike_G+1","Defend_G+1","Defend_G+1","Defend_G+1","Survivor+1","Neutralize+1","Footwork+1","Caltrops+1","Blade Dance+1","Backstab+1","Cloak And Dagger+1","Noxious Fumes+1","Phantasmal Killer+1","After Image+1","Blade Dance+1","Noxious Fumes+1","infinitespire:Neurotoxin+1","Infinite Blades+1","Infinite Blades+1","Riddle With Holes+1","Cloak And Dagger+1","Noxious Fumes+1"],"relics":["Ring of the Snake","Pen Nib","infinitespire:Eraser","Akabeko","infinitespire:WardingShard","CeramicFish","MerchantsRug","Unceasing Top","Ancient Tea Set","Vajra","Bronze Scales","Membership Card","Regal Pillow","Lantern","MealTicket","TungstenRod","SlaversCollar","Boot","Red Mask","Bag of Marbles","TheAbacus","Bottled Tornado","Toy Ornithopter","HornCleat","Singing Bowl","infinitespire:Lucky Rock","StrikeDummy","Black Star","infinitespire:FocusingShard","Shovel","Frozen Egg 2","Dream Catcher","infinitespire:Cupcake","Bird Faced Urn","Chemical X","Bottled Lightning","infinitespire:PuzzleCube","Happy Flower","Smiling Mask","infinitespire:ShieldingShard","Peace Pipe","infinitespire:BottledMercury","Calipers","Bag of Preparation","Orrery","Mark of the Bloom"],"acts_visited":["Exordium","TheCity","TheBeyond"],"potions_floor_usage":[6,23,29,36],"damage_taken":[{"damage":0,"enemies":"2 Louse","floor":1,"turns":2},{"damage":0,"enemies":"Small Slimes","floor":2,"turns":3},{"damage":0,"enemies":"Cultist","floor":3,"turns":4},{"damage":0,"enemies":"Exordium Wildlife","floor":4,"turns":7},{"damage":22,"enemies":"Gremlin Nob","floor":6,"turns":6},{"damage":0,"enemies":"2 Fungi Beasts","floor":7,"turns":3},{"damage":0,"enemies":"3 Louse","floor":8,"turns":3},{"damage":8,"enemies":"Lagavulin","floor":11,"turns":6},{"damage":0,"enemies":"Red Slaver","floor":14,"turns":1},{"damage":23,"enemies":"Slime Boss","floor":16,"turns":9},{"damage":0,"enemies":"3 Byrds","floor":18,"turns":3},{"damage":9,"enemies":"Masked Bandits","floor":20,"turns":6},{"damage":0,"enemies":"Shell Parasite","floor":22,"turns":3},{"damage":0,"enemies":"Gremlin Leader","floor":23,"turns":4},{"damage":0,"enemies":"Slavers","floor":25,"turns":4},{"damage":0,"enemies":"Snake Plant","floor":27,"turns":3},{"damage":0,"enemies":"Book of Stabbing","floor":29,"turns":3},{"damage":0,"enemies":"Colosseum Slavers","floor":30,"turns":3},{"damage":0,"enemies":"Colosseum Nobs","floor":30,"turns":3},{"damage":0,"enemies":"Centurion and Healer","floor":31,"turns":4},{"damage":13,"enemies":"Champ","floor":33,"turns":8},{"damage":0,"enemies":"3 Darklings","floor":35,"turns":4},{"damage":9,"enemies":"2 Orb Walkers","floor":36,"turns":4},{"damage":0,"enemies":"Orb Walker","floor":37,"turns":2},{"damage":2,"enemies":"Giant Head","floor":40,"turns":6},{"damage":0,"enemies":"Writhing Mass","floor":41,"turns":4},{"damage":0,"enemies":"Maw","floor":44,"turns":5},{"damage":0,"enemies":"Reptomancer","floor":45,"turns":5},{"damage":0,"enemies":"Spire Growth","floor":48,"turns":3},{"damage":6,"enemies":"infinitespire:MassOfShapes","floor":50,"turns":7}],"seed_played":"2511218283203450963","potions_obtained":[{"floor":2,"key":"Weak Potion"},{"floor":3,"key":"Energy Potion"},{"floor":6,"key":"LiquidBronze"},{"floor":11,"key":"FearPotion"},{"floor":14,"key":"GhostInAJar"},{"floor":18,"key":"GamblersBrew"},{"floor":22,"key":"Energy Potion"},{"floor":25,"key":"DistilledChaos"},{"floor":29,"key":"FearPotion"},{"floor":30,"key":"Block Potion"},{"floor":40,"key":"Dexterity Potion"},{"floor":45,"key":"Ancient Potion"}],"is_trial":false,"path_per_floor":["M","M","M","M","?","E","M","M","T","R","E","$","R","M","R","B",null,"M","?","?","?","M","E","$","E","T","M","AVR","E","?","M","R","B",null,"M","?","M","AVR","?","E","M","R","T","M","E","$","?","M","R","B",null],"character_chosen":"THE_SILENT","items_purchased":["Akabeko","infinitespire:WardingShard","CeramicFish","MerchantsRug","Membership Card","Regal Pillow","Lantern","MealTicket","TungstenRod","TheAbacus","Bottled Tornado","Toy Ornithopter","HornCleat","Noxious Fumes","Singing Bowl","Peace Pipe","infinitespire:BottledMercury","Calipers","Bag of Preparation","Infinite Blades+1","Orrery"],"campfire_rested":1,"item_purchase_floors":[0,0,0,0,12,12,12,12,12,24,24,24,24,24,24,46,46,46,46,46,46],"current_hp_per_floor":[38,38,38,38,38,16,16,16,16,16,8,8,44,44,44,21,70,70,70,61,4,4,4,19,21,21,23,23,30,32,34,34,21,80,82,78,82,82,82,84,88,88,88,90,92,95,95,95,95,89],"gold":238,"neow_bonus":"","is_daily":false,"chose_seed":false,"campfire_upgraded":3,"win_rate":0.0,"timestamp":1607667338,"path_taken":["M","M","M","M","?","E","M","M","T","R","E","$","R","M","R","BOSS","M","?","?","?","?","E","$","E","T","M","AVR","E","?","M","R","BOSS","M","?","M","AVR","?","E","M","R","T","?","E","$","?","M","R","BOSS"],"items_purchased_type":["Relic","Relic","Relic","Relic","Relic","Relic","Relic","Relic","Relic","Relic","Relic","Relic","Relic","Card","Relic","Relic","Relic","Relic","Relic","Undefined","Relic"],"build_version":"2020-11-30","purchased_purges":3,"victory":true,"max_hp_per_floor":[70,70,70,70,70,70,70,70,70,70,70,70,70,70,70,70,70,70,70,70,70,70,70,70,72,72,74,74,76,78,80,80,80,80,82,84,86,86,86,86,88,88,88,90,92,95,95,95,95,95],"card_choices":[{"not_picked":["Expertise","Footwork","Prepared"],"picked":"SKIP","floor":1},{"not_picked":["Expertise","Prepared"],"picked":"Footwork","floor":1},{"not_picked":["Setup","Poisoned Stab"],"picked":"Caltrops","floor":2},{"not_picked":["Outmaneuver","Flying Knee"],"picked":"Blade Dance","floor":3},{"not_picked":["Masterful Stab","Flying Knee"],"picked":"Backstab","floor":4},{"not_picked":["Leg Sweep","Deflect"],"picked":"Cloak And Dagger","floor":6},{"not_picked":["Underhanded Strike","Setup","Slice"],"picked":"SKIP","floor":7},{"not_picked":["Leg Sweep","Tactician"],"picked":"Noxious Fumes","floor":8},{"not_picked":["Flying Knee","Blur"],"picked":"Phantasmal Killer","floor":11},{"not_picked":["Deflect","Outmaneuver","Reflex"],"picked":"SKIP","floor":14},{"not_picked":["Burst","Storm of Steel"],"picked":"After Image","floor":16},{"not_picked":["Slice","Deflect+1","Concentrate+1"],"picked":"SKIP","floor":18},{"not_picked":["Prepared","Calculated Gamble+1"],"picked":"Blade Dance","floor":20},{"not_picked":["Deflect","Flechettes","Dodge and Roll+1"],"picked":"SKIP","floor":22},{"not_picked":["Setup","Backflip","Phantasmal Killer"],"picked":"SKIP","floor":23},{"not_picked":["Dodge and Roll","Well Laid Plans","Quick Slash"],"picked":"Singing Bowl","floor":25},{"not_picked":["Sucker Punch","Prepared","Dagger Spray"],"picked":"Singing Bowl","floor":27},{"not_picked":["Dagger Spray","Backflip","Backstab+1"],"picked":"Singing Bowl","floor":29},{"not_picked":["Heel Hook","Prepared","Adrenaline"],"picked":"Singing Bowl","floor":30},{"not_picked":["Prepared+1","Deflect+1","Tactician"],"picked":"Singing Bowl","floor":31},{"not_picked":["Venomology","Grand Finale"],"picked":"infinitespire:Neurotoxin","floor":33},{"not_picked":["Poisoned Stab+1","Prepared+1","Dagger Throw+1"],"picked":"Singing Bowl","floor":35},{"not_picked":["Acrobatics","Eviscerate","Sucker Punch+1"],"picked":"Singing Bowl","floor":36},{"not_picked":["Outmaneuver+1","Finisher+1","Escape Plan+1"],"picked":"Singing Bowl","floor":37},{"not_picked":["Endless Agony","Wraith Form v2+1"],"picked":"Infinite Blades+1","floor":40},{"not_picked":["Poisoned Stab","Deflect+1","Flechettes+1"],"picked":"Singing Bowl","floor":41},{"not_picked":["All Out Attack+1","Dagger Throw+1","Dagger Spray"],"picked":"Singing Bowl","floor":44},{"not_picked":["Die Die Die","Backstab","Dodge and Roll+1"],"picked":"Singing Bowl","floor":45},{"not_picked":["Caltrops+1","Sucker Punch+1"],"picked":"Riddle With Holes+1","floor":46},{"not_picked":["Doppelganger","Backstab+1"],"picked":"Cloak And Dagger+1","floor":46},{"not_picked":["Dash","Choke","Slice"],"picked":"Singing Bowl","floor":46},{"not_picked":["Quick Slash","Footwork+1","Prepared"],"picked":"Singing Bowl","floor":46},{"not_picked":["Distraction","Footwork+1","Unload"],"picked":"Singing Bowl","floor":46},{"not_picked":["Acrobatics","Poisoned Stab"],"picked":"Noxious Fumes+1","floor":48}],"player_experience":883789,"relics_obtained":[{"floor":6,"key":"Ancient Tea Set"},{"floor":9,"key":"Vajra"},{"floor":11,"key":"Bronze Scales"},{"floor":20,"key":"Red Mask"},{"floor":23,"key":"Bag of Marbles"},{"floor":25,"key":"infinitespire:Lucky Rock"},{"floor":26,"key":"StrikeDummy"},{"floor":29,"key":"Pen Nib"},{"floor":29,"key":"infinitespire:FocusingShard"},{"floor":30,"key":"Shovel"},{"floor":30,"key":"Frozen Egg 2"},{"floor":32,"key":"Dream Catcher"},{"floor":36,"key":"Bird Faced Urn"},{"floor":40,"key":"Bottled Lightning"},{"floor":40,"key":"infinitespire:PuzzleCube"},{"floor":43,"key":"Happy Flower"},{"floor":45,"key":"Smiling Mask"},{"floor":45,"key":"infinitespire:ShieldingShard"}],"event_choices":[{"damage_healed":0,"gold_gain":0,"player_choice":"Obtained Relic","damage_taken":0,"relics_obtained":["Boot"],"max_hp_gain":0,"max_hp_loss":0,"event_name":"Addict","floor":19,"gold_loss":85},{"damage_healed":0,"gold_gain":0,"player_choice":"Fought Bandits","damage_taken":0,"max_hp_gain":0,"max_hp_loss":0,"event_name":"Masked Bandits","floor":20,"gold_loss":0},{"damage_healed":0,"gold_gain":676,"player_choice":"GO GO GO GO GO GO ","damage_taken":70,"relics_obtained":[],"max_hp_gain":0,"max_hp_loss":0,"event_name":"betterSkull:BetterSkull","floor":21,"gold_loss":0,"cards_upgraded":[]},{"damage_healed":0,"gold_gain":0,"player_choice":"Fight","damage_taken":0,"max_hp_gain":0,"max_hp_loss":0,"event_name":"Colosseum","floor":30,"gold_loss":0},{"damage_healed":0,"gold_gain":0,"player_choice":"Fought Nobs","damage_taken":0,"max_hp_gain":0,"max_hp_loss":0,"event_name":"Colosseum","floor":30,"gold_loss":0},{"damage_healed":0,"gold_gain":0,"player_choice":"Fight","damage_taken":0,"max_hp_gain":0,"max_hp_loss":0,"event_name":"Mysterious Sphere","floor":36,"gold_loss":0},{"cards_removed":["Defend_G"],"damage_healed":0,"gold_gain":0,"player_choice":"Offered Basic","damage_taken":0,"max_hp_gain":0,"max_hp_loss":0,"event_name":"Bonfire Elementals","floor":39,"gold_loss":0},{"damage_healed":0,"gold_gain":0,"player_choice":"Upgrade","damage_taken":0,"relics_obtained":["Mark of the Bloom"],"max_hp_gain":0,"max_hp_loss":0,"event_name":"MindBloom","floor":47,"gold_loss":0,"cards_upgraded":["Strike_G","Strike_G","Strike_G","Strike_G","Defend_G","Defend_G","Defend_G","Survivor","Footwork","Caltrops","Blade Dance","Backstab","Phantasmal Killer","After Image","Blade Dance","Noxious Fumes"]}],"is_beta":false,"boss_relics":[{"not_picked":["Coffee Dripper","Sozu"],"picked":"SlaversCollar"},{"not_picked":["Empty Cage","Cursed Key"],"picked":"infinitespire:Cupcake"}],"items_purged_floors":[0,46,46],"is_endless":false,"potions_floor_spawned":[2,3,6,11,14,18,22,25,29,30,30,35,40,41,45],"ascension_level":1}}