{"host":"2lo6hma6kymb0g9i","time":1607677743,"event":{"mods":["BaseMod","Colored Map","DeckTracker","Minty Spire (QoL Compilation)"],"gold_per_floor":[110,110,35,50,0,32,32,42,96,96,96,109,109,123,123,221,221,239,239,139,139,189,189,204,204,204,18,34,51,51,70,70,165,165,176,176,192,23,35,70,70,81,81,18,32,32,42,60,60,60],"floor_reached":51,"playtime":3733,"items_purged":["Strike_G","Strike_G","Parasite"],"score":883,"play_id":"194b101b-899d-4934-b86c-d908d4548d6c","local_time":"20201211180903","is_ascension_mode":true,"campfire_choices":[{"data":"Phantasmal Killer","floor":10.0,"key":"SMITH"},{"data":"Riddle With Holes","floor":13.0,"key":"SMITH"},{"data":"Envenom","floor":15.0,"key":"SMITH"},{"data":"Blade Dance","floor":23.0,"key":"SMITH"},{"data":"Cloak And Dagger","floor":25.0,"key":"SMITH"},{"data":"Blade Dance","floor":32.0,"key":"SMITH"},{"floor":46,"key":"REST"},{"floor":49,"key":"REST"}],"circlet_count":0,"master_deck":["Defend_G","Defend_G","Defend_G","Defend_G","Defend_G","Survivor","Neutralize","Phantasmal Killer+1","Cloak And Dagger+1","Sucker Punch","Well Laid Plans","Blade Dance+1","Riddle With Holes+1","Envenom+1","Wraith Form v2","Cloak And Dagger","Acrobatics","Grand Finale","Acrobatics","Flechettes","Blade Dance","Blade Dance+1","PiercingWail","Corpse Explosion","Backflip","Infinite Blades+1","Accuracy","Blur+1","Terror+1","Finisher","Cloak And Dagger","Backflip+1"],"relics":["Ring of the Snake","NlothsMask","Anchor","WristBlade","Tiny Chest","Bag of Preparation","Fusion Hammer","Membership Card","Darkstone Periapt","Blue Candle","Kunai"],"acts_visited":["Exordium","TheCity","TheBeyond"],"potions_floor_usage":[42,42,48,50],"damage_taken":[{"damage":0.0,"enemies":"Small Slimes","floor":1.0,"turns":4.0},{"damage":0.0,"enemies":"Cultist","floor":4.0,"turns":5.0},{"damage":18.0,"enemies":"3 Sentries","floor":6.0,"turns":12.0},{"damage":1.0,"enemies":"Jaw Worm","floor":8.0,"turns":4.0},{"damage":0.0,"enemies":"Red Slaver","floor":12.0,"turns":2.0},{"damage":10.0,"enemies":"Exordium Thugs","floor":14.0,"turns":4.0},{"damage":12.0,"enemies":"Hexaghost","floor":16.0,"turns":8.0},{"damage":6.0,"enemies":"2 Thieves","floor":18.0,"turns":4.0},{"damage":0.0,"enemies":"Spheric Guardian","floor":24.0,"turns":3.0},{"damage":9.0,"enemies":"Centurion and Healer","floor":28.0,"turns":5.0},{"damage":0.0,"enemies":"3 Cultists","floor":29.0,"turns":3.0},{"damage":14.0,"enemies":"Snake Plant","floor":31.0,"turns":4.0},{"damage":33.0,"enemies":"Automaton","floor":33.0,"turns":7.0},{"damage":0.0,"enemies":"3 Shapes","floor":35.0,"turns":3.0},{"damage":0.0,"enemies":"Orb Walker","floor":37.0,"turns":2.0},{"damage":0,"enemies":"Jaw Worm Horde","floor":39,"turns":2},{"damage":42,"enemies":"Nemesis","floor":40,"turns":7},{"damage":22,"enemies":"Writhing Mass","floor":42,"turns":4},{"damage":0,"enemies":"Maw","floor":45,"turns":5},{"damage":1,"enemies":"Jaw Worm Horde","floor":47,"turns":2},{"damage":0,"enemies":"Transient","floor":48,"turns":5},{"damage":31,"enemies":"Donu and Deca","floor":50,"turns":4}],"seed_played":"-4510201094584456840","potions_obtained":[{"floor":4.0,"key":"GamblersBrew"},{"floor":12.0,"key":"Weak Potion"},{"floor":14.0,"key":"BlessingOfTheForge"},{"floor":18.0,"key":"FairyPotion"},{"floor":29.0,"key":"Regen Potion"},{"floor":33.0,"key":"Swift Potion"},{"floor":42,"key":"Energy Potion"},{"floor":45,"key":"PowerPotion"},{"floor":47,"key":"DistilledChaos"}],"is_trial":false,"path_per_floor":["M","?","$","M","?","E","$","M","T","R","$","M","R","M","R","B",null,"M","?","$","?","?","R","M","R","T","$","M","M","?","M","R","B",null,"M","?","M","$","M","E","T","M","T","$","M","R","M","M","R","B",null],"character_chosen":"THE_SILENT","items_purchased":["Bag of Preparation","Flechettes","Membership Card","Accuracy"],"campfire_rested":2,"item_purchase_floors":[27,27,38,38],"current_hp_per_floor":[63,63,63,63,63,45,45,44,44,44,44,44,44,34,34,22,58,52,52,52,52,52,52,52,52,52,52,43,43,43,38,38,5,54,54,54,54,54,54,12,12,27,27,27,27,48,47,47,68,37],"gold":60,"neow_bonus":"ONE_RANDOM_RARE_CARD","is_daily":false,"chose_seed":false,"campfire_upgraded":6,"win_rate":0.0,"timestamp":1607677743,"path_taken":["M","?","?","M","?","E","$","?","T","R","?","M","R","M","R","BOSS","M","?","$","?","?","R","M","R","T","$","M","?","?","M","R","BOSS","M","?","M","$","M","E","?","M","T","$","M","R","M","M","R","BOSS"],"items_purchased_type":["Relic","Card","Relic","Card"],"build_version":"2020-11-30","purchased_purges":3,"victory":true,"max_hp_per_floor":[70,70,70,70,70,70,70,70,70,70,70,70,70,70,70,70,70,70,70,70,70,70,70,70,70,70,70,70,70,70,70,70,70,70,70,70,70,70,70,70,70,76,76,73,73,73,73,73,73,73],"card_choices":[{"not_picked":["Outmaneuver","PiercingWail"],"picked":"Cloak And Dagger","floor":1.0},{"not_picked":["Bane","Deflect"],"picked":"Sucker Punch","floor":4.0},{"not_picked":["Outmaneuver","Flying Knee"],"picked":"Well Laid Plans","floor":6.0},{"not_picked":["Underhanded Strike","Flechettes"],"picked":"Blade Dance","floor":8.0},{"not_picked":["Flying Knee","Poisoned Stab"],"picked":"Riddle With Holes","floor":12.0},{"not_picked":["Caltrops","Choke"],"picked":"Envenom","floor":14.0},{"not_picked":["Glass Knife","Envenom"],"picked":"Wraith Form v2","floor":16.0},{"not_picked":["Quick Slash","Catalyst+1"],"picked":"Cloak And Dagger","floor":18.0},{"not_picked":["Expertise","Underhanded Strike"],"picked":"Acrobatics","floor":24.0},{"not_picked":["Underhanded Strike","Eviscerate"],"picked":"Blade Dance","floor":28.0},{"not_picked":["Skewer","Underhanded Strike"],"picked":"Blade Dance","floor":29.0},{"not_picked":["Sucker Punch","Predator"],"picked":"PiercingWail","floor":31.0},{"not_picked":["Unload","Venomology"],"picked":"Corpse Explosion","floor":33.0},{"not_picked":["Heel Hook+1","Caltrops"],"picked":"Backflip","floor":35.0},{"not_picked":["Calculated Gamble","Dagger Spray+1"],"picked":"Infinite Blades+1","floor":37.0},{"not_picked":["PiercingWail","Reflex+1"],"picked":"Blur+1","floor":39},{"not_picked":["Flying Knee","Deflect"],"picked":"Terror+1","floor":40},{"not_picked":["Deadly Poison","Quick Slash","Dodge and Roll"],"picked":"SKIP","floor":42},{"not_picked":["Wraith Form v2","Dagger Spray+1"],"picked":"Finisher","floor":45},{"not_picked":["Quick Slash+1","Flying Knee"],"picked":"Cloak And Dagger","floor":47},{"not_picked":["Slice","Escape Plan"],"picked":"Backflip+1","floor":48}],"player_experience":757169,"relics_obtained":[{"floor":6.0,"key":"Anchor"},{"floor":26.0,"key":"Tiny Chest"},{"floor":40,"key":"Darkstone Periapt"},{"floor":41,"key":"Blue Candle"},{"floor":43,"key":"Kunai"}],"event_choices":[{"damage_healed":0.0,"max_hp_gain":0.0,"max_hp_loss":0.0,"gold_gain":0.0,"event_name":"FaceTrader","player_choice":"Trade","floor":2.0,"gold_loss":0.0,"damage_taken":0.0,"relics_obtained":["NlothsMask"]},{"cards_removed":["Strike_G"],"damage_healed":0.0,"max_hp_gain":0.0,"max_hp_loss":0.0,"gold_gain":0.0,"event_name":"The Cleric","player_choice":"Card Removal","floor":5.0,"gold_loss":50.0,"damage_taken":0.0},{"damage_healed":0.0,"max_hp_gain":0.0,"max_hp_loss":0.0,"gold_gain":0.0,"event_name":"The Mausoleum","player_choice":"Ignored","floor":19.0,"gold_loss":0.0,"damage_taken":0.0},{"damage_healed":0.0,"max_hp_gain":0.0,"max_hp_loss":0.0,"gold_gain":0.0,"cards_transformed":["Strike_G","Strike_G"],"event_name":"Drug Dealer","player_choice":"Became Test Subject","floor":21.0,"gold_loss":0.0,"damage_taken":0.0,"cards_obtained":["Acrobatics","Grand Finale"]},{"damage_healed":0.0,"max_hp_gain":0.0,"max_hp_loss":0.0,"gold_gain":100.0,"event_name":"The Joust","player_choice":"Bet on Murderer","floor":22.0,"gold_loss":50.0,"damage_taken":0.0},{"damage_healed":0.0,"max_hp_gain":0.0,"max_hp_loss":0.0,"gold_gain":0.0,"event_name":"Vampires","player_choice":"Ignored","floor":30.0,"gold_loss":0.0,"damage_taken":0.0},{"damage_healed":0.0,"max_hp_gain":0.0,"max_hp_loss":0.0,"gold_gain":0.0,"event_name":"The Woman in Blue","player_choice":"Bought 0 Potions","floor":36.0,"gold_loss":0.0,"damage_taken":0.0}],"is_beta":false,"boss_relics":[{"not_picked":["Runic Dome","Snecko Eye"],"picked":"WristBlade"},{"not_picked":["Calling Bell","Pandora\u0027s Box"],"picked":"Fusion Hammer"}],"items_purged_floors":[3,20,44],"is_endless":false,"potions_floor_spawned":[4,12,14,18,29,33,40,42,45,47],"ascension_level":7}}