{"host":"ceopyqoizwrgii5g","time":1607705792,"event":{"mods":["Act Like it!","Aspiration","BaseMod","BetterRewards","CapriCore","Conspire","Dota2Spire","GungeonMod","Hallownest","Hermit","Infinite Spire","Luminous","Marisa（霧雨　魔理沙）","Minty Spire (QoL Compilation)","Permanent Neow","Quick Restart","Replay The Spire","RumiaBox-露米?的神秘盒子","Shop Mod","Spicy Shops","StSLib","SuperFastMode","TheWitcher","Transform Curses","WarShipGirlsR/??少女R mod","【?方二次?作】八云紫mod","【功能Mod】混沌之?修复?丁"],"gold_per_floor":[113,55,55,55,71,101,111,141,141,141,159,159,159,175,175,277,277,296,310,310,310,310,310],"floor_reached":22,"playtime":371,"items_purged":[],"score":296,"play_id":"8b239c3d-89e7-4fea-9a6d-a631a8a4f44f","local_time":"20201212005632","is_ascension_mode":true,"campfire_choices":[{"floor":10,"key":"REST"},{"floor":13,"key":"REST"},{"data":"MachineGunSpark","floor":15,"key":"SMITH"}],"circlet_count":0,"master_deck":["Strike_MRS","Strike_MRS","Strike_MRS","Strike_MRS","Defend_MRS","Defend_MRS","Defend_MRS","Defend_MRS","MasterSpark","UpSweep","Replay:Sluggish","RefractionSpark+1","LuminesStrike","DC","PowerUp","MachineGunSpark+1","SporeBomb","MilkyWay","FairyDestructionRay+1"],"relics":["MiniHakkero","Philosopher\u0027s Stone","AddBug","SecretRecord","SecretRecord"],"acts_visited":["Exordium","TheCity"],"potions_floor_usage":[16,16,16],"damage_taken":[{"damage":6,"enemies":"Jaw Worm","floor":1,"turns":3},{"damage":0,"enemies":"Cultist","floor":5,"turns":2},{"damage":35,"enemies":"3 Sentries","floor":6,"turns":7},{"damage":7,"enemies":"2 Louse","floor":7,"turns":2},{"damage":0,"enemies":"Gremlin Nob","floor":8,"turns":2},{"damage":12,"enemies":"Large Slime","floor":11,"turns":4},{"damage":7,"enemies":"Exordium Thugs","floor":14,"turns":3},{"damage":20,"enemies":"Hexaghost","floor":16,"turns":5},{"damage":27,"enemies":"Shell Parasite","floor":18,"turns":4},{"damage":40,"enemies":"2 Thieves","floor":19,"turns":4},{"damage":5,"enemies":"Centurion and Healer","floor":22,"turns":1}],"seed_played":"4338754966157432619","potions_obtained":[{"floor":5,"key":"LiquidBronze"},{"floor":8,"key":"Languid Potion"},{"floor":14,"key":"Strength Potion"},{"floor":18,"key":"SteroidPotion"}],"is_trial":false,"path_per_floor":["M","$","?","T","M","E","M","E","T","R","M","?","R","M","R","B",null,"M","M","?","?","M"],"character_chosen":"MARISA","items_purchased":["RefractionSpark+1"],"campfire_rested":2,"item_purchase_floors":[2],"current_hp_per_floor":[62,62,67,67,67,32,25,25,25,49,37,37,61,54,54,34,69,42,2,2,2,0,0],"gold":310,"neow_bonus":"CURSED_BOSS_RELIC","is_daily":false,"chose_seed":false,"campfire_upgraded":1,"win_rate":0.0,"timestamp":1607705792,"path_taken":["M","$","?","?","M","E","?","E","T","R","M","?","R","M","R","BOSS","M","M","?","?","?"],"items_purchased_type":["Card"],"build_version":"2020-11-30","purchased_purges":0,"victory":false,"max_hp_per_floor":[75,75,80,80,80,80,80,80,80,80,80,80,80,80,80,80,80,80,80,80,80,80,80],"card_choices":[{"not_picked":["SprinkleStarSeal","DeepEcoloBomb","UnstableBomb"],"picked":"SKIP","floor":1},{"not_picked":["SprinkleStarSeal","DeepEcoloBomb","UnstableBomb"],"picked":"SKIP","floor":1},{"not_picked":["DC","WitchLeyline"],"picked":"LuminesStrike","floor":5},{"not_picked":["DarkSpark","ChargeUpSpray","GrandCross"],"picked":"SKIP","floor":6},{"not_picked":["SuperPerseids","DarkMatter"],"picked":"DC","floor":7},{"not_picked":["EscapeVelocity","MagicAbsorber"],"picked":"PowerUp","floor":8},{"not_picked":["LuminesStrike","OortCloud"],"picked":"MachineGunSpark","floor":11},{"not_picked":["ShootTheMoon","TreasureHunter"],"picked":"SporeBomb","floor":14},{"not_picked":["GravityBeat+1","NonDirectionalLaser"],"picked":"MilkyWay","floor":18},{"not_picked":["DC+1","ShootingEcho"],"picked":"FairyDestructionRay","floor":19}],"player_experience":179460,"relics_obtained":[{"floor":1,"key":"AddBug"},{"floor":4,"key":"LastBattle"},{"floor":6,"key":"SumBook"},{"floor":8,"key":"GodSword1"},{"floor":9,"key":"DemoMod:ChaffGrenade"},{"floor":14,"key":"SecretRecord"}],"event_choices":[{"damage_healed":0,"gold_gain":0,"player_choice":"Donut","damage_taken":0,"max_hp_gain":5,"max_hp_loss":0,"event_name":"Big Fish","floor":3,"gold_loss":0},{"damage_healed":0,"gold_gain":0,"player_choice":"Forge","damage_taken":0,"max_hp_gain":0,"max_hp_loss":0,"event_name":"Accursed Blacksmith","floor":21,"gold_loss":0,"cards_upgraded":["FairyDestructionRay"]}],"is_beta":false,"boss_relics":[{"not_picked":["Tiny House","ReplayTheSpireMod:SealedPack"],"picked":"Ring of Chaos"}],"items_purged_floors":[],"is_endless":false,"potions_floor_spawned":[5,8,14,18],"killed_by":"Centurion and Healer","ascension_level":7}}