{"host":"sav7uxregyirlf69","time":1607670142,"event":{"mods":["AchievementEnabler","BaseMod","Colored Map","DeckTracker","Hermit","Keyboard Shortcuts","Minty Spire (QoL Compilation)","READ ME - Guardian Mod","StSLib","SuperFastMode"],"gold_per_floor":[115,126,137,137,150,150,150,150,173,173,17,50,50,88,88,212,212,225,225,44,44,44,82,97,135,183,58,58,58,113,113,113,237,237,255,255,279,129,129,129,172,172,198,236,251,76,76,76,76,76,76,76,5,46,46],"floor_reached":56,"playtime":984,"items_purged":["Strike_P","Defend_P","Strike_P","Strike_P","Defend_P"],"score":1600,"play_id":"8dbb1ae4-a339-4bac-bd3b-2357caea077f","local_time":"20201211160222","daily_mods":["Heirloom","Flight"],"is_ascension_mode":true,"campfire_choices":[{"data":"Eruption","floor":6.0,"key":"SMITH"},{"data":"CrushJoints","floor":8.0,"key":"SMITH"},{"data":"Wallop","floor":10.0,"key":"SMITH"},{"data":"Tantrum","floor":15.0,"key":"SMITH"},{"data":"TalkToTheHand","floor":29,"key":"SMITH"},{"data":"InnerPeace","floor":32,"key":"SMITH"},{"data":"Madness","floor":40,"key":"SMITH"},{"floor":49,"key":"RECALL"},{"data":"Madness","floor":52,"key":"SMITH"}],"circlet_count":0,"master_deck":["Eruption+1","Vigilance","Wallop+1","FlurryOfBlows","CrushJoints+1","Tantrum+1","TalkToTheHand+1","Adaptation+1","Fasting2+1","InnerPeace+1","SashWhip+1","DeceiveReality+1","Pray+1","Madness+1","Madness+1","Flash of Steel","Finesse"],"relics":["PureWater","Bird Faced Urn","Tiny Chest","MealTicket","Gambling Chip","Golden Idol","TeardropLocket","Coffee Dripper","Prayer Wheel","Mercury Hourglass","Singing Bowl","Lantern","Nunchaku","Mummified Hand","Astrolabe","Lizard Tail","Bottled Tornado","Meat on the Bone","White Beast Statue","Gremlin Horn"],"acts_visited":["Exordium","TheCity","TheBeyond","TheEnding"],"potions_floor_usage":[50,55,55,55],"damage_taken":[{"damage":0.0,"enemies":"Small Slimes","floor":1.0,"turns":4.0},{"damage":1.0,"enemies":"2 Louse","floor":2.0,"turns":2.0},{"damage":0.0,"enemies":"Jaw Worm","floor":3.0,"turns":3.0},{"damage":0.0,"enemies":"2 Fungi Beasts","floor":5.0,"turns":2.0},{"damage":10.0,"enemies":"3 Sentries","floor":12.0,"turns":6.0},{"damage":0.0,"enemies":"Gremlin Nob","floor":14.0,"turns":2.0},{"damage":9.0,"enemies":"The Guardian","floor":16.0,"turns":3.0},{"damage":0.0,"enemies":"3 Byrds","floor":18.0,"turns":5.0},{"damage":0.0,"enemies":"Book of Stabbing","floor":23.0,"turns":2.0},{"damage":12.0,"enemies":"Chosen","floor":24.0,"turns":2.0},{"damage":32,"enemies":"Gremlin Leader","floor":25,"turns":6},{"damage":0,"enemies":"Champ","floor":33,"turns":3},{"damage":0,"enemies":"3 Darklings","floor":35,"turns":2},{"damage":0,"enemies":"Orb Walker","floor":37,"turns":2},{"damage":0,"enemies":"Giant Head","floor":41,"turns":4},{"damage":39,"enemies":"Nemesis","floor":44,"turns":3},{"damage":28,"enemies":"3 Darklings","floor":45,"turns":4},{"damage":0,"enemies":"Awakened One","floor":50,"turns":4},{"damage":0,"enemies":"Shield and Spear","floor":54,"turns":2},{"damage":19,"enemies":"The Heart","floor":55,"turns":4}],"seed_played":"-6217364662942485565","potions_obtained":[{"floor":1.0,"key":"PowerPotion"},{"floor":2.0,"key":"Energy Potion"},{"floor":5.0,"key":"Ambrosia"},{"floor":23.0,"key":"BottledMiracle"},{"floor":33,"key":"Strength Potion"},{"floor":45,"key":"DuplicationPotion"}],"is_trial":true,"path_per_floor":["M","M","M","?","M","R","?","R","T","R","$","E","?","E","R","B",null,"M","?","$","?","T","E","M","E","T","$","?","R","T","?","R","B",null,"M","?","M","$","?","R","E","T","T","E","M","$","?","T","R","B",null,"R","$","E","B",null],"character_chosen":"WATCHER","items_purchased":["Tantrum","Adaptation","LiquidBronze"],"campfire_rested":0,"item_purchase_floors":[11,20,53],"current_hp_per_floor":[72,71,71,71,71,71,64,64,64,64,72,62,44,44,44,37,72,72,72,72,72,72,72,60,32,32,47,47,47,47,47,47,53,74,78,78,82,82,72,72,78,78,78,45,37,52,44,44,44,48,92,92,92,94,78],"gold":46,"neow_bonus":"","is_daily":false,"chose_seed":false,"campfire_upgraded":8,"win_rate":0.0,"timestamp":1607670142,"path_taken":["M","M","M","?","M","R","?","R","T","R","$","E","?","E","R","BOSS","M","?","$","?","?","E","?","E","T","$","?","R","?","?","R","BOSS","M","?","M","$","?","R","E","?","T","E","?","?","?","?","R","BOSS","R","$","E","BOSS"],"items_purchased_type":["Card","Card","Potion"],"build_version":"2020-11-30","purchased_purges":5,"victory":true,"max_hp_per_floor":[72,72,72,72,72,72,72,72,72,72,72,72,72,72,72,72,72,72,72,72,72,72,72,72,72,72,72,72,72,72,72,72,74,74,78,78,82,82,82,82,84,84,84,86,90,90,92,92,92,92,92,92,92,94,94],"card_choices":[{"not_picked":["CutThroughFate","Pray"],"picked":"Wallop","floor":1.0},{"not_picked":["FollowUp","SashWhip"],"picked":"FlurryOfBlows","floor":2.0},{"not_picked":["CutThroughFate","EmptyBody","Evaluate"],"picked":"SKIP","floor":3.0},{"not_picked":["FlyingSleeves","Prostrate"],"picked":"CrushJoints","floor":5.0},{"not_picked":["Evaluate","EmptyBody","Crescendo"],"picked":"SKIP","floor":12.0},{"not_picked":["Evaluate","Vengeance","WindmillStrike"],"picked":"SKIP","floor":14.0},{"not_picked":["JustLucky","PathToVictory","Halt"],"picked":"SKIP","floor":18.0},{"not_picked":["Protect+1","BowlingBash"],"picked":"Fasting2+1","floor":23.0},{"not_picked":["FlyingSleeves","EmptyFist","Prostrate"],"picked":"SKIP","floor":24},{"not_picked":["Halt","EmptyFist+1","Crescendo"],"picked":"SKIP","floor":24},{"not_picked":["ClearTheMind","Consecrate"],"picked":"InnerPeace","floor":25},{"not_picked":["DeusExMachina","Ragnarok","Brilliance"],"picked":"Singing Bowl","floor":33},{"not_picked":["Meditate","EmptyFist","Halt"],"picked":"Singing Bowl","floor":35},{"not_picked":["DeceiveReality+1","Vengeance+1","Protect+1"],"picked":"Singing Bowl","floor":35},{"not_picked":["FlurryOfBlows","Halt","Nirvana"],"picked":"Singing Bowl","floor":37},{"not_picked":["CrushJoints+1","WindmillStrike+1","FlyingSleeves"],"picked":"Singing Bowl","floor":37},{"not_picked":["CrushJoints","SashWhip+1","Fasting2"],"picked":"Singing Bowl","floor":41},{"not_picked":["CarveReality","FollowUp+1","EmptyBody"],"picked":"Singing Bowl","floor":44},{"not_picked":["BowlingBash","JustLucky+1","Crescendo"],"picked":"Singing Bowl","floor":45},{"not_picked":["EmptyFist","Consecrate","SignatureMove+1"],"picked":"Singing Bowl","floor":45},{"not_picked":["HandOfGreed","Forethought"],"picked":"Flash of Steel","floor":47},{"not_picked":["Trip","Chrysalis","Good Instincts"],"picked":"Singing Bowl","floor":47},{"not_picked":["PanicButton","Mind Blast"],"picked":"Finesse","floor":47},{"not_picked":["EmptyBody+1","LikeWater","FollowUp+1"],"picked":"Singing Bowl","floor":54}],"player_experience":918193,"relics_obtained":[{"floor":9.0,"key":"MealTicket"},{"floor":12.0,"key":"Gambling Chip"},{"floor":14.0,"key":"TeardropLocket"},{"floor":22.0,"key":"Prayer Wheel"},{"floor":23.0,"key":"Mercury Hourglass"},{"floor":25,"key":"Singing Bowl"},{"floor":26,"key":"Lantern"},{"floor":30,"key":"Nunchaku"},{"floor":41,"key":"Lizard Tail"},{"floor":42,"key":"Bottled Tornado"},{"floor":44,"key":"Meat on the Bone"},{"floor":48,"key":"White Beast Statue"},{"floor":54,"key":"Gremlin Horn"}],"event_choices":[{"damage_healed":0.0,"max_hp_gain":0.0,"max_hp_loss":0.0,"gold_gain":0.0,"event_name":"Liars Game","player_choice":"Ignored","floor":4.0,"gold_loss":0.0,"damage_taken":0.0},{"damage_healed":0.0,"max_hp_gain":0.0,"max_hp_loss":0.0,"gold_gain":0.0,"event_name":"Scrap Ooze","player_choice":"Success","floor":7.0,"gold_loss":0.0,"damage_taken":7.0,"relics_obtained":["Tiny Chest"]},{"damage_healed":0.0,"max_hp_gain":0.0,"max_hp_loss":0.0,"gold_gain":0.0,"event_name":"Golden Idol","player_choice":"Take Damage","floor":13.0,"gold_loss":0.0,"damage_taken":18.0,"relics_obtained":["Golden Idol"]},{"damage_healed":0.0,"max_hp_gain":0.0,"max_hp_loss":0.0,"gold_gain":0.0,"event_name":"The Library","player_choice":"Read","floor":19.0,"gold_loss":0.0,"damage_taken":0.0,"cards_obtained":["TalkToTheHand"]},{"damage_healed":0.0,"max_hp_gain":0.0,"max_hp_loss":0.0,"gold_gain":0.0,"event_name":"Vampires","player_choice":"Ignored","floor":21.0,"gold_loss":0.0,"damage_taken":0.0},{"damage_healed":0,"gold_gain":0,"player_choice":"Upgraded","damage_taken":0,"max_hp_gain":0,"max_hp_loss":0,"event_name":"Upgrade Shrine","floor":28,"gold_loss":0,"cards_upgraded":["Adaptation"]},{"damage_healed":0,"gold_gain":0,"player_choice":"Opened","damage_taken":0,"relics_obtained":["Mummified Hand"],"max_hp_gain":0,"max_hp_loss":0,"event_name":"The Mausoleum","floor":31,"gold_loss":0},{"damage_healed":0,"gold_gain":0,"player_choice":"Ignored","damage_taken":0,"max_hp_gain":0,"max_hp_loss":0,"event_name":"Tomb of Lord Red Mask","floor":36,"gold_loss":0},{"damage_healed":0,"gold_gain":0,"player_choice":"Embrace Madness","damage_taken":10,"max_hp_gain":0,"max_hp_loss":0,"event_name":"Winding Halls","floor":39,"gold_loss":0,"cards_obtained":["Madness","Madness"]},{"damage_healed":0,"gold_gain":0,"player_choice":"Memory 3","damage_taken":10,"max_hp_gain":0,"max_hp_loss":0,"event_name":"SensoryStone","floor":47,"gold_loss":0}],"is_beta":false,"boss_relics":[{"not_picked":["SacredBark","Fusion Hammer"],"picked":"Coffee Dripper"},{"not_picked":["Velvet Choker","Tiny House"],"picked":"Astrolabe"}],"items_purged_floors":[11,20,27,38,46],"is_endless":false,"potions_floor_spawned":[1,2,5,23,33,37,45,54],"ascension_level":1}}