{"host":"7d9nv1viv9k97dq8","time":1607656226,"event":{"mods":["Act Like it!","BaseMod","Decade(王小明)","Downfall","Gensokyo","KomeijiMod","Marisa（F雨　魔理沙）","Minty Spire (QoL Compilation)","Prisma Mod","Reimu（博丽灵梦）","Remilia（蕾米莉亚）","Replay The Spire","StSLib","The Administrix","The Animator","The Bug Knight","Waifu the Spire","Youmu（魂魄妖梦）","Yuyuko","【东方二次创作】八云紫mod"],"gold_per_floor":[117,129,143,163,95,120,120,220,294,304,304,329,329,329,329,448,448,448,448,466,466,466,466,497,497,497,516,530,549,549,134,134,233,233,233,248,267,167,178,210,210,210,210,85,85,85,103,118,118,118],"floor_reached":51,"playtime":4254,"items_purged":["KamenRideBlade","Injury","Hibiki_FEVER"],"score":703,"play_id":"3613af5c-1e24-45fa-bd28-b8e903451c13","local_time":"20201211111026","is_ascension_mode":false,"campfire_choices":[{"floor":7.0,"key":"REST"},{"floor":11.0,"key":"REST"},{"data":"Decade_Invisible","floor":15.0,"key":"SMITH"},{"data":"NMDAZYYGL","floor":23.0,"key":"SMITH"},{"floor":25.0,"key":"REST"},{"floor":32.0,"key":"REST"},{"floor":41,"key":"REST"},{"floor":45,"key":"REST"},{"floor":49,"key":"DIG"}],"circlet_count":0,"master_deck":["Decade_Attack","Decade_Attack","Decade_Attack","Decade_Attack","KamenRide+1","Decade_SpecialSkill","Decade_Defend","Decade_Defend","Decade_Defend","Decade_Defend","Decade_Dash1","UnarmedAttack1","Decade_Invisible+1","UnarmedAttack4","DragShield","FormRideFlame+6","UnarmedAttack3","KamenRideDenO","Kiva_Bats","NMDAZYYGL+1","DragShield","AutoVajin+1","PhotonAcceleration+1","UnarmedAttack9","PrometheusPower+1","DenO_Gun+1","DenO_Ax+1","UnarmedAttack5","DenO_Sword+1","FormRideAxel"],"relics":["Decadriver","TOEIDeficitBill","Prayer Wheel","Meat on the Bone","Strawberry","Bloody Idol","Runic Pyramid","RuthlessExorcism:ReiMu","White Beast Statue","Shuriken","Sozu","Bottled Flame","Du-Vu Doll","Oddly Smooth Stone"],"acts_visited":[],"potions_floor_usage":[39,40],"damage_taken":[{"damage":9.0,"enemies":"2 Louse","floor":1.0,"turns":4.0},{"damage":0.0,"enemies":"Cultist","floor":2.0,"turns":2.0},{"damage":12.0,"enemies":"Jaw Worm","floor":3.0,"turns":3.0},{"damage":6.0,"enemies":"Large Slime","floor":4.0,"turns":3.0},{"damage":0.0,"enemies":"Lagavulin","floor":6.0,"turns":4.0},{"damage":18.0,"enemies":"Lots of Slimes","floor":10.0,"turns":3.0},{"damage":0.0,"enemies":"Gremlin Nob","floor":12.0,"turns":3.0},{"damage":12.0,"enemies":"Slime Boss","floor":16.0,"turns":7.0},{"damage":5.0,"enemies":"Shell Parasite","floor":18.0,"turns":5.0},{"damage":0.0,"enemies":"Chosen","floor":19.0,"turns":1.0},{"damage":0.0,"enemies":"Shelled Parasite and Fungi","floor":20.0,"turns":3.0},{"damage":0.0,"enemies":"Snecko","floor":21.0,"turns":1.0},{"damage":0.0,"enemies":"Snake Plant","floor":22.0,"turns":3.0},{"damage":38.0,"enemies":"Slavers","floor":24.0,"turns":5.0},{"damage":10.0,"enemies":"Cultist and Chosen","floor":27.0,"turns":3.0},{"damage":28.0,"enemies":"Shelled Parasite and Fungi","floor":28.0,"turns":6.0},{"damage":21.0,"enemies":"Snake Plant","floor":29.0,"turns":3.0},{"damage":41.0,"enemies":"Collector","floor":33.0,"turns":10.0},{"damage":0.0,"enemies":"Orb Walker","floor":35.0,"turns":1.0},{"damage":36.0,"enemies":"3 Darklings","floor":36.0,"turns":6.0},{"damage":10.0,"enemies":"Spire Growth","floor":37.0,"turns":4.0},{"damage":6,"enemies":"Jaw Worm Horde","floor":39,"turns":3},{"damage":46,"enemies":"Nemesis","floor":40,"turns":5},{"damage":7,"enemies":"Transient","floor":46,"turns":3},{"damage":11,"enemies":"Sphere and 2 Shapes","floor":47,"turns":6},{"damage":12,"enemies":"Jaw Worm Horde","floor":48,"turns":6},{"damage":45,"enemies":"Awakened One","floor":50,"turns":15}],"seed_played":"355182353831986443","potions_obtained":[{"floor":0.0,"key":"ZuzhouPotion:ReiMu"},{"floor":0.0,"key":"SteroidPotion"},{"floor":0.0,"key":"Fire Potion"},{"floor":10.0,"key":"Fire Potion"},{"floor":24.0,"key":"PowerPotion"}],"is_trial":false,"path_per_floor":["M","M","M","M","$","E","R","?","T","M","R","E","?","?","R","B",null,"M","M","M","M","M","R","E","R","T","M","M","M","?","$","R","B",null,"M","M","M","$","M","E","R","?","T","$","R","M","M","M","R","B",null],"character_chosen":"Decade","items_purchased":["KamenRideBlade","Shuriken","UnarmedAttack9"],"campfire_rested":6,"item_purchase_floors":[5,31,31],"current_hp_per_floor":[61,61,49,43,43,43,64,64,64,46,67,74,74,74,74,62,77,72,72,72,72,72,72,46,69,69,59,43,34,34,34,57,33,77,77,46,53,53,52,23,46,46,46,46,69,62,56,49,49,16],"gold":118,"neow_bonus":"THREE_SMALL_POTIONS","is_daily":false,"chose_seed":false,"campfire_upgraded":2,"win_rate":0.0,"timestamp":1607656226,"path_taken":["M","M","M","M","$","E","R","?","T","?","R","E","?","?","R","BOSS","M","?","M","M","M","R","E","R","T","M","M","M","?","?","R","BOSS","M","M","M","$","M","E","R","?","T","$","R","M","?","M","R","BOSS"],"items_purchased_type":["Card","Relic","Card"],"build_version":"2020-11-30","purchased_purges":3,"victory":true,"max_hp_per_floor":[70,70,70,70,70,70,70,70,70,70,70,77,77,77,77,77,77,77,77,77,77,77,77,77,77,77,77,77,77,77,77,77,77,77,77,77,77,77,77,77,77,77,77,77,77,77,77,77,77,77],"card_choices":[{"not_picked":["UnarmedAttack5","RideBooker_Skill_1"],"picked":"Decade_Dash1","floor":1.0},{"not_picked":["UnarmedAttack5","Decade_Dash1"],"picked":"UnarmedAttack1","floor":1.0},{"not_picked":["DenO_Climax","KamenRideBlade"],"picked":"Decade_Invisible","floor":2.0},{"not_picked":["FormRideBasshaa","DenO_Sword"],"picked":"UnarmedAttack4","floor":3.0},{"not_picked":["UnarmedAttack7","UnarmedAttack6"],"picked":"DragShield","floor":3.0},{"not_picked":["Blade_Slash","DenO_Rod"],"picked":"FormRideFlame","floor":4.0},{"not_picked":["FormRideFlame","Blade_Beat"],"picked":"UnarmedAttack3","floor":10.0},{"not_picked":["UnarmedAttack5","FormRideBasshaa"],"picked":"KamenRideDenO","floor":10.0},{"not_picked":["Blade_Slash","FormRideStorm"],"picked":"Kiva_Bats","floor":12.0},{"not_picked":["Hibiki_FEVER","TimeVent"],"picked":"NMDAZYYGL","floor":16.0},{"not_picked":["Decade_Dash2","UnarmedAttack5+1"],"picked":"DragShield","floor":18.0},{"not_picked":["Kiva_Bats","UnarmedAttack3+1","UnarmedAttack5+1"],"picked":"SKIP","floor":18.0},{"not_picked":["FormRidePegasus","DenO_Climax","UnarmedAttack3"],"picked":"SKIP","floor":18.0},{"not_picked":["Decade_Dash1","DenO_Gun"],"picked":"AutoVajin","floor":19.0},{"not_picked":["KamenRideAgito+1","KamenRideKuuga","Hibiki_Attack1"],"picked":"SKIP","floor":19.0},{"not_picked":["MirrorWorld+1","Decade_Dash2","KamenRideHibiki"],"picked":"SKIP","floor":20.0},{"not_picked":["UnarmedAttack5","RideBooker_Skill_1","FormRideStorm"],"picked":"SKIP","floor":20.0},{"not_picked":["DenO_Gun","UnarmedAttack3"],"picked":"Hibiki_FEVER","floor":21.0},{"not_picked":["FormRideGaruru+1","Decade_Dash1+1","FormRideFlame+1"],"picked":"SKIP","floor":21.0},{"not_picked":["Decade_Defend2","UnarmedAttack5+1","Hibiki_Attack2"],"picked":"SKIP","floor":22.0},{"not_picked":["FormRideGaruru","DenO_Sword","RideBooker_Skill_1"],"picked":"SKIP","floor":22.0},{"not_picked":["DenO_Gun+1","Hibiki_Attack1","Blade_Beat"],"picked":"SKIP","floor":24.0},{"not_picked":["FormRideTitan","Kabuto_ClockUp"],"picked":"PhotonAcceleration+1","floor":27.0},{"not_picked":["RideBooker_Skill_1+1","Blade_Slash","FormRideDragon"],"picked":"SKIP","floor":27.0},{"not_picked":["MirrorWorld","UnarmedAttack1","DenO_Rod"],"picked":"SKIP","floor":28.0},{"not_picked":["FormRideDragon","KamenRideAgito+1","UnarmedAttack6"],"picked":"SKIP","floor":28.0},{"not_picked":["DenO_Rod","FormRideStorm+1","FormRideTitan"],"picked":"SKIP","floor":29.0},{"not_picked":["UnarmedAttack9","KamenRideHibiki","DragClaw"],"picked":"SKIP","floor":29.0},{"not_picked":["DenO_Rod","KamenRideKuuga","UnarmedAttack5"],"picked":"SKIP","floor":29.0},{"not_picked":["FormRideDragon","Decade_Defend2","Blade_Beat+1"],"picked":"SKIP","floor":35.0},{"not_picked":["FormRideDogga+1","Decade_Defend2+1","KamenRideHibiki"],"picked":"SKIP","floor":35.0},{"not_picked":["Kabuto_ClockUp","AttackRide","PrometheusPower"],"picked":"SKIP","floor":36.0},{"not_picked":["Blade_Beat","Decade_Defend2+1","KamenRideHibiki+1"],"picked":"SKIP","floor":36.0},{"not_picked":["DenO_Sword+1","Decade_Defend3","Hibiki_Attack3"],"picked":"SKIP","floor":36.0},{"not_picked":["UnarmedAttack3+1","RideBooker_Skill_1","DenO_Rod"],"picked":"SKIP","floor":37},{"not_picked":["FormRideBasshaa","FormRideStorm+1","KamenRideDecade"],"picked":"SKIP","floor":37},{"not_picked":["Kiva_Swallow","Decade_Defend2"],"picked":"PrometheusPower+1","floor":39},{"not_picked":["UnarmedAttack4","FormRideDogga+1"],"picked":"DenO_Gun+1","floor":39},{"not_picked":["Kiva_Swallow","FormRidePegasus+1"],"picked":"DenO_Ax+1","floor":40},{"not_picked":["UnarmedAttack1+1","FormRideBasshaa"],"picked":"UnarmedAttack5","floor":46},{"not_picked":["FormRideBasshaa+1","Kuuga_GouramAttack","RideBooker_Skill_1"],"picked":"SKIP","floor":46},{"not_picked":["KamenRideBlade+1","DenO_Rod"],"picked":"DenO_Sword+1","floor":47},{"not_picked":["Hibiki_Attack1","KamenRideDecade"],"picked":"FormRideAxel","floor":47},{"not_picked":["UnarmedAttack1+1","Blade_Kick","Hibiki_Attack1"],"picked":"SKIP","floor":47},{"not_picked":["KamenRideBlade+1","AttackRide+1","Decade_Defend2+1"],"picked":"SKIP","floor":48},{"not_picked":["RideBooker_Skill_2+1","KamenRideAgito+1","UnarmedAttack1+1"],"picked":"SKIP","floor":48}],"player_experience":234761,"relics_obtained":[{"floor":6.0,"key":"Prayer Wheel"},{"floor":9.0,"key":"Meat on the Bone"},{"floor":12.0,"key":"Strawberry"},{"floor":24.0,"key":"RuthlessExorcism:ReiMu"},{"floor":26.0,"key":"White Beast Statue"},{"floor":40,"key":"Bottled Flame"},{"floor":43,"key":"Du-Vu Doll"},{"floor":49,"key":"Oddly Smooth Stone"}],"event_choices":[{"damage_healed":0.0,"max_hp_gain":0.0,"max_hp_loss":0.0,"gold_gain":100.0,"event_name":"Golden Shrine","player_choice":"Pray","floor":8.0,"gold_loss":0.0,"damage_taken":0.0},{"damage_healed":0.0,"max_hp_gain":0.0,"max_hp_loss":0.0,"gold_gain":0.0,"event_name":"Golden Idol","player_choice":"Take Wound","floor":13.0,"gold_loss":0.0,"damage_taken":0.0,"relics_obtained":["Golden Idol"],"cards_obtained":["Injury"]},{"damage_healed":0.0,"max_hp_gain":0.0,"max_hp_loss":0.0,"gold_gain":0.0,"event_name":"Accursed Blacksmith","player_choice":"Forge","floor":14.0,"gold_loss":0.0,"damage_taken":0.0,"cards_upgraded":["KamenRide"]},{"damage_healed":0.0,"max_hp_gain":0.0,"max_hp_loss":0.0,"gold_gain":0.0,"event_name":"Forgotten Altar","player_choice":"Gave Idol","floor":30.0,"relics_lost":["Golden Idol"],"gold_loss":0.0,"damage_taken":0.0,"relics_obtained":["Bloody Idol"]},{"damage_healed":0,"gold_gain":0,"player_choice":"Upgraded","damage_taken":0,"max_hp_gain":0,"max_hp_loss":0,"event_name":"Upgrade Shrine","floor":42,"gold_loss":0,"cards_upgraded":["AutoVajin"]}],"is_beta":false,"boss_relics":[{"not_picked":["SlaversCollar","SacredBark"],"picked":"Runic Pyramid"},{"not_picked":["Fusion Hammer","Coffee Dripper"],"picked":"Sozu"}],"items_purged_floors":[31,38,44],"is_endless":false,"potions_floor_spawned":[2,10,12,16,20,24,27,28,29,33,35,36,37,39,40,46,47,48],"ascension_level":0}}