{"host":"xyexbe31ku0ov20l","time":1607679366,"event":{"gold_per_floor":[114,114,129,144,319,349,364,379,379,394,394,394,424,454,454,554,554,569,668,583,598,123,153,168,168,193,208,238,253,268,283,283,383,383,398,248,248,47,62,62,92,92,92,122,122,137,137,152,152,152],"floor_reached":51,"playtime":7192,"items_purged":["Doubt"],"score":919,"play_id":"4cdd9596-bdd5-4926-893c-0d2c0dfae34f","local_time":"20201211013606","daily_mods":["Heirloom","Green Cards","DeadlyEvents"],"is_ascension_mode":false,"campfire_choices":[{"data":"Crippling Poison","floor":11,"key":"SMITH"},{"data":"Deadly Poison","floor":15,"key":"SMITH"},{"floor":32,"key":"REST"},{"data":"Worship","floor":40,"key":"SMITH"},{"data":"Blade Dance","floor":42,"key":"SMITH"},{"floor":45,"key":"REST"},{"floor":49,"key":"REST"}],"neow_cost":"","seed_source_timestamp":1264576814335300,"circlet_count":0,"master_deck":["Strike_P","Strike_P","Strike_P","Defend_P","Defend_P","Defend_P","Defend_P","Eruption","Vigilance","Blade Dance+1","EmptyFist+1","Dash+1","Backstab","Crippling Poison+1","EmptyBody","ClearTheMind","Deadly Poison+1","Tools of the Trade+1","SandsOfTime","Acrobatics","WindmillStrike","Worship+1","Bane","Sucker Punch+1","Venomology","Underhanded Strike","Poisoned Stab","FollowUp","Consecrate","EmptyBody+1","InnerPeace+1"],"special_seed":18607,"relics":["PureWater","Mango","Matryoshka","Bag of Marbles","Mummified Hand","Frozen Egg 2","Orichalcum","Singing Bowl","Ornamental Fan","Thread and Needle","Black Star","Lizard Tail","Boot","InkBottle","MealTicket","Akabeko","TeardropLocket","Dream Catcher","Anchor","Whetstone","Snecko Eye","Blood Vial","Oddly Smooth Stone","Smiling Mask","Shuriken","Bottled Flame","Lantern","Pen Nib","CaptainsWheel"],"potions_floor_usage":[13,18,23,24,27,33,33,33,41,41,44,44,50,50,50],"damage_taken":[{"damage":0,"enemies":"2 Louse","floor":1,"turns":2},{"damage":2,"enemies":"Small Slimes","floor":3,"turns":4},{"damage":0,"enemies":"Jaw Worm","floor":4,"turns":2},{"damage":21,"enemies":"Lagavulin","floor":6,"turns":7},{"damage":0,"enemies":"Looter","floor":7,"turns":2},{"damage":0,"enemies":"3 Louse","floor":8,"turns":2},{"damage":0,"enemies":"Large Slime","floor":10,"turns":3},{"damage":0,"enemies":"3 Sentries","floor":13,"turns":4},{"damage":0,"enemies":"Gremlin Nob","floor":14,"turns":2},{"damage":22,"enemies":"The Guardian","floor":16,"turns":9},{"damage":14,"enemies":"3 Byrds","floor":18,"turns":5},{"damage":1,"enemies":"Chosen","floor":21,"turns":3},{"damage":9,"enemies":"Book of Stabbing","floor":23,"turns":6},{"damage":0,"enemies":"Sentry and Sphere","floor":24,"turns":3},{"damage":0,"enemies":"Centurion and Healer","floor":27,"turns":4},{"damage":31,"enemies":"Gremlin Leader","floor":28,"turns":6},{"damage":0,"enemies":"Shelled Parasite and Fungi","floor":29,"turns":4},{"damage":2,"enemies":"Cultist and Chosen","floor":30,"turns":4},{"damage":0,"enemies":"Snake Plant","floor":31,"turns":2},{"damage":85,"enemies":"Automaton","floor":33,"turns":9},{"damage":0,"enemies":"Orb Walker","floor":35,"turns":2},{"damage":0,"enemies":"3 Darklings","floor":39,"turns":1},{"damage":23,"enemies":"Giant Head","floor":41,"turns":7},{"damage":0,"enemies":"Nemesis","floor":44,"turns":1},{"damage":0,"enemies":"Sphere and 2 Shapes","floor":46,"turns":1},{"damage":11,"enemies":"Maw","floor":48,"turns":5},{"damage":91,"enemies":"Awakened One","floor":50,"turns":8}],"seed_played":"-551933171069321123","potions_obtained":[{"floor":6,"key":"Regen Potion"},{"floor":10,"key":"Fire Potion"},{"floor":13,"key":"Dexterity Potion"},{"floor":14,"key":"SteroidPotion"},{"floor":23,"key":"BlessingOfTheForge"},{"floor":24,"key":"Explosive Potion"},{"floor":28,"key":"Strength Potion"},{"floor":29,"key":"Explosive Potion"},{"floor":33,"key":"Regen Potion"},{"floor":35,"key":"Ambrosia"},{"floor":41,"key":"ColorlessPotion"},{"floor":44,"key":"FearPotion"},{"floor":48,"key":"Explosive Potion"}],"is_trial":false,"path_per_floor":["M","?","M","M","?","E","M","M","T","M","R","T","E","E","R","B",null,"M","?","?","M","$","E","M","T","T","M","E","M","M","M","R","B",null,"M","$","?","$","M","R","E","R","T","E","R","M","T","M","R","B",null],"character_chosen":"WATCHER","items_purchased":["Boot","InkBottle","Blood Vial","Oddly Smooth Stone","Poisoned Stab"],"campfire_rested":3,"item_purchase_floors":[22,22,36,38,38],"current_hp_per_floor":[86,83,81,81,81,60,60,60,60,60,60,60,60,62,62,40,88,76,76,76,75,75,75,75,75,75,75,46,46,46,48,76,40,96,96,96,96,96,98,98,77,77,77,79,102,102,102,91,102,25],"gold":152,"neow_bonus":"","is_prod":false,"is_daily":true,"chose_seed":false,"campfire_upgraded":4,"win_rate":0,"timestamp":1607679366,"path_taken":["M","?","M","M","?","E","?","M","T","M","R","?","?","E","R","BOSS","M","?","?","M","$","E","M","?","T","M","E","?","M","M","R","BOSS","M","?","?","$","?","R","E","R","T","E","R","M","?","M","R","BOSS"],"build_version":"2020-11-30","purchased_purges":1,"victory":true,"max_hp_per_floor":[86,86,86,86,86,86,86,86,86,86,86,86,86,88,88,88,88,90,90,90,90,90,90,90,90,90,90,92,92,94,96,96,96,96,96,96,96,96,98,98,100,100,100,100,102,102,102,102,102,102],"relic_stats":{"Singing Bowl":16,"counters":[27,108],"Pen Nib":[5],"Whetstone":["Dash","EmptyFist"],"Orichalcum":[138],"Boot":[26],"Smiling Mask":0,"Blood Vial":2,"Lizard Tail":48,"Dream Catcher":3,"Mummified Hand":[19],"Ornamental Fan":[148],"Shuriken":[12],"Snecko Eye":[43,46,59,57],"MealTicket":0,"Black Star":4,"obtain_stats":[{"Lantern":44,"Singing Bowl":12,"Mango":0,"TeardropLocket":25,"Whetstone":28,"Boot":22,"Smiling Mask":41,"Blood Vial":36,"Lizard Tail":20,"Dream Catcher":26,"Matryoshka":2,"Mummified Hand":9,"MealTicket":23,"InkBottle":22,"Oddly Smooth Stone":38,"Thread and Needle":14,"Pen Nib":44,"Frozen Egg 2":9,"Orichalcum":12,"Akabeko":23,"Anchor":28,"Bottled Flame":43,"CaptainsWheel":47,"Ornamental Fan":13,"Shuriken":41,"Snecko Eye":34,"Bag of Marbles":6,"Black Star":17,"PureWater":0},{"Lantern":24,"Singing Bowl":7,"Mango":0,"TeardropLocket":14,"Whetstone":16,"Boot":12,"Smiling Mask":23,"Blood Vial":21,"Lizard Tail":11,"Dream Catcher":14,"Matryoshka":1,"Mummified Hand":6,"MealTicket":13,"InkBottle":12,"Oddly Smooth Stone":21,"Thread and Needle":9,"Pen Nib":24,"Frozen Egg 2":6,"Orichalcum":7,"Akabeko":13,"Anchor":16,"Bottled Flame":23,"CaptainsWheel":25,"Ornamental Fan":8,"Shuriken":23,"Snecko Eye":20,"Bag of Marbles":4,"Black Star":10,"PureWater":0},{"Lantern":94,"Singing Bowl":22,"Mango":0,"TeardropLocket":54,"Whetstone":64,"Boot":45,"Smiling Mask":93,"Blood Vial":85,"Lizard Tail":42,"Dream Catcher":54,"Matryoshka":2,"Mummified Hand":19,"MealTicket":51,"InkBottle":45,"Oddly Smooth Stone":85,"Thread and Needle":28,"Pen Nib":94,"Frozen Egg 2":19,"Orichalcum":22,"Akabeko":51,"Anchor":64,"Bottled Flame":93,"CaptainsWheel":95,"Ornamental Fan":26,"Shuriken":93,"Snecko Eye":83,"Bag of Marbles":15,"Black Star":37,"PureWater":0}],"InkBottle":[27]},"card_choices":[{"not_picked":["Prostrate","SashWhip"],"picked":"Blade Dance","floor":1},{"not_picked":["Outmaneuver","Collect"],"picked":"EmptyFist","floor":3},{"not_picked":["ReachHeaven","Adaptation"],"picked":"Dash","floor":4},{"not_picked":["Sucker Punch","WreathOfFlame"],"picked":"Backstab","floor":6},{"not_picked":["Adaptation","BowlingBash"],"picked":"Crippling Poison","floor":7},{"not_picked":["DeceiveReality","Tantrum"],"picked":"EmptyBody","floor":8},{"not_picked":["Concentrate","EmptyFist"],"picked":"ClearTheMind","floor":10},{"not_picked":["All Out Attack","Perseverance"],"picked":"Deadly Poison","floor":13},{"not_picked":["EmptyFist","ReachHeaven","Predator"],"picked":"Singing Bowl","floor":14},{"not_picked":["Establishment+1","Malaise"],"picked":"Tools of the Trade+1","floor":16},{"not_picked":["Dodge and Roll+1","Deadly Poison","SashWhip+1"],"picked":"Singing Bowl","floor":18},{"not_picked":["Crescendo","FlurryOfBlows"],"picked":"SandsOfTime","floor":21},{"not_picked":["Establishment+1","EmptyFist"],"picked":"Acrobatics","floor":23},{"not_picked":["Deadly Poison","Cloak And Dagger"],"picked":"WindmillStrike","floor":24},{"not_picked":["FlurryOfBlows+1","Wireheading+1"],"picked":"Worship","floor":27},{"not_picked":["Crescendo+1","Die Die Die","Halt"],"picked":"Singing Bowl","floor":28},{"not_picked":["WindmillStrike","Wallop"],"picked":"Bane","floor":29},{"not_picked":["Flechettes","Wireheading+1","Evaluate+1"],"picked":"Singing Bowl","floor":30},{"not_picked":["FlurryOfBlows","EmptyFist","Adaptation+1"],"picked":"Singing Bowl","floor":31},{"not_picked":["Poisoned Stab","CrushJoints"],"picked":"Sucker Punch+1","floor":32},{"not_picked":["Night Terror","DeusExMachina"],"picked":"Venomology","floor":33},{"not_picked":["CrushJoints+1","Halt"],"picked":"Underhanded Strike","floor":35},{"not_picked":["CutThroughFate+1","Sucker Punch+1","Sanctity"],"picked":"Singing Bowl","floor":39},{"not_picked":["Deadly Poison+1","Pray+1","CarveReality+1"],"picked":"Singing Bowl","floor":41},{"not_picked":["Sucker Punch","InnerPeace"],"picked":"FollowUp","floor":44},{"not_picked":["ReachHeaven","FearNoEvil+1","Wireheading+1"],"picked":"Singing Bowl","floor":45},{"not_picked":["Sucker Punch+1","FollowUp+1"],"picked":"Consecrate","floor":46},{"not_picked":["Bane","Study+1"],"picked":"EmptyBody+1","floor":48},{"not_picked":["Protect","Evaluate+1"],"picked":"InnerPeace+1","floor":49}],"player_experience":2198093,"relics_obtained":[{"floor":6,"key":"Bag of Marbles"},{"floor":9,"key":"Mummified Hand"},{"floor":9,"key":"Frozen Egg 2"},{"floor":12,"key":"Orichalcum"},{"floor":12,"key":"Singing Bowl"},{"floor":13,"key":"Ornamental Fan"},{"floor":14,"key":"Thread and Needle"},{"floor":23,"key":"MealTicket"},{"floor":23,"key":"Akabeko"},{"floor":25,"key":"TeardropLocket"},{"floor":26,"key":"Dream Catcher"},{"floor":28,"key":"Anchor"},{"floor":28,"key":"Whetstone"},{"floor":41,"key":"Smiling Mask"},{"floor":41,"key":"Shuriken"},{"floor":43,"key":"Bottled Flame"},{"floor":44,"key":"Lantern"},{"floor":44,"key":"Pen Nib"},{"floor":47,"key":"CaptainsWheel"}],"event_choices":[{"damage_healed":0,"gold_gain":0,"player_choice":"Success","damage_taken":3,"relics_obtained":["Matryoshka"],"max_hp_gain":0,"max_hp_loss":0,"event_name":"Scrap Ooze","floor":2,"gold_loss":0},{"damage_healed":0,"gold_gain":175,"player_choice":"AGREE","damage_taken":0,"max_hp_gain":0,"max_hp_loss":0,"event_name":"Liars Game","floor":5,"gold_loss":0,"cards_obtained":["Doubt"]},{"damage_healed":0,"gold_gain":99,"player_choice":"Stole From Cult","damage_taken":0,"max_hp_gain":0,"max_hp_loss":0,"event_name":"Nest","floor":19,"gold_loss":0},{"damage_healed":0,"gold_gain":0,"player_choice":"Obtained Relic","damage_taken":0,"relics_obtained":["Lizard Tail"],"max_hp_gain":0,"max_hp_loss":0,"event_name":"Addict","floor":20,"gold_loss":85},{"cards_removed":["Strike_P"],"damage_healed":0,"gold_gain":0,"player_choice":"Removed Attack","damage_taken":0,"max_hp_gain":0,"max_hp_loss":0,"event_name":"Falling","floor":37,"gold_loss":0}],"is_beta":false,"boss_relics":[{"not_picked":["Empty Cage","Calling Bell"],"picked":"Black Star"},{"not_picked":["Busted Crown","Sozu"],"picked":"Snecko Eye"}],"items_purged_floors":[22],"is_endless":false,"potions_floor_spawned":[6,10,13,14,16,23,24,28,29,33,35,41,44,48],"ascension_level":0}}