{"host":"vkn5295jy2rrqx8j","time":1607699798,"event":{"mods":["BaseMod","Colored Map","GifTheSpireLib","Hermit","Minty Spire (QoL Compilation)","StSLib","The Cursed"],"gold_per_floor":[119,131,206,218,40,59,59,79,103,130,130,159,159,179,179,267,267,235,235,235],"floor_reached":19,"playtime":803,"items_purged":["Strike_G"],"score":326,"play_id":"f78c2c07-9674-4a03-b9db-758426e8c274","local_time":"20201212001638","is_ascension_mode":true,"campfire_choices":[{"floor":7,"key":"REST"},{"floor":13,"key":"REST"},{"data":"Night Terror","floor":15,"key":"SMITH"}],"circlet_count":0,"master_deck":["AscendersBane","Strike_G","Strike_G","Strike_G","Strike_G","Defend_G","Defend_G","Defend_G","Defend_G","Defend_G+1","Survivor","Neutralize","Night Terror+1","Blur","Dagger Spray","PiercingWail+1","Backflip","Footwork","Crippling Poison","Flying Knee","Dagger Throw","Cloak And Dagger","Terror","Bullet Time","Poisoned Stab"],"relics":["Ring of the Snake","CeramicFish","Velvet Choker"],"acts_visited":["Exordium","TheCity"],"potions_floor_usage":[10,16,16],"damage_taken":[{"damage":24,"enemies":"Jaw Worm","floor":1,"turns":7},{"damage":0,"enemies":"2 Louse","floor":2,"turns":4},{"damage":1,"enemies":"Cultist","floor":4,"turns":4},{"damage":10,"enemies":"Large Slime","floor":6,"turns":11},{"damage":3,"enemies":"3 Louse","floor":8,"turns":6},{"damage":0,"enemies":"Exordium Wildlife","floor":10,"turns":4},{"damage":7,"enemies":"Large Slime","floor":12,"turns":8},{"damage":0,"enemies":"Looter","floor":14,"turns":4},{"damage":1,"enemies":"Hexaghost","floor":16,"turns":9},{"damage":19,"enemies":"2 Thieves","floor":18,"turns":5},{"damage":38,"enemies":"Chosen","floor":19,"turns":5}],"seed_played":"-7664096297661017831","potions_obtained":[{"floor":1,"key":"SkillPotion"},{"floor":8,"key":"Swift Potion"},{"floor":12,"key":"PowerPotion"}],"is_trial":false,"path_per_floor":["M","M","?","M","$","M","R","M","T","M","?","M","R","M","R","B",null,"M","M"],"character_chosen":"THE_SILENT","items_purchased":["Backflip","Footwork"],"campfire_rested":2,"item_purchase_floors":[5,5],"current_hp_per_floor":[35,35,24,23,23,13,32,29,29,29,9,2,21,21,21,20,55,36,0,0],"gold":235,"neow_bonus":"ONE_RANDOM_RARE_CARD","is_daily":false,"chose_seed":false,"campfire_upgraded":1,"win_rate":0.0,"timestamp":1607699798,"path_taken":["M","M","?","M","$","M","R","M","T","M","?","M","R","M","R","BOSS","M","M"],"items_purchased_type":["Card","Card"],"build_version":"2020-11-30","purchased_purges":1,"victory":false,"max_hp_per_floor":[66,66,66,66,66,66,66,66,66,66,66,66,66,66,66,66,66,66,66,66],"card_choices":[{"not_picked":["Backflip","Slice"],"picked":"Blur","floor":1},{"not_picked":["Slice","Backflip"],"picked":"Dagger Spray","floor":2},{"not_picked":["Expertise","Setup"],"picked":"PiercingWail","floor":4},{"not_picked":["Sucker Punch","Outmaneuver"],"picked":"Crippling Poison","floor":6},{"not_picked":["Outmaneuver","Dodge and Roll"],"picked":"Flying Knee","floor":8},{"not_picked":["Catalyst","Calculated Gamble"],"picked":"Dagger Throw","floor":10},{"not_picked":["Accuracy","All Out Attack"],"picked":"Cloak And Dagger","floor":12},{"not_picked":["Flying Knee","Underhanded Strike"],"picked":"Terror","floor":14},{"not_picked":["Phantasmal Killer","Unload"],"picked":"Bullet Time","floor":16},{"not_picked":["Infinite Blades","Bane+1"],"picked":"Poisoned Stab","floor":18}],"player_experience":793548,"relics_obtained":[{"floor":9,"key":"CeramicFish"}],"event_choices":[{"damage_healed":0,"gold_gain":75,"player_choice":"Gather Gold","damage_taken":11,"max_hp_gain":0,"max_hp_loss":0,"event_name":"World of Goop","floor":3,"gold_loss":0},{"damage_healed":0,"gold_gain":0,"player_choice":"Entered Light","damage_taken":20,"max_hp_gain":0,"max_hp_loss":0,"event_name":"Shining Light","floor":11,"gold_loss":0,"cards_upgraded":["PiercingWail","Defend_G"]}],"is_beta":false,"boss_relics":[{"not_picked":["Busted Crown","Runic Dome"],"picked":"Velvet Choker"}],"items_purged_floors":[5],"is_endless":false,"potions_floor_spawned":[1,8,12,14],"killed_by":"Chosen","ascension_level":20}}