{"host":"0vbfl0e35e1zcmie","time":1607701062,"event":{"mods":["AchievementEnabler","Act Like it!","Astrologer","Bard","BaseMod","Better Third Choice","BetterRewards","Conspire","Downfall","Energized Spire","Friendly Minions","FutureSeer","GifTheSpireLib","Halation","Hermit","Hero for Fun","Hubris","Jorbs\u0027s Wanderer Trilogy","Mad Scientist","Minty Spire (QoL Compilation)","Robot Space Explorer","Shade Mod","Shop Mod","Somnambulant","StSLib","Stuff the Spire","The Animator","The Bladedancer","The Clintock","The Construct","The Cursed","The Disciple","The Forsaken","The Gatherer","The Hierophant","The Judge","The Necromancer","The Problem Sleuth","The Runesmith","The Servant 0.9.4","The Spell Scribe","The Valiant","TheArtist","TheBandit","thorton","vexMod"],"gold_per_floor":[110,9,9,9,9,9,22,22,92,92,102,131,147,4,4,108,108,119,119,130,3,36,36,46,46,70,70,101,114,114,129,129,236,236,254,254,272,120,133,133,149,149,149,0,14,45,45,45,45,45,45],"floor_reached":50,"playtime":4140,"items_purged":["stsjorbsmod:Strike_Wanderer","stsjorbsmod:Hurt"],"score":715,"play_id":"1954b923-e4ec-407d-9c61-58b8d1614594","local_time":"20201211073742","is_ascension_mode":false,"campfire_choices":[{"floor":6,"key":"REST"},{"floor":10,"key":"RECALL"},{"data":"expansioncontent:TimeRipple","floor":15,"key":"SMITH"},{"data":"stsjorbsmod:ArcaneForm","floor":23,"key":"SMITH"},{"data":"stsjorbsmod:Rediscovery","floor":27,"key":"SMITH"},{"data":"stsjorbsmod:WanderingMind","floor":30,"key":"SMITH"},{"data":"stsjorbsmod:DoubleCheck","floor":32,"key":"SMITH"},{"data":"stsjorbsmod:MirrorImage","floor":40,"key":"SMITH"},{"data":"stsjorbsmod:Trauma","floor":42,"key":"SMITH"},{"data":"stsjorbsmod:FranticSearch","floor":47,"key":"SMITH"},{"data":"stsjorbsmod:Firebolt","floor":49,"key":"SMITH"}],"circlet_count":0,"master_deck":["stsjorbsmod:ForbiddenGrimoire+1","stsjorbsmod:Strike_Wanderer","stsjorbsmod:Strike_Wanderer","stsjorbsmod:Strike_Wanderer","stsjorbsmod:Defend_Wanderer","stsjorbsmod:Defend_Wanderer","stsjorbsmod:Defend_Wanderer+1","stsjorbsmod:Defend_Wanderer","stsjorbsmod:FreshAdventure+1","stsjorbsmod:EyeOfTheStorm","expansioncontent:TimeRipple+1","stsjorbsmod:TinyHut","stsjorbsmod:Channel","stsjorbsmod:ChainLightning","Doppelganger+1","stsjorbsmod:Channel","stsjorbsmod:HedgeWizard","stsjorbsmod:Rediscovery+1","stsjorbsmod:Mania","stsjorbsmod:ArcaneForm+1","stsjorbsmod:MistyStep","stsjorbsmod:SmithingStrike","stsjorbsmod:Hibernate","stsjorbsmod:TrueStrike","stsjorbsmod:Prestidigitation","stsjorbsmod:WanderingMind+1","stsjorbsmod:FlameWard+1","stsjorbsmod:DoubleCheck+1","stsjorbsmod:MirrorImage+1","stsjorbsmod:DisguiseSelf+1","stsjorbsmod:SchoolsOfMagic+1","stsjorbsmod:Firebolt+1","stsjorbsmod:TollTheDead","stsjorbsmod:Trauma+1","stsjorbsmod:Message+1","stsjorbsmod:FranticSearch+1"],"relics":["stsjorbsmod:GrimoireRelic","Potion Belt","vexMod:Cooldron","hubris:SlimyHat","StuffTheSpire:OldFever","vexMod:MemoryStick","PreservedInsect","energizedSpire:RedRose","hubris:Reverence","HornCleat","Ancient Tea Set","halation:VictoryRuler","conspire:RoyalGoblet","TungstenRod","Red Mask","theForsaken:Lifeblossom"],"acts_visited":["Exordium","TheCity","TheBeyond"],"potions_floor_usage":[2,3,7,11,12,12,12,13,16,16,16,16,16,16,16,18,18,18,20,22,27,28,28,28,28,29,29,29,29,31,31,33,33,33,33,33,35,35,35,35,37,37,41,41,41,45,45,45,45,45,45,46,50,50,50,50,50,50,50,50,50,50,50,50,50],"damage_taken":[{"damage":8,"enemies":"Cultist","floor":1,"turns":4},{"damage":0,"enemies":"Jaw Worm","floor":3,"turns":1},{"damage":6,"enemies":"Small Slimes","floor":7,"turns":2},{"damage":0,"enemies":"conspire:2 RoseBushes","floor":11,"turns":3},{"damage":6,"enemies":"3 Sentries","floor":12,"turns":3},{"damage":1,"enemies":"Exordium Thugs","floor":13,"turns":4},{"damage":41,"enemies":"The Guardian","floor":16,"turns":9},{"damage":0,"enemies":"Chosen","floor":18,"turns":3},{"damage":3,"enemies":"2 Thieves","floor":20,"turns":3},{"damage":10,"enemies":"conspire:MimicChest","floor":22,"turns":6},{"damage":0,"enemies":"Cultist and Chosen","floor":24,"turns":4},{"damage":2,"enemies":"conspire:Head Lice","floor":28,"turns":2},{"damage":1,"enemies":"Snecko","floor":29,"turns":4},{"damage":4,"enemies":"Centurion and Healer","floor":31,"turns":3},{"damage":4,"enemies":"Automaton","floor":33,"turns":7},{"damage":6,"enemies":"3 Darklings","floor":35,"turns":3},{"damage":0,"enemies":"Orb Walker","floor":37,"turns":4},{"damage":0,"enemies":"3 Darklings","floor":39,"turns":4},{"damage":9,"enemies":"Jaw Worm Horde","floor":41,"turns":3},{"damage":10,"enemies":"Maw","floor":45,"turns":5},{"damage":0,"enemies":"Nemesis","floor":46,"turns":5},{"damage":71,"enemies":"Time Eater","floor":50,"turns":7}],"seed_played":"3019018520359544632","potions_obtained":[{"floor":1,"key":"EntropicBrew"},{"floor":7,"key":"EntropicBrew"},{"floor":11,"key":"EntropicBrew"},{"floor":13,"key":"EntropicBrew"},{"floor":20,"key":"EntropicBrew"},{"floor":22,"key":"EntropicBrew"},{"floor":28,"key":"EntropicBrew"},{"floor":29,"key":"EntropicBrew"},{"floor":39,"key":"EntropicBrew"},{"floor":41,"key":"EntropicBrew"},{"floor":45,"key":"EntropicBrew"},{"floor":46,"key":"EntropicBrew"}],"is_trial":false,"path_per_floor":["M","$","M","?","?","R","M","?","T","R","M","E","M","$","R","B",null,"M","?","M","$","?","R","M","T","T","R","E","M","R","M","R","B",null,"M","?","M","$","M","R","M","R","T","?","M","E","R","?","R","B"],"character_chosen":"WANDERER","items_purchased":["Potion Belt","vexMod:Cooldron","stsjorbsmod:TinyHut","stsjorbsmod:ChainLightning","PreservedInsect","stsjorbsmod:Hibernate","stsjorbsmod:Firebolt","EntropicBrew"],"campfire_rested":1,"item_purchase_floors":[0,0,0,2,14,21,38,38],"current_hp_per_floor":[55,55,55,47,33,53,53,53,53,53,54,49,50,50,50,15,68,68,68,68,68,63,63,68,68,68,68,68,68,68,68,68,68,68,63,63,68,68,68,68,61,61,61,61,51,57,57,57,57,0,0],"gold":45,"neow_bonus":"","is_daily":false,"chose_seed":false,"campfire_upgraded":9,"win_rate":0.0,"timestamp":1607701062,"path_taken":["M","$","?","?","?","R","M","?","T","R","M","E","M","$","R","BOSS","M","?","?","$","?","R","M","?","T","R","E","M","R","M","R","BOSS","M","?","?","?","M","R","?","R","T","?","M","E","R","?","R","BOSS"],"items_purchased_type":["Relic","Relic","Card","Card","Relic","Card","Card","Potion"],"build_version":"2020-11-30","purchased_purges":2,"victory":false,"max_hp_per_floor":[68,68,68,68,68,68,68,68,68,68,68,68,68,68,68,68,68,68,68,68,68,68,68,68,68,68,68,68,68,68,68,68,68,68,68,68,68,68,68,68,68,68,68,68,68,68,68,68,68,68,68],"card_choices":[{"not_picked":["stsjorbsmod:MistyStep","stsjorbsmod:WanderingMind"],"picked":"stsjorbsmod:Channel","floor":1},{"not_picked":["stsjorbsmod:BlackTentacles","stsjorbsmod:MistyStep"],"picked":"stsjorbsmod:Channel","floor":7},{"not_picked":["stsjorbsmod:UnseenServant","stsjorbsmod:Mending"],"picked":"stsjorbsmod:HedgeWizard","floor":11},{"not_picked":["stsjorbsmod:FindFamiliar","stsjorbsmod:OldPocket"],"picked":"stsjorbsmod:Rediscovery","floor":12},{"not_picked":["stsjorbsmod:WeightOfMemory","stsjorbsmod:Inferno"],"picked":"stsjorbsmod:Mania","floor":13},{"not_picked":["stsjorbsmod:ThirstingSword","stsjorbsmod:Entangle"],"picked":"stsjorbsmod:ArcaneForm","floor":16},{"not_picked":["stsjorbsmod:Will","stsjorbsmod:BlackTentacles"],"picked":"stsjorbsmod:MistyStep","floor":18},{"not_picked":["stsjorbsmod:ChainLightning","stsjorbsmod:Message"],"picked":"stsjorbsmod:SmithingStrike","floor":20},{"not_picked":["stsjorbsmod:OldPocket","stsjorbsmod:Channel"],"picked":"stsjorbsmod:TrueStrike","floor":22},{"not_picked":["stsjorbsmod:Hurt","stsjorbsmod:RayOfFrost"],"picked":"stsjorbsmod:Prestidigitation","floor":24},{"not_picked":["stsjorbsmod:Entangle","stsjorbsmod:Hibernate+1"],"picked":"stsjorbsmod:WanderingMind","floor":28},{"not_picked":["stsjorbsmod:Introspection","stsjorbsmod:Hibernate"],"picked":"stsjorbsmod:FlameWard+1","floor":29},{"not_picked":["stsjorbsmod:SmithingStrike","stsjorbsmod:TrueStrike"],"picked":"stsjorbsmod:DoubleCheck","floor":31},{"not_picked":["stsjorbsmod:GatherPower","stsjorbsmod:ThirstingSword"],"picked":"stsjorbsmod:MirrorImage","floor":33},{"not_picked":["stsjorbsmod:Inferno+1","stsjorbsmod:BlackTentacles"],"picked":"stsjorbsmod:DisguiseSelf","floor":35},{"not_picked":["stsjorbsmod:ChainLightning","stsjorbsmod:Will"],"picked":"stsjorbsmod:SchoolsOfMagic+1","floor":37},{"not_picked":["stsjorbsmod:OldPocket+1","stsjorbsmod:BlackTentacles"],"picked":"stsjorbsmod:TollTheDead","floor":39},{"not_picked":["stsjorbsmod:OldPocket","stsjorbsmod:Aid"],"picked":"stsjorbsmod:Trauma","floor":41},{"not_picked":["stsjorbsmod:Prepare","stsjorbsmod:Hurt+1"],"picked":"stsjorbsmod:Message+1","floor":45},{"not_picked":["stsjorbsmod:TollTheDead","stsjorbsmod:FracturedMind"],"picked":"stsjorbsmod:FranticSearch","floor":46}],"player_experience":148394,"relics_obtained":[{"floor":12,"key":"vexMod:MemoryStick"},{"floor":22,"key":"hubris:Reverence"},{"floor":25,"key":"HornCleat"},{"floor":26,"key":"Ancient Tea Set"},{"floor":28,"key":"halation:VictoryRuler"},{"floor":43,"key":"TungstenRod"},{"floor":46,"key":"theForsaken:Lifeblossom"}],"event_choices":[{"damage_healed":47,"gold_gain":0,"player_choice":"Upgrade","damage_taken":14,"max_hp_gain":0,"max_hp_loss":68,"event_name":"betterThird:BetterShining","floor":5,"gold_loss":0,"cards_upgraded":["stsjorbsmod:FreshAdventure","stsjorbsmod:Defend_Wanderer"]},{"damage_healed":0,"gold_gain":0,"player_choice":"Ignored","damage_taken":0,"max_hp_gain":0,"max_hp_loss":0,"event_name":"Golden Idol","floor":8,"gold_loss":0},{"damage_healed":0,"gold_gain":0,"player_choice":"Ignored","damage_taken":0,"max_hp_gain":0,"max_hp_loss":0,"event_name":"N\u0027loth","floor":19,"gold_loss":0},{"damage_healed":0,"gold_gain":0,"player_choice":"Forge","damage_taken":0,"max_hp_gain":0,"max_hp_loss":0,"event_name":"Accursed Blacksmith","floor":36,"gold_loss":0,"cards_upgraded":["stsjorbsmod:DisguiseSelf"]},{"damage_healed":0,"gold_gain":0,"player_choice":"Paid","damage_taken":0,"relics_obtained":["Red Mask"],"max_hp_gain":0,"max_hp_loss":0,"event_name":"Tomb of Lord Red Mask","floor":44,"gold_loss":149},{"damage_healed":0,"gold_gain":0,"player_choice":"Leave","damage_taken":0,"max_hp_gain":0,"max_hp_loss":0,"event_name":"conspire:Investor","floor":48,"gold_loss":0}],"is_beta":false,"boss_relics":[{"not_picked":["Cursed Key","Runesmith:UraniumAnvil"],"picked":"energizedSpire:RedRose"},{"not_picked":["Runic Pyramid","energizedSpire:NeverEndingSparkler"],"picked":"conspire:RoyalGoblet"}],"items_purged_floors":[2,21],"is_endless":false,"potions_floor_spawned":[1,7,11,13,20,22,28,29,39,41,45,46],"killed_by":"Time Eater","ascension_level":0}}