{"host":"2nw7vjz0sy04etg3","time":1607703378,"event":{"mods":["BaseMod","DeckTracker","Minty Spire (QoL Compilation)","Quick Restart"],"gold_per_floor":[14,26,26,26,26,26,62,74,86,136,171,108,120,132,144,246,258,283,313,325,337,363,375,387,387],"floor_reached":24,"playtime":552,"items_purged":[],"score":364,"play_id":"abea999b-05aa-4505-8baf-a7093f4b936a","local_time":"20201212011618","is_ascension_mode":true,"campfire_choices":[{"floor":6.0,"key":"REST"},{"floor":8.0,"key":"REST"},{"floor":15.0,"key":"REST"},{"floor":23.0,"key":"REST"}],"circlet_count":0,"master_deck":["AscendersBane","Strike_B","Defend_B","Defend_B","Defend_B","Zap","Dualcast","Biased Cognition","Coolheaded","Streamline","Core Surge","Sweeping Beam","Electrodynamics","Compile Driver","Undo","Barrage+1"],"relics":["Cracked Core","Golden Idol","MawBank","PreservedInsect","Cables","Inserter"],"acts_visited":["TheCity"],"potions_floor_usage":[24],"damage_taken":[{"damage":11.0,"enemies":"Jaw Worm","floor":1.0,"turns":4.0},{"damage":4.0,"enemies":"2 Louse","floor":2.0,"turns":3.0},{"damage":29.0,"enemies":"Lagavulin","floor":7.0,"turns":6.0},{"damage":29.0,"enemies":"Gremlin Nob","floor":10.0,"turns":4.0},{"damage":0.0,"enemies":"Cultist","floor":11.0,"turns":2.0},{"damage":11.0,"enemies":"Hexaghost","floor":16.0,"turns":9.0},{"damage":17.0,"enemies":"2 Thieves","floor":18.0,"turns":2.0},{"damage":20.0,"enemies":"Shell Parasite","floor":19.0,"turns":7.0},{"damage":13.0,"enemies":"Centurion and Healer","floor":22.0,"turns":5.0},{"damage":34,"enemies":"Shelled Parasite and Fungi","floor":24,"turns":2}],"seed_played":"1570821289565368558","potions_obtained":[{"floor":1.0,"key":"DistilledChaos"},{"floor":7.0,"key":"SkillPotion"},{"floor":22.0,"key":"PowerPotion"}],"is_trial":false,"path_per_floor":["M","M","$","?","?","R","E","R","T","E","M","?","?","?","R","B",null,"M","M","?","?","M","R","M"],"character_chosen":"DEFECT","items_purchased":[],"campfire_rested":4,"item_purchase_floors":[],"current_hp_per_floor":[53,49,49,25,25,46,17,38,38,9,9,9,2,2,23,12,56,39,19,19,19,6,27,0,0],"gold":387,"neow_bonus":"THREE_RARE_CARDS","is_daily":false,"chose_seed":false,"campfire_upgraded":0,"win_rate":0.0,"timestamp":1607703378,"path_taken":["M","M","$","?","?","R","E","R","T","E","?","?","?","?","R","BOSS","M","M","?","?","M","R","M"],"items_purchased_type":[],"build_version":"2020-11-30","purchased_purges":0,"victory":false,"max_hp_per_floor":[71,71,71,71,71,71,71,71,71,71,71,71,71,71,71,71,71,71,71,71,71,71,71,71,71],"card_choices":[{"not_picked":["Buffer","Machine Learning"],"picked":"Biased Cognition","floor":0.0},{"not_picked":["White Noise","Capacitor"],"picked":"Coolheaded","floor":1.0},{"not_picked":["Aggregate","Leap","Redo"],"picked":"SKIP","floor":2.0},{"not_picked":["Beam Cell","Stack"],"picked":"Streamline","floor":7.0},{"not_picked":["Aggregate","Reprogram"],"picked":"Core Surge","floor":10.0},{"not_picked":["Beam Cell","Rip and Tear"],"picked":"Sweeping Beam","floor":11.0},{"not_picked":["Echo Form","Rainbow"],"picked":"Electrodynamics","floor":16.0},{"not_picked":["Storm","Hologram"],"picked":"Compile Driver","floor":18.0},{"not_picked":["Leap","Lockon"],"picked":"Undo","floor":19.0},{"not_picked":["Lockon","Fusion"],"picked":"Barrage+1","floor":22.0}],"player_experience":225880,"relics_obtained":[{"floor":7.0,"key":"MawBank"},{"floor":9.0,"key":"PreservedInsect"},{"floor":10.0,"key":"Cables"}],"event_choices":[{"damage_healed":0.0,"max_hp_gain":0.0,"max_hp_loss":0.0,"gold_gain":0.0,"event_name":"Golden Idol","player_choice":"Take Damage","floor":4.0,"gold_loss":0.0,"damage_taken":24.0,"relics_obtained":["Golden Idol"]},{"cards_removed":["Strike_B"],"damage_healed":0.0,"max_hp_gain":0.0,"max_hp_loss":0.0,"gold_gain":0.0,"event_name":"Purifier","player_choice":"Purged","floor":5.0,"gold_loss":0.0,"damage_taken":0.0},{"cards_removed":["Strike_B"],"damage_healed":0.0,"max_hp_gain":0.0,"max_hp_loss":0.0,"gold_gain":0.0,"event_name":"The Cleric","player_choice":"Card Removal","floor":12.0,"gold_loss":75.0,"damage_taken":0.0},{"cards_removed":["Defend_B"],"damage_healed":0.0,"max_hp_gain":0.0,"max_hp_loss":0.0,"gold_gain":0.0,"event_name":"Golden Wing","player_choice":"Card Removal","floor":13.0,"gold_loss":0.0,"damage_taken":7.0},{"damage_healed":0.0,"max_hp_gain":0.0,"max_hp_loss":0.0,"gold_gain":0.0,"event_name":"Dead Adventurer","player_choice":"Searched \u00271\u0027 times","floor":14.0,"gold_loss":0.0,"damage_taken":0.0},{"damage_healed":0.0,"max_hp_gain":0.0,"max_hp_loss":0.0,"gold_gain":0.0,"event_name":"Cursed Tome","player_choice":"Ignored","floor":20.0,"gold_loss":0.0,"damage_taken":0.0},{"cards_removed":["Strike_B"],"damage_healed":0.0,"max_hp_gain":0.0,"max_hp_loss":0.0,"gold_gain":0.0,"event_name":"Back to Basics","player_choice":"Elegance","floor":21.0,"gold_loss":0.0,"damage_taken":0.0}],"is_beta":false,"boss_relics":[{"not_picked":["Empty Cage","Nuclear Battery"],"picked":"Inserter"}],"items_purged_floors":[],"is_endless":false,"potions_floor_spawned":[1,7,22],"killed_by":"Shelled Parasite and Fungi","ascension_level":16}}