{"host":"1tl36azeqm6yhdgj","time":1607647063,"event":{"mods":["AchievementEnabler","BaseMod","Minty Spire (QoL Compilation)","StSLib","The IronCluck","everything is the same but u backflip on backflip"],"gold_per_floor":[13,24,34,46,46,46,65,90,90,123,142,68,80,114,114,217,217,228,243,261,277,295,295,322,333,333,432,432,449,482,482,482,581,581,595,595,695,713,725,725,739,739,739,92,120,120,149,199,199,199,199],"floor_reached":50,"playtime":2500,"items_purged":["Corruption"],"score":1030,"play_id":"f6bbb2bf-1be6-4612-b6a6-a879ce597231","local_time":"20201210193743","is_ascension_mode":true,"campfire_choices":[{"data":"Uppercut","floor":6.0,"key":"SMITH"},{"data":"Double Tap","floor":15.0,"key":"SMITH"},{"floor":23.0,"key":"REST"},{"floor":32.0,"key":"RECALL"},{"floor":40.0,"key":"REST"},{"data":"Dropkick","floor":42.0,"key":"SMITH"},{"floor":46.0,"key":"REST"},{"data":"Anger","floor":49.0,"key":"SMITH"}],"circlet_count":0,"master_deck":["AscendersBane","Strike_R+1","Strike_R+1","Defend_R+1","Defend_R+1","Defend_R+1","Bash","Thunderclap","Uppercut+1","Dropkick+1","Swift Strike","Double Tap+1","Flex+1","Reckless Charge","Feed","Anger+1","Fire Breathing","Offering+1","Armaments+1","Infernal Blade+1","Shrug It Off+1","Clash+1","Body Slam+1","Battle Trance+1","Seeing Red+1","Shockwave+1","Flex+1","Inflame+1","Corruption+1","Demon Form+1","Intimidate+1","Flame Barrier+1","Sentinel+1","Limit Break+1","Chrysalis+1","Discovery+1","Warcry+1","True Grit+1"],"relics":["Black Blood","Bag of Marbles","Nunchaku","Dream Catcher","Toxic Egg 2","Juzu Bracelet","Ornamental Fan","Sundial","Astrolabe","Bag of Preparation","War Paint","White Beast Statue","Ginger"],"acts_visited":["Exordium","TheCity","TheBeyond"],"potions_floor_usage":[50],"damage_taken":[{"damage":0.0,"enemies":"Jaw Worm","floor":1.0,"turns":6.0},{"damage":6.0,"enemies":"Cultist","floor":2.0,"turns":3.0},{"damage":18.0,"enemies":"Small Slimes","floor":3.0,"turns":3.0},{"damage":11.0,"enemies":"Looter","floor":4.0,"turns":4.0},{"damage":14.0,"enemies":"Large Slime","floor":7.0,"turns":5.0},{"damage":0.0,"enemies":"Gremlin Nob","floor":8.0,"turns":2.0},{"damage":25.0,"enemies":"Lagavulin","floor":10.0,"turns":5.0},{"damage":6.0,"enemies":"Exordium Thugs","floor":11.0,"turns":3.0},{"damage":0.0,"enemies":"3 Louse","floor":13.0,"turns":3.0},{"damage":0.0,"enemies":"3 Sentries","floor":14.0,"turns":4.0},{"damage":50.0,"enemies":"The Guardian","floor":16.0,"turns":14.0},{"damage":22.0,"enemies":"Spheric Guardian","floor":18.0,"turns":4.0},{"damage":23.0,"enemies":"Shell Parasite","floor":19.0,"turns":4.0},{"damage":17.0,"enemies":"Sentry and Sphere","floor":20.0,"turns":3.0},{"damage":58.0,"enemies":"3 Cultists","floor":21.0,"turns":6.0},{"damage":22.0,"enemies":"Snake Plant","floor":22.0,"turns":3.0},{"damage":13.0,"enemies":"Gremlin Leader","floor":24.0,"turns":4.0},{"damage":0.0,"enemies":"Snecko","floor":25.0,"turns":2.0},{"damage":2.0,"enemies":"3 Cultists","floor":29.0,"turns":5.0},{"damage":11.0,"enemies":"Slavers","floor":30.0,"turns":3.0},{"damage":64.0,"enemies":"Automaton","floor":33.0,"turns":10.0},{"damage":12.0,"enemies":"Orb Walker","floor":35.0,"turns":2.0},{"damage":14.0,"enemies":"3 Shapes","floor":38.0,"turns":6.0},{"damage":48.0,"enemies":"Sphere and 2 Shapes","floor":39.0,"turns":5.0},{"damage":32.0,"enemies":"Transient","floor":41.0,"turns":5.0},{"damage":44.0,"enemies":"Reptomancer","floor":45.0,"turns":6.0},{"damage":11.0,"enemies":"Nemesis","floor":47.0,"turns":3.0},{"damage":20.0,"enemies":"Mind Bloom Boss Battle","floor":48.0,"turns":9.0},{"damage":104,"enemies":"Awakened One","floor":50,"turns":14}],"seed_played":"-8229985239900981585","potions_obtained":[{"floor":1.0,"key":"GamblersBrew"},{"floor":2.0,"key":"GamblersBrew"},{"floor":3.0,"key":"Strength Potion"},{"floor":10.0,"key":"Regen Potion"},{"floor":14.0,"key":"Fruit Juice"},{"floor":21.0,"key":"ElixirPotion"},{"floor":22.0,"key":"Swift Potion"},{"floor":29.0,"key":"LiquidBronze"},{"floor":33.0,"key":"PowerPotion"},{"floor":35.0,"key":"Weak Potion"},{"floor":39.0,"key":"DuplicationPotion"},{"floor":45.0,"key":"SmokeBomb"},{"floor":48.0,"key":"ColorlessPotion"}],"is_trial":false,"path_per_floor":["M","M","M","M","?","R","M","E","T","E","M","$","M","E","R","B",null,"M","M","M","M","M","R","E","M","T","?","?","M","E","?","R","B",null,"M","?","?","M","M","R","M","R","T","$","E","R","E","?","R","B"],"character_chosen":"IRONCLAD","items_purchased":["DistilledChaos","Limit Break+1","Chrysalis+1","Discovery+1","Bag of Preparation"],"campfire_rested":3,"item_purchase_floors":[12,44,44,44,44],"current_hp_per_floor":[78,78,66,61,61,61,53,59,59,43,46,46,55,64,64,23,77,72,73,71,29,19,51,50,66,66,66,66,79,83,83,83,35,100,100,100,100,101,68,106,86,86,86,86,54,92,93,88,88,0,0],"gold":199,"neow_bonus":"REMOVE_TWO","is_daily":false,"chose_seed":false,"campfire_upgraded":4,"win_rate":0.0,"timestamp":1607647063,"path_taken":["M","M","M","M","?","R","M","E","T","E","?","$","M","E","R","BOSS","BOSS","M","M","M","M","M","R","E","M","T","?","?","M","E","?","R","BOSS","M","?","?","M","M","R","M","R","T","$","E","R","E","?","R","BOSS"],"items_purchased_type":["Potion","Undefined","Undefined","Undefined","Relic"],"build_version":"2020-11-30","purchased_purges":1,"victory":false,"max_hp_per_floor":[80,80,80,80,80,80,80,80,80,83,86,86,89,92,92,95,95,100,100,103,107,107,107,107,111,111,111,111,114,117,117,117,121,121,121,121,121,124,127,127,127,127,127,127,127,127,127,130,130,133,133],"card_choices":[{"not_picked":["Power Through","Flex"],"picked":"Thunderclap","floor":1.0},{"not_picked":["Havoc","Battle Trance"],"picked":"Uppercut","floor":2.0},{"not_picked":["Perfected Strike","Havoc"],"picked":"Shrug It Off","floor":3.0},{"not_picked":["True Grit","Iron Wave"],"picked":"Dropkick","floor":4.0},{"not_picked":["Uppercut","Iron Wave"],"picked":"Reckless Charge","floor":7.0},{"not_picked":["Armaments","Body Slam"],"picked":"Feed","floor":8.0},{"not_picked":["Sentinel","Bludgeon"],"picked":"Anger","floor":10.0},{"not_picked":["Iron Wave","Power Through","Dark Embrace"],"picked":"SKIP","floor":11.0},{"not_picked":["Ghostly Armor","Clothesline"],"picked":"Body Slam","floor":13.0},{"not_picked":["Carnage","Feel No Pain"],"picked":"Fire Breathing","floor":14.0},{"not_picked":["Demon Form","Fiend Fire"],"picked":"Offering+1","floor":16.0},{"not_picked":["Headbutt+1","Clash"],"picked":"Armaments+1","floor":18.0},{"not_picked":["Fire Breathing+1","Twin Strike"],"picked":"Infernal Blade+1","floor":19.0},{"not_picked":["Clothesline+1","Pommel Strike+1","Perfected Strike"],"picked":"SKIP","floor":20.0},{"not_picked":["Armaments+1","Thunderclap"],"picked":"Shrug It Off+1","floor":21.0},{"not_picked":["Berserk","Thunderclap"],"picked":"Clash+1","floor":22.0},{"not_picked":["Iron Wave","Thunderclap"],"picked":"Body Slam+1","floor":23.0},{"not_picked":["Wild Strike+1","Heavy Blade"],"picked":"Battle Trance+1","floor":24.0},{"not_picked":["Thunderclap","Sword Boomerang"],"picked":"Seeing Red+1","floor":25.0},{"not_picked":["Exhume+1","Twin Strike"],"picked":"Shockwave+1","floor":29.0},{"not_picked":["Clash","Heavy Blade+1"],"picked":"Flex+1","floor":30.0},{"not_picked":["Demon Form","Juggernaut"],"picked":"Corruption","floor":33.0},{"not_picked":["Searing Blow+1","Anger+1"],"picked":"Intimidate+1","floor":35.0},{"not_picked":["Dual Wield+1","Flex+1","Anger"],"picked":"SKIP","floor":38.0},{"not_picked":["Cleave","Whirlwind+1"],"picked":"Flame Barrier+1","floor":39.0},{"not_picked":["Twin Strike+1","Shrug It Off+1"],"picked":"Sentinel+1","floor":40.0},{"not_picked":["Whirlwind","Second Wind+1","Armaments+1"],"picked":"SKIP","floor":41.0},{"not_picked":["Shrug It Off+1","Rupture+1"],"picked":"Warcry+1","floor":45.0},{"not_picked":["Bludgeon","Hemokinesis"],"picked":"True Grit+1","floor":47.0}],"player_experience":1905195,"relics_obtained":[{"floor":8.0,"key":"Bag of Marbles"},{"floor":9.0,"key":"Nunchaku"},{"floor":10.0,"key":"Dream Catcher"},{"floor":14.0,"key":"Toxic Egg 2"},{"floor":24.0,"key":"Juzu Bracelet"},{"floor":26.0,"key":"Ornamental Fan"},{"floor":30.0,"key":"Sundial"},{"floor":45.0,"key":"War Paint"},{"floor":47.0,"key":"White Beast Statue"},{"floor":48.0,"key":"Ginger"}],"event_choices":[{"damage_healed":0.0,"max_hp_gain":0.0,"max_hp_loss":0.0,"gold_gain":0.0,"event_name":"Match and Keep!","player_choice":"3 cards matched","floor":5.0,"gold_loss":0.0,"damage_taken":0.0,"cards_obtained":["Swift Strike","Double Tap","Flex"]},{"damage_healed":0.0,"max_hp_gain":0.0,"max_hp_loss":0.0,"gold_gain":99.0,"event_name":"Nest","player_choice":"Stole From Cult","floor":27.0,"gold_loss":0.0,"damage_taken":0.0},{"damage_healed":0.0,"max_hp_gain":0.0,"max_hp_loss":0.0,"gold_gain":0.0,"event_name":"Back to Basics","player_choice":"Simplicity","floor":28.0,"gold_loss":0.0,"damage_taken":0.0,"cards_upgraded":["Strike_R","Strike_R","Strike_R","Defend_R","Defend_R","Defend_R","Defend_R"]},{"damage_healed":0.0,"max_hp_gain":0.0,"max_hp_loss":0.0,"gold_gain":0.0,"event_name":"Ghosts","player_choice":"Ignored","floor":31.0,"gold_loss":0.0,"damage_taken":0.0},{"cards_removed":["Defend_R"],"damage_healed":0.0,"max_hp_gain":0.0,"max_hp_loss":0.0,"gold_gain":0.0,"event_name":"Falling","player_choice":"Removed Skill","floor":36.0,"gold_loss":0.0,"damage_taken":0.0},{"damage_healed":0.0,"max_hp_gain":0.0,"max_hp_loss":0.0,"gold_gain":100.0,"event_name":"Golden Shrine","player_choice":"Pray","floor":37.0,"gold_loss":0.0,"damage_taken":0.0},{"damage_healed":0.0,"max_hp_gain":0.0,"max_hp_loss":0.0,"gold_gain":0.0,"event_name":"MindBloom","player_choice":"Fight","floor":48.0,"gold_loss":0.0,"damage_taken":0.0}],"is_beta":false,"boss_relics":[{"not_picked":["Pandora\u0027s Box","Tiny House"],"picked":"Black Blood"},{"not_picked":["Mark of Pain","Runic Pyramid"],"picked":"Astrolabe"}],"items_purged_floors":[44],"is_endless":false,"potions_floor_spawned":[1,2,3,10,14,21,22,29,33,35,39,45,48],"killed_by":"Awakened One","ascension_level":11}}