{"host":"v52ntiwll8g9892u","time":1607717481,"event":{"mods":["Aspiration","BaseMod","Marisa£®ÏF”Í°°ƒß¿Ì…≥£©","Minty Spire (QoL Compilation)","StSLib","The Bug Knight"],"gold_per_floor":[111,111,128,128,177,218,218,262,262,327,402,402,402,445,445,538,538,578,599,280,318,364,423,423,489,489,489,514,552,552,597,597,712,712,732,773,854,902,947,1016,1016,1077,1123,1171,643,643,681,742,742,767,792,792,792,88,156,181],"floor_reached":57,"playtime":3712,"items_purged":["WreathOfFlame","Judgement","BowlingBash+1"],"score":3311,"play_id":"562b1ee8-d853-43b7-ab6d-498954b42a6f","local_time":"20201212041121","is_ascension_mode":true,"campfire_choices":[{"data":"Eruption","floor":7.0,"key":"SMITH"},{"floor":12.0,"key":"REST"},{"data":"Wallop","floor":15.0,"key":"SMITH"},{"data":"Vault","floor":24.0,"key":"SMITH"},{"data":"Adaptation","floor":27.0,"key":"SMITH"},{"data":"InnerPeace","floor":32.0,"key":"SMITH"},{"data":"TalkToTheHand","floor":41.0,"key":"SMITH"},{"data":"Scrawl","floor":46.0,"key":"SMITH"},{"floor":49.0,"key":"RECALL"},{"data":"Scrawl","floor":53.0,"key":"SMITH"}],"circlet_count":0,"master_deck":["AscendersBane","Eruption+1","Vigilance","ClearTheMind","Halt","Wish","PathToVictory","Wallop+1","Wireheading","TalkToTheHand+1","CutThroughFate+1","Scrawl+1","InnerPeace+1","Vault+1","Adaptation+1","Scrawl+1","Tantrum+1","TalkToTheHand+1","Nirvana","Wireheading","Adaptation","TalkToTheHand+1"],"relics":["Pandora\u0027s Box","Molten Egg 2","Golden Idol","Sundial","Singing Bowl","Letter Opener","VioletLotus","Lee\u0027s Waffle","Red Mask","The Courier","Centennial Puzzle","Pocketwatch","FossilizedHelix","Mummified Hand","aspiration:RitualDagger","aspiration:HatOfInfinitePower","Damaru","aspiration:HiddenCompartment","Potion Belt","Orichalcum","Anchor","aspiration:Nostalgia","Ring of the Snake","Lantern","Bird Faced Urn","OrangePellets","HollowMod:StagPassRelic","Bag of Preparation"],"acts_visited":["Exordium","TheCity","TheBeyond","TheEnding"],"potions_floor_usage":[56,56],"damage_taken":[{"damage":0.0,"enemies":"2 Louse","floor":1.0,"turns":2.0},{"damage":2.0,"enemies":"Small Slimes","floor":3.0,"turns":8.0},{"damage":3.0,"enemies":"Jaw Worm","floor":5.0,"turns":5.0},{"damage":9.0,"enemies":"3 Sentries","floor":6.0,"turns":5.0},{"damage":26.0,"enemies":"Gremlin Nob","floor":8.0,"turns":4.0},{"damage":8.0,"enemies":"Lagavulin","floor":10.0,"turns":8.0},{"damage":3.0,"enemies":"Looter","floor":14.0,"turns":4.0},{"damage":12.0,"enemies":"Hexaghost","floor":16.0,"turns":7.0},{"damage":18.0,"enemies":"Chosen","floor":18.0,"turns":4.0},{"damage":4.0,"enemies":"3 Byrds","floor":19.0,"turns":4.0},{"damage":32.0,"enemies":"Masked Bandits","floor":21.0,"turns":3.0},{"damage":12.0,"enemies":"Centurion and Healer","floor":22.0,"turns":5.0},{"damage":4.0,"enemies":"Gremlin Leader","floor":23.0,"turns":6.0},{"damage":10.0,"enemies":"Book of Stabbing","floor":25.0,"turns":5.0},{"damage":0.0,"enemies":"Shelled Parasite and Fungi","floor":28.0,"turns":3.0},{"damage":2.0,"enemies":"Slavers","floor":29.0,"turns":3.0},{"damage":0.0,"enemies":"Snecko","floor":31.0,"turns":5.0},{"damage":0.0,"enemies":"Champ","floor":33.0,"turns":5.0},{"damage":6.0,"enemies":"3 Darklings","floor":35.0,"turns":3.0},{"damage":6.0,"enemies":"Orb Walker","floor":36.0,"turns":3.0},{"damage":3.0,"enemies":"2 Orb Walkers","floor":37.0,"turns":2.0},{"damage":3.0,"enemies":"Spire Growth","floor":38.0,"turns":2.0},{"damage":6.0,"enemies":"4 Shapes","floor":39.0,"turns":3.0},{"damage":6.0,"enemies":"Reptomancer","floor":40.0,"turns":3.0},{"damage":3.0,"enemies":"Nemesis","floor":42.0,"turns":2.0},{"damage":6.0,"enemies":"Sphere and 2 Shapes","floor":47.0,"turns":3.0},{"damage":3.0,"enemies":"Reptomancer","floor":48.0,"turns":2.0},{"damage":3.0,"enemies":"Donu and Deca","floor":50.0,"turns":2.0},{"damage":51.0,"enemies":"Time Eater","floor":51.0,"turns":8.0},{"damage":0,"enemies":"Shield and Spear","floor":55,"turns":1},{"damage":16,"enemies":"The Heart","floor":56,"turns":6}],"seed_played":"-6197779756658833896","potions_obtained":[{"floor":1.0,"key":"Swift Potion"},{"floor":8.0,"key":"DuplicationPotion"},{"floor":22.0,"key":"BottledMiracle"},{"floor":25.0,"key":"Block Potion"},{"floor":36.0,"key":"Ambrosia"},{"floor":39.0,"key":"FairyPotion"},{"floor":47.0,"key":"AttackPotion"}],"is_trial":false,"path_per_floor":["M","?","M","?","M","E","R","E","T","E","?","R","?","M","R","B",null,"M","M","$","?","M","E","R","E","T","R","M","E","T","M","R","B",null,"M","M","?","M","M","E","R","E","T","T","$","R","M","E","R","B","B",null,"R","$","E","B",null],"character_chosen":"WATCHER","items_purchased":["Adaptation","Lee\u0027s Waffle","Anchor","aspiration:Nostalgia","Lantern","GamblersBrew","PowerPotion","Nirvana","OrangePellets","HollowMod:StagPassRelic","Wireheading","Adaptation","TalkToTheHand+1"],"campfire_rested":1,"item_purchase_floors":[20,20,45,45,45,45,54,54,54,54,54,54,54],"current_hp_per_floor":[61,61,59,59,56,47,47,23,23,15,4,23,23,20,20,8,50,34,32,75,45,35,33,33,25,25,25,27,25,25,27,27,29,74,70,66,65,64,60,56,56,53,53,53,53,53,49,46,46,47,30,85,85,85,97,92],"gold":181,"neow_bonus":"BOSS_RELIC","is_daily":false,"chose_seed":false,"campfire_upgraded":8,"win_rate":0.0,"timestamp":1607717481,"path_taken":["M","?","M","?","?","E","R","E","T","E","?","R","?","M","R","BOSS","M","?","$","?","M","E","R","E","T","R","M","E","?","M","R","BOSS","M","M","?","M","M","E","R","E","T","?","$","R","?","E","R","BOSS","BOSS","R","$","E","BOSS"],"items_purchased_type":["Card","Relic","Relic","Relic","Relic","Potion","Potion","Card","Relic","Relic","Card","Card","Undefined"],"build_version":"2020-11-30","purchased_purges":3,"victory":true,"max_hp_per_floor":[68,68,68,62,62,62,62,64,64,64,64,64,64,64,64,64,64,66,68,75,77,79,81,81,83,83,83,85,85,85,87,87,89,89,91,93,95,97,99,101,101,101,101,101,101,101,103,103,103,103,103,103,103,103,105,105],"card_choices":[{"not_picked":["Wireheading","FollowUp"],"picked":"TalkToTheHand","floor":1.0},{"not_picked":["ClearTheMind","FlyingSleeves+1"],"picked":"CutThroughFate+1","floor":3.0},{"not_picked":["WindmillStrike+1","MentalFortress","Worship"],"picked":"SKIP","floor":5.0},{"not_picked":["FlyingSleeves+1","EmptyFist+1"],"picked":"Scrawl","floor":6.0},{"not_picked":["Perseverance","CarveReality+1","Swivel"],"picked":"Singing Bowl","floor":8.0},{"not_picked":["Collect","LikeWater"],"picked":"BowlingBash+1","floor":10.0},{"not_picked":["EmptyBody","Halt"],"picked":"InnerPeace","floor":14.0},{"not_picked":["ConjureBlade","Alpha"],"picked":"Vault","floor":16.0},{"not_picked":["LikeWater","Indignation","EmptyBody"],"picked":"Singing Bowl","floor":18.0},{"not_picked":["Collect","SashWhip+1","Sanctity+1"],"picked":"Singing Bowl","floor":19.0},{"not_picked":["Halt","FlyingSleeves+1","ClearTheMind"],"picked":"Singing Bowl","floor":21.0},{"not_picked":["Sanctity","ThirdEye+1","EmptyFist+1"],"picked":"Singing Bowl","floor":22.0},{"not_picked":["ClearTheMind","FollowUp+1","ForeignInfluence"],"picked":"Singing Bowl","floor":23.0},{"not_picked":["FollowUp+1","ClearTheMind","DeceiveReality+1"],"picked":"Singing Bowl","floor":25.0},{"not_picked":["Collect+1","JustLucky+1","WheelKick+1"],"picked":"Singing Bowl","floor":28.0},{"not_picked":["Protect","EmptyBody"],"picked":"Scrawl","floor":29.0},{"not_picked":["FollowUp+1","Prostrate","SashWhip+1"],"picked":"Singing Bowl","floor":31.0},{"not_picked":["Alpha","SpiritShield","Wish"],"picked":"Singing Bowl","floor":33.0},{"not_picked":["FollowUp+1","WreathOfFlame","Protect+1"],"picked":"Singing Bowl","floor":35.0},{"not_picked":["EmptyBody","Consecrate+1","SashWhip+1"],"picked":"Singing Bowl","floor":36.0},{"not_picked":["SashWhip+1","Sanctity+1","Halt"],"picked":"Singing Bowl","floor":37.0},{"not_picked":["Protect","SashWhip+1","FlurryOfBlows+1"],"picked":"Singing Bowl","floor":38.0},{"not_picked":["ThirdEye","ClearTheMind","WheelKick+1"],"picked":"Singing Bowl","floor":39.0},{"not_picked":["Wallop+1","SandsOfTime+1","Brilliance+1"],"picked":"Singing Bowl","floor":40.0},{"not_picked":["EmptyBody+1","Pray"],"picked":"Tantrum+1","floor":42.0},{"not_picked":["EmptyBody+1","FlyingSleeves+1","ClearTheMind"],"picked":"Singing Bowl","floor":47.0},{"not_picked":["Sanctity","ForeignInfluence+1"],"picked":"TalkToTheHand+1","floor":48.0},{"not_picked":["ThirdEye","SashWhip+1","CutThroughFate+1"],"picked":"Singing Bowl","floor":55}],"player_experience":1251998,"relics_obtained":[{"floor":6.0,"key":"Sundial"},{"floor":8.0,"key":"Singing Bowl"},{"floor":10.0,"key":"Letter Opener"},{"floor":21.0,"key":"Red Mask"},{"floor":23.0,"key":"The Courier"},{"floor":25.0,"key":"Centennial Puzzle"},{"floor":26.0,"key":"Pocketwatch"},{"floor":29.0,"key":"FossilizedHelix"},{"floor":30.0,"key":"Mummified Hand"},{"floor":37.0,"key":"aspiration:HatOfInfinitePower"},{"floor":40.0,"key":"Damaru"},{"floor":42.0,"key":"aspiration:HiddenCompartment"},{"floor":43.0,"key":"Potion Belt"},{"floor":44.0,"key":"Orichalcum"},{"floor":48.0,"key":"Bird Faced Urn"},{"floor":55,"key":"Bag of Preparation"}],"event_choices":[{"damage_healed":0.0,"max_hp_gain":0.0,"max_hp_loss":6.0,"gold_gain":0.0,"event_name":"Golden Idol","player_choice":"Lose Max HP","floor":4.0,"gold_loss":0.0,"damage_taken":0.0,"relics_obtained":["Golden Idol"]},{"damage_healed":0.0,"max_hp_gain":0.0,"max_hp_loss":0.0,"gold_gain":75.0,"event_name":"World of Goop","player_choice":"Gather Gold","floor":11.0,"gold_loss":0.0,"damage_taken":11.0},{"cards_removed":["Injury"],"damage_healed":0.0,"max_hp_gain":0.0,"max_hp_loss":0.0,"gold_gain":0.0,"event_name":"Wheel of Change","player_choice":"Card Removal","floor":13.0,"gold_loss":0.0,"damage_taken":0.0},{"damage_healed":0.0,"max_hp_gain":0.0,"max_hp_loss":0.0,"gold_gain":0.0,"event_name":"Masked Bandits","player_choice":"Fought Bandits","floor":21.0,"gold_loss":0.0,"damage_taken":0.0},{"damage_healed":0.0,"max_hp_gain":0.0,"max_hp_loss":0.0,"gold_gain":0.0,"event_name":"Mysterious Sphere","player_choice":"Fight","floor":37.0,"gold_loss":0.0,"damage_taken":0.0}],"is_beta":false,"boss_relics":[{"not_picked":["Snecko Eye","Ectoplasm"],"picked":"VioletLotus"},{"not_picked":["aspiration:FutureDiary","Fusion Hammer"],"picked":"aspiration:RitualDagger"}],"items_purged_floors":[20,45,54],"is_endless":false,"potions_floor_spawned":[1,8,18,22,25,28,29,36,37,39,47,55],"ascension_level":20}}