{"host":"kw4o7b3ro2ktmmbe","time":1607728431,"event":{"mods":["BaseMod","Minty Spire (QoL Compilation)","StSLib","TheBandit","Treasure Hunter"],"gold_per_floor":[173,173,188,31,44,69,80,113,149,177,186,186,205,205,205,330,330,358,125,2,15,44,92,101,145,154,253,253,253,273,282,291,291,291,291],"floor_reached":33,"playtime":3574,"items_purged":[],"score":320,"play_id":"73c908f9-5769-45e0-aaaf-eadf2e85c3c2","local_time":"20201212121351","is_ascension_mode":false,"campfire_choices":[{"data":"TH:ElvenBoots","floor":12.0,"key":"SMITH"},{"data":"TH:ElvenBoots","floor":15.0,"key":"SMITH"},{"floor":24.0,"key":"REST"},{"data":"wariomod:BoomForm","floor":28.0,"key":"SMITH"},{"floor":32,"key":"REST"}],"circlet_count":0,"master_deck":["wariomod:Strike","wariomod:Strike","wariomod:Strike","wariomod:Strike","wariomod:Defend","wariomod:Defend","wariomod:Defend","wariomod:Defend","wariomod:Leap","wariomod:EndlessBlast","TH:CopperCoins","TH:ElvenBoots+1","wariomod:HappyHit","TH:ElvenBoots+1","wariomod:HappyHop","wariomod:HappyHit","TH:ArmorSpikes","wariomod:GoAgain","wariomod:BoomBoom+1","wariomod:Purify+1","TH:BikiniMail","wariomod:SmackSlam+1","wariomod:TheGrandJourney","TH:EnergyPotion","wariomod:BoomForm+1","TH:ArmorSpikes","Writhe","wariomod:TempestBlasts"],"relics":["SlaversCollar","Boot","Medical Kit","Orichalcum","Dream Catcher","CeramicFish","FaceOfCleric","Busted Crown","Membership Card","MealTicket","Question Card","Toy Ornithopter","Ancient Tea Set","Akabeko","MutagenicStrength","Turnip"],"acts_visited":["Exordium","TheCity"],"potions_floor_usage":[30],"damage_taken":[{"damage":3.0,"enemies":"2 Louse","floor":1.0,"turns":3.0},{"damage":2.0,"enemies":"Small Slimes","floor":3.0,"turns":4.0},{"damage":1.0,"enemies":"Cultist","floor":5.0,"turns":3.0},{"damage":0.0,"enemies":"3 Sentries","floor":6.0,"turns":2.0},{"damage":11.0,"enemies":"Exordium Thugs","floor":7.0,"turns":4.0},{"damage":8.0,"enemies":"Gremlin Nob","floor":8.0,"turns":4.0},{"damage":5.0,"enemies":"Looter","floor":10.0,"turns":3.0},{"damage":0.0,"enemies":"3 Louse","floor":13.0,"turns":2.0},{"damage":13.0,"enemies":"Hexaghost","floor":16.0,"turns":8.0},{"damage":4.0,"enemies":"Chosen","floor":18.0,"turns":5.0},{"damage":21.0,"enemies":"Shell Parasite","floor":21.0,"turns":5.0},{"damage":13.0,"enemies":"Chosen and Byrds","floor":22.0,"turns":6.0},{"damage":60.0,"enemies":"Book of Stabbing","floor":23.0,"turns":7.0},{"damage":23.0,"enemies":"Slavers","floor":25.0,"turns":4.0},{"damage":21,"enemies":"Snecko","floor":30,"turns":6},{"damage":45,"enemies":"Collector","floor":33,"turns":6}],"seed_played":"1392802922681948637","potions_obtained":[{"floor":5.0,"key":"AttackPotion"},{"floor":7.0,"key":"FearPotion"},{"floor":13.0,"key":"FearPotion"},{"floor":16.0,"key":"Regen Potion"},{"floor":22.0,"key":"Explosive Potion"},{"floor":23.0,"key":"Strength Potion"},{"floor":25.0,"key":"SteroidPotion"}],"is_trial":false,"path_per_floor":["M","?","M","$","M","E","M","E","T","M","?","R","M","?","R","B",null,"M","$","$","M","M","E","R","E","T","?","R","?","M","?","R","B"],"character_chosen":"THE_BANDIT","items_purchased":["Medical Kit","Membership Card","MealTicket","Question Card"],"campfire_rested":2,"item_purchase_floors":[4,19,19,20],"current_hp_per_floor":[77,70,68,68,67,67,56,48,48,43,43,43,43,43,43,31,81,78,78,82,62,65,6,31,24,24,24,24,24,9,9,35,0,0,0],"gold":291,"neow_bonus":"BOSS_RELIC","is_daily":false,"chose_seed":false,"campfire_upgraded":3,"win_rate":0.0,"timestamp":1607728431,"path_taken":["M","?","M","$","M","E","M","E","T","M","?","R","M","?","R","BOSS","M","?","$","?","M","E","R","E","T","?","R","?","M","?","R","BOSS"],"items_purchased_type":["Relic","Relic","Relic","Relic"],"build_version":"2020-11-30","purchased_purges":0,"victory":false,"max_hp_per_floor":[80,80,80,80,80,80,80,80,80,80,80,80,80,80,80,81,81,82,82,82,83,84,85,85,86,86,86,86,86,87,87,87,87,87,87],"card_choices":[{"not_picked":["wariomod:DisarmingMoves","wariomod:DanceDash"],"picked":"wariomod:EndlessBlast","floor":1.0},{"not_picked":["wariomod:DamnedStrength","wariomod:Goblast","wariomod:SimpleShield"],"picked":"SKIP","floor":3.0},{"not_picked":["wariomod:Goblast","wariomod:Hopshield","wariomod:DisarmingMoves"],"picked":"SKIP","floor":5.0},{"not_picked":["TH:DeckOfManyThings"],"picked":"TH:CopperCoins","floor":6.0},{"not_picked":["wariomod:SelfImprison","wariomod:Goblast","wariomod:GreaterGuard"],"picked":"SKIP","floor":6.0},{"not_picked":["wariomod:Game","wariomod:EmptyMind","wariomod:BodyBlock"],"picked":"SKIP","floor":7.0},{"not_picked":["TH:BikiniMail"],"picked":"TH:ElvenBoots","floor":8.0},{"not_picked":["wariomod:DanceDash","wariomod:Leapslam"],"picked":"wariomod:HappyHit","floor":8.0},{"not_picked":["TH:CursedSword"],"picked":"TH:ElvenBoots","floor":9.0},{"not_picked":["wariomod:DropBash","wariomod:DoubleDash"],"picked":"wariomod:HappyHop","floor":10.0},{"not_picked":["wariomod:Game","wariomod:DiceyMove","wariomod:Leapslam"],"picked":"SKIP","floor":13.0},{"not_picked":["TH:TreasureMap"],"picked":"TH:ArmorSpikes","floor":16.0},{"not_picked":["wariomod:GodlyGift","wariomod:VeryLongJump"],"picked":"wariomod:GoAgain","floor":16.0},{"not_picked":[],"picked":"wariomod:BoomBoom+1","floor":18.0},{"not_picked":["wariomod:ThatsNotAll","wariomod:SimpleShield"],"picked":"SKIP","floor":21.0},{"not_picked":["wariomod:AwfulLook"],"picked":"wariomod:Purify+1","floor":22.0},{"not_picked":[],"picked":"TH:BikiniMail","floor":23.0},{"not_picked":["wariomod:DropBash"],"picked":"wariomod:SmackSlam+1","floor":23.0},{"not_picked":["wariomod:AwfulLook"],"picked":"wariomod:TheGrandJourney","floor":24.0},{"not_picked":[],"picked":"TH:EnergyPotion","floor":25.0},{"not_picked":["wariomod:PayItForwards"],"picked":"wariomod:BoomForm","floor":25.0},{"not_picked":[],"picked":"TH:ArmorSpikes","floor":26.0},{"not_picked":["wariomod:f+1","wariomod:AwfulLook"],"picked":"SKIP","floor":30},{"not_picked":["wariomod:DoubleDash"],"picked":"wariomod:TempestBlasts","floor":32}],"player_experience":1736945,"relics_obtained":[{"floor":6.0,"key":"Orichalcum"},{"floor":8.0,"key":"Dream Catcher"},{"floor":9.0,"key":"CeramicFish"},{"floor":23.0,"key":"Toy Ornithopter"},{"floor":25.0,"key":"Ancient Tea Set"},{"floor":26.0,"key":"Akabeko"}],"event_choices":[{"damage_healed":0.0,"max_hp_gain":0.0,"max_hp_loss":0.0,"gold_gain":0.0,"event_name":"Scrap Ooze","player_choice":"Success","floor":2.0,"gold_loss":0.0,"damage_taken":7.0,"relics_obtained":["Boot"]},{"damage_healed":0.0,"max_hp_gain":0.0,"max_hp_loss":0.0,"gold_gain":0.0,"cards_transformed":["wariomod:Step"],"event_name":"Living Wall","player_choice":"Change","floor":11.0,"gold_loss":0.0,"damage_taken":0.0,"cards_obtained":["wariomod:HappyHit"]},{"damage_healed":0.0,"max_hp_gain":0.0,"max_hp_loss":0.0,"gold_gain":0.0,"event_name":"FaceTrader","player_choice":"Trade","floor":14.0,"gold_loss":0.0,"damage_taken":0.0,"relics_obtained":["FaceOfCleric"]},{"damage_healed":0.0,"max_hp_gain":0.0,"max_hp_loss":0.0,"gold_gain":99.0,"event_name":"Nest","player_choice":"Stole From Cult","floor":27.0,"gold_loss":0.0,"damage_taken":0.0},{"damage_healed":0.0,"max_hp_gain":0.0,"max_hp_loss":0.0,"gold_gain":0.0,"event_name":"Drug Dealer","player_choice":"Inject Mutagens","floor":29.0,"gold_loss":0.0,"damage_taken":0.0,"relics_obtained":["MutagenicStrength"]},{"damage_healed":0,"gold_gain":0,"player_choice":"Opened","damage_taken":0,"relics_obtained":["Turnip"],"max_hp_gain":0,"max_hp_loss":0,"event_name":"The Mausoleum","floor":31,"gold_loss":0,"cards_obtained":["Writhe"]}],"is_beta":false,"boss_relics":[{"not_picked":["Pandora\u0027s Box","Runic Dome"],"picked":"Busted Crown"}],"items_purged_floors":[],"is_endless":false,"potions_floor_spawned":[5,7,13,16,22,23,25],"killed_by":"Collector","ascension_level":0}}