{"host":"p7j7o00jacnw7qzt","time":1607664063,"event":{"mods":["BaseMod","Colored Map","Colored Powertips","DeckTracker","Highlight Path","Minty Spire (QoL Compilation)","Relic Stats"],"gold_per_floor":[111,111,131,56,76,76,104,104],"floor_reached":7,"playtime":169,"items_purged":["Strike_R"],"score":102,"play_id":"9d1ece53-38c9-42a6-a6be-ff4648e91342","local_time":"20201211002103","is_ascension_mode":true,"campfire_choices":[{"data":"Pommel Strike","floor":6,"key":"SMITH"}],"circlet_count":0,"master_deck":["AscendersBane","Strike_R","Strike_R","Strike_R","Strike_R","Defend_R","Defend_R+1","Defend_R","Defend_R+1","Bash","Pommel Strike+1","Power Through"],"relics":["Burning Blood","NeowsBlessing","War Paint"],"acts_visited":["Exordium"],"potions_floor_usage":[],"damage_taken":[{"damage":0.0,"enemies":"Jaw Worm","floor":1.0,"turns":1.0},{"damage":0,"enemies":"Cultist","floor":3,"turns":1},{"damage":0,"enemies":"Small Slimes","floor":5,"turns":1},{"damage":70,"enemies":"3 Sentries","floor":7,"turns":13}],"seed_played":"-9004285001741138225","potions_obtained":[{"floor":1.0,"key":"GamblersBrew"},{"floor":7,"key":"BloodPotion"}],"is_trial":false,"path_per_floor":["M","?","M","$","M","R","E"],"character_chosen":"IRONCLAD","items_purchased":[],"campfire_rested":0,"item_purchase_floors":[],"current_hp_per_floor":[74,70,75,75,75,75,11,11],"gold":104,"neow_bonus":"THREE_ENEMY_KILL","is_daily":false,"chose_seed":false,"campfire_upgraded":1,"win_rate":0.0,"timestamp":1607664063,"path_taken":["M","?","?","$","M","R","E"],"items_purchased_type":[],"build_version":"2020-11-30","purchased_purges":1,"victory":false,"max_hp_per_floor":[75,75,75,75,75,75,75,75],"relic_stats":{"counters":[4,16],"War Paint":["Defend_R","Defend_R"],"obtain_stats":[{"NeowsBlessing":0,"War Paint":7,"Burning Blood":0},{"NeowsBlessing":0,"War Paint":4,"Burning Blood":0},{"NeowsBlessing":0,"War Paint":16,"Burning Blood":0}],"Burning Blood":17},"card_choices":[{"not_picked":["Heavy Blade","Clash"],"picked":"Pommel Strike","floor":1.0},{"not_picked":["Thunderclap","Twin Strike","Dual Wield"],"picked":"SKIP","floor":3},{"not_picked":["Rage","Armaments"],"picked":"Power Through","floor":5}],"player_experience":764386,"relics_obtained":[{"floor":7,"key":"War Paint"}],"event_choices":[{"damage_healed":0,"gold_gain":0,"player_choice":"Bought 0 Potions","damage_taken":0,"max_hp_gain":0,"max_hp_loss":0,"event_name":"The Woman in Blue","floor":2,"gold_loss":0}],"is_beta":false,"boss_relics":[],"items_purged_floors":[4],"is_endless":false,"potions_floor_spawned":[1,7],"killed_by":"3 Sentries","ascension_level":20}}