{"host":"buuozll9zukolitn","time":1607711052,"event":{"mods":["BaseMod","Googly Eyes","Minty Spire (QoL Compilation)","StSLib","everything is the same but u backflip on backflip","slay the spire mod where everything is the same but ironclad has a cowboy hat"],"gold_per_floor":[110,285,285,21,39,68,68,78,102,122,122,154,172,187,187,286,286,296,8,8,8,8,40,40,69,69,80,80,30,30,40,40,40,40],"floor_reached":33,"playtime":1232,"items_purged":["Doubt","Strike_R","Strike_R"],"score":450,"play_id":"51064d56-ff31-46cd-b294-75c2b1db2d96","local_time":"20201211192412","is_ascension_mode":true,"campfire_choices":[{"floor":7,"key":"REST"},{"data":"Armaments","floor":11,"key":"SMITH"},{"data":"Armaments","floor":15,"key":"SMITH"},{"floor":24,"key":"REST"},{"floor":28,"key":"REST"},{"data":"Double Tap","floor":32,"key":"SMITH"}],"circlet_count":0,"master_deck":["Strike_R","Strike_R","Strike_R","Defend_R","Defend_R","Defend_R","Defend_R","Bash","Cleave","Ghostly Armor","Armaments+1","Inflame","Thunderclap+1","Twin Strike","Shrug It Off","Armaments+1","Shockwave","Pommel Strike+1","Body Slam","Double Tap+1","Cleave+1","Inflame","Flame Barrier","Bloodletting+1","Pummel","Flex+1"],"relics":["Black Blood","Strawberry","Happy Flower","Smiling Mask","Red Skull","Vajra","Pear","Whetstone","Anchor","Du-Vu Doll"],"acts_visited":["Exordium","TheCity"],"potions_floor_usage":[12,16,16,16,18,23,23,33,33],"damage_taken":[{"damage":1,"enemies":"Small Slimes","floor":1,"turns":4},{"damage":12,"enemies":"Jaw Worm","floor":5,"turns":3},{"damage":35,"enemies":"3 Sentries","floor":6,"turns":9},{"damage":1,"enemies":"Cultist","floor":8,"turns":4},{"damage":8,"enemies":"Red Slaver","floor":10,"turns":4},{"damage":12,"enemies":"Lagavulin","floor":12,"turns":5},{"damage":8,"enemies":"Exordium Thugs","floor":13,"turns":5},{"damage":8,"enemies":"Blue Slaver","floor":14,"turns":3},{"damage":38,"enemies":"The Guardian","floor":16,"turns":9},{"damage":20,"enemies":"2 Thieves","floor":18,"turns":4},{"damage":52,"enemies":"Gremlin Leader","floor":23,"turns":7},{"damage":42,"enemies":"Slavers","floor":25,"turns":4},{"damage":5,"enemies":"3 Byrds","floor":27,"turns":4},{"damage":3,"enemies":"Sentry and Sphere","floor":31,"turns":3},{"damage":72,"enemies":"Champ","floor":33,"turns":7}],"seed_played":"2702517350258440492","potions_obtained":[{"floor":5,"key":"ColorlessPotion"},{"floor":12,"key":"SteroidPotion"},{"floor":13,"key":"EntropicBrew"},{"floor":16,"key":"PowerPotion"},{"floor":25,"key":"Fire Potion"},{"floor":31,"key":"LiquidMemories"}],"is_trial":false,"path_per_floor":["M","?","?","$","M","E","R","M","T","M","R","E","M","M","R","B",null,"M","$","?","$","?","E","R","E","T","M","R","$","?","M","R","B"],"character_chosen":"IRONCLAD","items_purchased":["Ghostly Armor","Armaments","Inflame","Pear"],"campfire_rested":3,"item_purchase_floors":[4,4,4,19],"current_hp_per_floor":[84,84,72,72,66,37,63,68,68,66,66,60,58,56,56,24,71,63,73,73,73,73,33,62,32,32,39,68,68,49,58,58,0,0],"gold":40,"neow_bonus":"RANDOM_COMMON_RELIC","is_daily":false,"chose_seed":false,"campfire_upgraded":3,"win_rate":0.0,"timestamp":1607711052,"path_taken":["M","?","?","?","M","E","R","?","T","?","R","E","M","M","R","BOSS","M","$","?","?","?","E","R","E","T","M","R","$","?","M","R","BOSS"],"items_purchased_type":["Card","Card","Card","Relic"],"build_version":"2020-11-30","purchased_purges":3,"victory":false,"max_hp_per_floor":[87,87,87,87,87,87,87,87,87,87,87,87,87,87,87,87,87,87,97,97,97,97,97,97,97,97,97,97,97,102,102,102,102,102],"card_choices":[{"not_picked":["Rampage","Spot Weakness"],"picked":"Cleave","floor":1},{"not_picked":["Iron Wave","Headbutt"],"picked":"Thunderclap","floor":5},{"not_picked":["Headbutt","Anger"],"picked":"Twin Strike","floor":6},{"not_picked":["Clothesline","Blood for Blood"],"picked":"Shrug It Off","floor":8},{"not_picked":["Dropkick","Warcry"],"picked":"Armaments","floor":10},{"not_picked":["Warcry","Second Wind"],"picked":"Shockwave","floor":12},{"not_picked":["Twin Strike","Dark Embrace"],"picked":"Pommel Strike","floor":13},{"not_picked":["Warcry","Perfected Strike"],"picked":"Body Slam","floor":14},{"not_picked":["Offering","Bludgeon"],"picked":"Double Tap","floor":16},{"not_picked":["Havoc","Combust"],"picked":"Cleave+1","floor":18},{"not_picked":["Twin Strike","Perfected Strike"],"picked":"Bloodletting+1","floor":23},{"not_picked":["Seeing Red","Headbutt"],"picked":"Pummel","floor":25},{"not_picked":["Exhume","Havoc","Perfected Strike"],"picked":"SKIP","floor":27},{"not_picked":["Cleave","Thunderclap"],"picked":"Flex+1","floor":31}],"player_experience":270842,"relics_obtained":[{"floor":6,"key":"Smiling Mask"},{"floor":9,"key":"Red Skull"},{"floor":12,"key":"Vajra"},{"floor":23,"key":"Whetstone"},{"floor":25,"key":"Anchor"},{"floor":26,"key":"Du-Vu Doll"}],"event_choices":[{"damage_healed":0,"gold_gain":175,"player_choice":"AGREE","damage_taken":0,"max_hp_gain":0,"max_hp_loss":0,"event_name":"Liars Game","floor":2,"gold_loss":0,"cards_obtained":["Doubt"]},{"damage_healed":0,"gold_gain":0,"player_choice":"Success","damage_taken":12,"relics_obtained":["Happy Flower"],"max_hp_gain":0,"max_hp_loss":0,"event_name":"Scrap Ooze","floor":3,"gold_loss":0},{"damage_healed":0,"gold_gain":0,"player_choice":"Copied","damage_taken":0,"max_hp_gain":0,"max_hp_loss":0,"event_name":"Duplicator","floor":20,"gold_loss":0,"cards_obtained":["Inflame"]},{"damage_healed":0,"gold_gain":0,"player_choice":"Read","damage_taken":0,"max_hp_gain":0,"max_hp_loss":0,"event_name":"The Library","floor":22,"gold_loss":0,"cards_obtained":["Flame Barrier"]},{"damage_healed":0,"gold_gain":0,"player_choice":"Shed Blood","damage_taken":24,"max_hp_gain":5,"max_hp_loss":0,"event_name":"Forgotten Altar","floor":30,"gold_loss":0}],"is_beta":false,"boss_relics":[{"not_picked":["Busted Crown","SacredBark"],"picked":"Black Blood"}],"items_purged_floors":[4,19,29],"is_endless":false,"potions_floor_spawned":[5,12,13,16,25,31],"killed_by":"Champ","ascension_level":9}}