{"host":"270uyz0wq5pk4jym","time":1607672930,"event":{"mods":["AchievementEnabler","BaseMod","Colored Map","Minty Spire (QoL Compilation)","Rare Cards Sparkle","StSLib"],"gold_per_floor":[112,37,37,37,50,78,78,106,152,102,113,113,133,133,133,238,238,250,250,263,91,106,123,123,133,133,133,32,32,42,61,61,166,166,183,183,201,215,234,234,260,260,260,274,293,293,293,42,42,42,42],"floor_reached":50,"playtime":5741,"items_purged":["Strike_G","Defend_G","Defend_G"],"score":509,"play_id":"42ff0a00-3236-499b-9874-b1acc691b203","local_time":"20201211164850","is_ascension_mode":false,"campfire_choices":[{"floor":15.0,"key":"REST"},{"data":"Footwork","floor":24.0,"key":"SMITH"},{"data":"Doppelganger","floor":27.0,"key":"SMITH"},{"data":"Crippling Poison","floor":29.0,"key":"SMITH"},{"floor":32.0,"key":"REST"},{"floor":40.0,"key":"REST"},{"floor":42.0,"key":"REST"},{"floor":47.0,"key":"REST"},{"floor":49.0,"key":"REST"}],"circlet_count":0,"master_deck":["Defend_G","Survivor+1","Neutralize","Dodge and Roll","Skewer+1","Burst","Doppelganger+1","Poisoned Stab","Crippling Poison+1","Phantasmal Killer","Quick Slash","Acrobatics","Well Laid Plans","Acrobatics+1","Footwork+1","Deadly Poison","Heel Hook+1","Deadly Poison","PiercingWail","After Image","Adrenaline","Outmaneuver","Prepared+1","Calculated Gamble"],"relics":["Ring of the Snake","NeowsBlessing","Bag of Preparation","War Paint","Toy Ornithopter","Vajra","Gambling Chip","Empty Cage","Ancient Tea Set","Philosopher\u0027s Stone","Whetstone","Meat on the Bone"],"acts_visited":[],"potions_floor_usage":[50,50,50],"damage_taken":[{"damage":0.0,"enemies":"Jaw Worm","floor":1.0,"turns":1.0},{"damage":0.0,"enemies":"2 Louse","floor":5.0,"turns":1.0},{"damage":0.0,"enemies":"Lagavulin","floor":6.0,"turns":1.0},{"damage":24.0,"enemies":"Gremlin Nob","floor":8.0,"turns":6.0},{"damage":0.0,"enemies":"Small Slimes","floor":11.0,"turns":3.0},{"damage":2.0,"enemies":"2 Fungi Beasts","floor":13.0,"turns":5.0},{"damage":36.0,"enemies":"Hexaghost","floor":16.0,"turns":14.0},{"damage":6.0,"enemies":"3 Byrds","floor":18.0,"turns":5.0},{"damage":7.0,"enemies":"Spheric Guardian","floor":20.0,"turns":4.0},{"damage":3.0,"enemies":"Snecko","floor":22.0,"turns":6.0},{"damage":10.0,"enemies":"3 Cultists","floor":23.0,"turns":7.0},{"damage":12.0,"enemies":"Cultist and Chosen","floor":25.0,"turns":8.0},{"damage":12.0,"enemies":"Shelled Parasite and Fungi","floor":30.0,"turns":4.0},{"damage":15.0,"enemies":"Sentry and Sphere","floor":31.0,"turns":6.0},{"damage":30.0,"enemies":"Collector","floor":33.0,"turns":8.0},{"damage":7.0,"enemies":"Orb Walker","floor":35.0,"turns":4.0},{"damage":14.0,"enemies":"3 Darklings","floor":37.0,"turns":9.0},{"damage":16.0,"enemies":"Spire Growth","floor":38.0,"turns":5.0},{"damage":17.0,"enemies":"Transient","floor":39.0,"turns":5.0},{"damage":37.0,"enemies":"Reptomancer","floor":41.0,"turns":7.0},{"damage":15.0,"enemies":"Writhing Mass","floor":44.0,"turns":4.0},{"damage":9.0,"enemies":"Jaw Worm Horde","floor":45.0,"turns":3.0},{"damage":85,"enemies":"Time Eater","floor":50,"turns":9}],"seed_played":"119862264179268961","potions_obtained":[{"floor":1.0,"key":"Block Potion"},{"floor":13.0,"key":"LiquidMemories"},{"floor":23.0,"key":"Weak Potion"},{"floor":30.0,"key":"Explosive Potion"},{"floor":31.0,"key":"ColorlessPotion"},{"floor":33.0,"key":"GamblersBrew"},{"floor":37.0,"key":"Energy Potion"},{"floor":41.0,"key":"ColorlessPotion"},{"floor":44.0,"key":"Block Potion"}],"is_trial":false,"path_per_floor":["M","$","?","$","M","E","?","E","T","?","M","?","M","?","R","B",null,"M","?","M","$","M","M","R","M","T","R","$","R","M","M","R","B",null,"M","?","M","M","M","R","E","R","T","M","M","?","R","$","R","B"],"character_chosen":"THE_SILENT","items_purchased":["Well Laid Plans","Heel Hook","Deadly Poison","Swift Potion","EssenceOfSteel"],"campfire_rested":6,"item_purchase_floors":[21,28,28,48,48],"current_hp_per_floor":[70,70,63,63,63,63,63,39,39,39,39,39,37,34,55,19,70,64,64,57,57,59,49,49,37,37,37,37,37,25,10,31,16,70,63,63,49,33,16,37,10,31,31,33,36,36,57,57,70,0,0],"gold":42,"neow_bonus":"THREE_ENEMY_KILL","is_daily":false,"chose_seed":false,"campfire_upgraded":3,"win_rate":0.0,"timestamp":1607672930,"path_taken":["M","$","?","$","M","E","?","E","T","?","M","?","M","?","R","BOSS","M","?","M","$","?","M","R","M","T","R","?","R","M","M","R","BOSS","M","?","?","M","M","R","E","R","T","M","M","?","R","$","R","BOSS"],"items_purchased_type":["Card","Card","Card","Potion","Potion"],"build_version":"2020-11-30","purchased_purges":3,"victory":false,"max_hp_per_floor":[70,70,70,70,70,70,70,70,70,70,70,70,70,70,70,70,70,70,70,70,70,70,70,70,70,70,70,70,70,70,70,70,70,70,70,70,70,70,70,70,70,70,70,70,70,70,70,70,70,70,70],"card_choices":[{"not_picked":["Eviscerate","Sucker Punch"],"picked":"Dodge and Roll","floor":1.0},{"not_picked":["Sucker Punch","Deflect"],"picked":"Skewer","floor":5.0},{"not_picked":["Dagger Throw","Deadly Poison"],"picked":"Burst","floor":6.0},{"not_picked":["Deadly Poison","Tactician"],"picked":"Doppelganger","floor":8.0},{"not_picked":["PiercingWail","Escape Plan"],"picked":"Poisoned Stab","floor":11.0},{"not_picked":["Dodge and Roll","Eviscerate"],"picked":"Crippling Poison","floor":13.0},{"not_picked":["A Thousand Cuts","Die Die Die"],"picked":"Phantasmal Killer","floor":16.0},{"not_picked":["Deadly Poison","Flying Knee"],"picked":"Quick Slash","floor":18.0},{"not_picked":["Distraction+1","Dagger Spray+1"],"picked":"Acrobatics","floor":20.0},{"not_picked":["Calculated Gamble","Endless Agony+1"],"picked":"Acrobatics+1","floor":22.0},{"not_picked":["Sucker Punch","Underhanded Strike"],"picked":"Footwork","floor":23.0},{"not_picked":["Blade Dance","Sucker Punch"],"picked":"Deadly Poison","floor":25.0},{"not_picked":["Finisher+1","Deadly Poison"],"picked":"PiercingWail","floor":30.0},{"not_picked":["Skewer","PiercingWail"],"picked":"After Image","floor":31.0},{"not_picked":["Wraith Form v2","Envenom"],"picked":"Adrenaline","floor":33.0},{"not_picked":["Dagger Spray","Dagger Throw","Acrobatics+1"],"picked":"SKIP","floor":35.0},{"not_picked":["All Out Attack","Backstab+1"],"picked":"Outmaneuver","floor":37.0},{"not_picked":["Expertise+1","Quick Slash"],"picked":"Prepared+1","floor":38.0},{"not_picked":["Underhanded Strike+1","Distraction+1","Tactician"],"picked":"SKIP","floor":39.0},{"not_picked":["Dagger Throw+1","Underhanded Strike","Die Die Die"],"picked":"SKIP","floor":41.0},{"not_picked":["Expertise","Dodge and Roll+1"],"picked":"Calculated Gamble","floor":44.0},{"not_picked":["Tactician","Predator","Outmaneuver+1"],"picked":"SKIP","floor":45.0}],"player_experience":48054,"relics_obtained":[{"floor":6.0,"key":"Bag of Preparation"},{"floor":8.0,"key":"War Paint"},{"floor":9.0,"key":"Toy Ornithopter"},{"floor":26.0,"key":"Ancient Tea Set"},{"floor":41.0,"key":"Whetstone"},{"floor":43.0,"key":"Meat on the Bone"}],"event_choices":[{"cards_removed":["Strike_G"],"damage_healed":0.0,"max_hp_gain":0.0,"max_hp_loss":0.0,"gold_gain":0.0,"event_name":"Golden Wing","player_choice":"Card Removal","floor":3.0,"gold_loss":0.0,"damage_taken":7.0},{"cards_removed":["Strike_G"],"damage_healed":0.0,"max_hp_gain":0.0,"max_hp_loss":0.0,"gold_gain":0.0,"event_name":"Living Wall","player_choice":"Forget","floor":7.0,"gold_loss":0.0,"damage_taken":0.0},{"cards_removed":["Strike_G"],"damage_healed":0.0,"max_hp_gain":0.0,"max_hp_loss":0.0,"gold_gain":0.0,"event_name":"The Cleric","player_choice":"Card Removal","floor":10.0,"gold_loss":50.0,"damage_taken":0.0},{"damage_healed":0.0,"max_hp_gain":0.0,"max_hp_loss":0.0,"gold_gain":0.0,"event_name":"Dead Adventurer","player_choice":"Searched \u00272\u0027 times","floor":12.0,"gold_loss":0.0,"damage_taken":0.0,"relics_obtained":["Vajra"]},{"damage_healed":0.0,"max_hp_gain":0.0,"max_hp_loss":0.0,"gold_gain":0.0,"event_name":"Scrap Ooze","player_choice":"Success","floor":14.0,"gold_loss":0.0,"damage_taken":3.0,"relics_obtained":["Gambling Chip"]},{"damage_healed":0.0,"max_hp_gain":0.0,"max_hp_loss":0.0,"gold_gain":0.0,"event_name":"Match and Keep!","player_choice":"0 cards matched","floor":19.0,"gold_loss":0.0,"damage_taken":0.0,"cards_obtained":[]},{"cards_removed":["Defend_G"],"damage_healed":0.0,"max_hp_gain":0.0,"max_hp_loss":0.0,"gold_gain":0.0,"event_name":"Wheel of Change","player_choice":"Card Removal","floor":36.0,"gold_loss":0.0,"damage_taken":0.0},{"damage_healed":0.0,"max_hp_gain":0.0,"max_hp_loss":0.0,"gold_gain":0.0,"event_name":"SensoryStone","player_choice":"Memory 1","floor":46.0,"gold_loss":0.0,"damage_taken":0.0}],"is_beta":false,"boss_relics":[{"not_picked":["Runic Dome","Astrolabe"],"picked":"Empty Cage"},{"not_picked":["Tiny House","Black Star"],"picked":"Philosopher\u0027s Stone"}],"items_purged_floors":[2,21,48],"is_endless":false,"potions_floor_spawned":[1,13,23,30,31,33,37,41,44],"killed_by":"Time Eater","ascension_level":0}}