{"host":"wshh0nphwn6jv7vj","time":1607727483,"event":{"mods":["BaseMod","Bestiary","Minty Spire (QoL Compilation)"],"gold_per_floor":[115,190,209,134,153,188,198,227,227,227,254,254,254,269,269,269,269],"floor_reached":16,"playtime":1715,"items_purged":["Strike_R"],"score":210,"play_id":"d6d61a3d-72cd-4024-aaef-30d9a5732a8d","local_time":"20201211175803","is_ascension_mode":true,"campfire_choices":[{"floor":10,"key":"REST"},{"data":"Entrench","floor":12,"key":"SMITH"},{"data":"Shrug It Off","floor":15,"key":"SMITH"}],"circlet_count":0,"master_deck":["AscendersBane","Strike_R","Defend_R","Defend_R","Defend_R","Defend_R","Bash","Impervious+1","Armaments+1","Fire Breathing+1","Thunderclap","Hemokinesis","Reckless Charge","Dual Wield","Anger","Wild Strike","Entrench+1","Shrug It Off+1"],"relics":["Astrolabe","Bag of Preparation","InkBottle","Calipers","MealTicket"],"acts_visited":["Exordium"],"potions_floor_usage":[6,8,8],"damage_taken":[{"damage":7,"enemies":"Cultist","floor":1,"turns":5},{"damage":2,"enemies":"Jaw Worm","floor":3,"turns":6},{"damage":8,"enemies":"2 Louse","floor":5,"turns":3},{"damage":10,"enemies":"Gremlin Nob","floor":6,"turns":3},{"damage":11,"enemies":"Exordium Wildlife","floor":7,"turns":4},{"damage":7,"enemies":"3 Sentries","floor":8,"turns":4},{"damage":17,"enemies":"Lagavulin","floor":11,"turns":5},{"damage":0,"enemies":"Blue Slaver","floor":14,"turns":3},{"damage":32,"enemies":"The Guardian","floor":16,"turns":11}],"seed_played":"-2251907536683162931","potions_obtained":[{"floor":3,"key":"BloodPotion"},{"floor":5,"key":"Strength Potion"},{"floor":6,"key":"ColorlessPotion"}],"is_trial":false,"path_per_floor":["M","?","M","$","M","E","M","E","T","R","E","R","T","M","R","B"],"character_chosen":"IRONCLAD","items_purchased":[],"campfire_rested":1,"item_purchase_floors":[],"current_hp_per_floor":[61,50,48,48,40,30,19,27,27,49,32,32,32,32,32,0,0],"gold":269,"neow_bonus":"BOSS_RELIC","is_daily":false,"chose_seed":false,"campfire_upgraded":2,"win_rate":0.0,"timestamp":1607727483,"path_taken":["M","?","M","$","M","E","M","E","T","R","E","R","?","M","R","BOSS"],"items_purchased_type":[],"build_version":"2020-11-30","purchased_purges":1,"victory":false,"max_hp_per_floor":[75,75,75,75,75,75,75,75,75,75,75,75,75,75,75,75,75],"card_choices":[{"not_picked":["Entrench","Armaments"],"picked":"Thunderclap","floor":1},{"not_picked":["Second Wind","Shrug It Off"],"picked":"Hemokinesis","floor":3},{"not_picked":["Perfected Strike","Twin Strike"],"picked":"Reckless Charge","floor":5},{"not_picked":["Rupture","Armaments"],"picked":"Dual Wield","floor":6},{"not_picked":["Twin Strike","Hemokinesis"],"picked":"Anger","floor":7},{"not_picked":["Combust","Sword Boomerang"],"picked":"Wild Strike","floor":8},{"not_picked":["Fire Breathing","Havoc"],"picked":"Entrench","floor":11},{"not_picked":["Barricade","Heavy Blade"],"picked":"Shrug It Off","floor":14}],"player_experience":1375113,"relics_obtained":[{"floor":6,"key":"Bag of Preparation"},{"floor":8,"key":"InkBottle"},{"floor":11,"key":"Calipers"},{"floor":13,"key":"MealTicket"}],"event_choices":[{"damage_healed":0,"gold_gain":75,"player_choice":"Gather Gold","damage_taken":11,"max_hp_gain":0,"max_hp_loss":0,"event_name":"World of Goop","floor":2,"gold_loss":0}],"is_beta":false,"boss_relics":[],"items_purged_floors":[4],"is_endless":false,"potions_floor_spawned":[3,5,6],"killed_by":"The Guardian","ascension_level":15}}