{"host":"o7j6aatxjwpw1421","time":1607698697,"event":{"mods":["2.2 Compatiblity","BaseMod","Colored Map","DeckTracker","Highlight Path","Keyboard Shortcuts","Minty Spire (QoL Compilation)","Permanent Neow","Quick Restart","StSLib","SuperFastMode","everything is the same but u backflip on backflip"],"gold_per_floor":[119,45,220,232,232,232,39,71,71,71,71,71,71,97,97,194,194,204,9,28,28,28,28,46,46,46],"floor_reached":25,"playtime":1395,"items_purged":["Doubt","Writhe"],"score":302,"play_id":"091df32a-ff2a-4192-a026-5206e704a55f","local_time":"20201211235817","is_ascension_mode":true,"campfire_choices":[{"data":"Skewer","floor":6.0,"key":"SMITH"},{"data":"Well Laid Plans","floor":11.0,"key":"SMITH"},{"data":"Footwork","floor":15.0,"key":"SMITH"},{"data":"Tactician","floor":23.0,"key":"SMITH"}],"circlet_count":0,"master_deck":["AscendersBane","Strike_G","Strike_G","Strike_G","Strike_G+1","Defend_G","Defend_G","Defend_G","Defend_G","Defend_G","Survivor","Neutralize+1","Prepared","Skewer+1","Footwork+1","Well Laid Plans+1","Concentrate","Neutralize","After Image","Reflex","Good Instincts","PiercingWail","Shame","Tactician+1","Footwork"],"relics":["Ring of the Snake","Ice Cream","Juzu Bracelet","Pocketwatch","Whetstone","Sozu","Anchor"],"acts_visited":["Exordium","TheCity"],"potions_floor_usage":[],"damage_taken":[{"damage":2.0,"enemies":"Small Slimes","floor":1.0,"turns":6.0},{"damage":0.0,"enemies":"Jaw Worm","floor":4.0,"turns":4.0},{"damage":19.0,"enemies":"3 Sentries","floor":8.0,"turns":10.0},{"damage":4.0,"enemies":"Hexaghost","floor":16.0,"turns":10.0},{"damage":0.0,"enemies":"Spheric Guardian","floor":18.0,"turns":1.0},{"damage":0.0,"enemies":"Chosen","floor":20.0,"turns":4.0},{"damage":24.0,"enemies":"Snake Plant","floor":24.0,"turns":6.0},{"damage":20,"enemies":"Gremlin Leader","floor":25,"turns":4}],"seed_played":"-4972978190077560468","potions_obtained":[{"floor":4.0,"key":"Block Potion"},{"floor":16.0,"key":"ColorlessPotion"}],"is_trial":false,"path_per_floor":["M","$","?","M","?","R","$","E","T","?","R","?","$","T","R","B",null,"M","$","M","?","?","R","M","E"],"character_chosen":"THE_SILENT","items_purchased":["Skewer","Well Laid Plans","Concentrate","Good Instincts"],"campfire_rested":0,"item_purchase_floors":[2,7,7,19],"current_hp_per_floor":[43,43,43,43,48,48,48,29,29,29,29,29,29,29,29,25,63,63,63,63,63,63,63,39,19,19],"gold":46,"neow_bonus":"ONE_RARE_RELIC","is_daily":false,"chose_seed":true,"campfire_upgraded":4,"win_rate":0.0,"timestamp":1607698697,"path_taken":["M","$","?","M","?","R","$","E","T","?","R","?","?","?","R","BOSS","M","$","M","?","?","R","M","E"],"items_purchased_type":["Card","Card","Card","Card"],"build_version":"2020-11-30","purchased_purges":2,"victory":false,"max_hp_per_floor":[70,70,70,70,75,75,75,75,75,75,75,75,75,75,75,75,75,75,75,75,75,75,75,75,75,75],"card_choices":[{"not_picked":["Flying Knee","Deadly Poison"],"picked":"Prepared","floor":1.0},{"not_picked":["Outmaneuver","Dodge and Roll"],"picked":"Footwork","floor":4.0},{"not_picked":["Sucker Punch","Distraction","Concentrate"],"picked":"SKIP","floor":8.0},{"not_picked":["Glass Knife","Venomology"],"picked":"After Image","floor":16.0},{"not_picked":["Cloak And Dagger","Flying Knee"],"picked":"Reflex","floor":18.0},{"not_picked":["Quick Slash","Deflect+1"],"picked":"PiercingWail","floor":20.0},{"not_picked":["Dodge and Roll","Poisoned Stab"],"picked":"Footwork","floor":24.0}],"player_experience":193203,"relics_obtained":[{"floor":8.0,"key":"Juzu Bracelet"},{"floor":9.0,"key":"Pocketwatch"},{"floor":14.0,"key":"Whetstone"}],"event_choices":[{"damage_healed":0.0,"max_hp_gain":0.0,"max_hp_loss":0.0,"gold_gain":175.0,"event_name":"Liars Game","player_choice":"AGREE","floor":3.0,"gold_loss":0.0,"damage_taken":0.0,"cards_obtained":["Doubt"]},{"damage_healed":0.0,"max_hp_gain":5.0,"max_hp_loss":0.0,"gold_gain":0.0,"event_name":"Big Fish","player_choice":"Donut","floor":5.0,"gold_loss":0.0,"damage_taken":0.0},{"cards_removed":["Strike_G"],"damage_healed":0.0,"max_hp_gain":0.0,"max_hp_loss":0.0,"gold_gain":0.0,"event_name":"Purifier","player_choice":"Purged","floor":10.0,"gold_loss":0.0,"damage_taken":0.0},{"damage_healed":0.0,"max_hp_gain":0.0,"max_hp_loss":0.0,"gold_gain":0.0,"event_name":"Match and Keep!","player_choice":"2 cards matched","floor":12.0,"gold_loss":0.0,"damage_taken":0.0,"cards_obtained":["Writhe","Neutralize"]},{"damage_healed":0.0,"max_hp_gain":0.0,"max_hp_loss":0.0,"gold_gain":0.0,"event_name":"Addict","player_choice":"Stole Relic","floor":21.0,"gold_loss":0.0,"damage_taken":0.0,"relics_obtained":["Anchor"],"cards_obtained":["Shame"]},{"damage_healed":0.0,"max_hp_gain":0.0,"max_hp_loss":0.0,"gold_gain":0.0,"event_name":"The Library","player_choice":"Read","floor":22.0,"gold_loss":0.0,"damage_taken":0.0,"cards_obtained":["Tactician"]}],"is_beta":false,"boss_relics":[{"not_picked":["Philosopher\u0027s Stone","Ring of the Serpent"],"picked":"Sozu"}],"items_purged_floors":[7,19],"is_endless":false,"potions_floor_spawned":[4,16],"killed_by":"Gremlin Leader","ascension_level":11}}