{"host":"p7j7o00jacnw7qzt","time":1607658878,"event":{"mods":["BaseMod","Colored Map","Colored Powertips","DeckTracker","Highlight Path","Minty Spire (QoL Compilation)","Relic Stats"],"gold_per_floor":[116,41,59,134,134,165,50,69,69,69,99,99,99,118,118,191,191,201,215,215,215,5,5,18,18,72,89,89,101,101,101],"floor_reached":30,"playtime":825,"items_purged":["Strike_R"],"score":526,"play_id":"f0647c2b-70e8-4a98-ab07-68c4c887ea35","local_time":"20201210225438","is_ascension_mode":true,"campfire_choices":[{"data":"Hemokinesis","floor":12.0,"key":"SMITH"},{"data":"Pommel Strike","floor":15.0,"key":"SMITH"},{"floor":23.0,"key":"REST"},{"data":"Rupture","floor":28,"key":"SMITH"}],"circlet_count":0,"master_deck":["AscendersBane","Strike_R","Defend_R","Defend_R","Defend_R","Defend_R","Bash","Pommel Strike+1","Hemokinesis+1","Shrug It Off","Immolate","Burning Pact","Feed","Blood for Blood+1","Seeing Red","Sentinel","Rupture+1","Combust"],"relics":["Burning Blood","NeowsBlessing","Magic Flower","Mercury Hourglass","White Beast Statue","Paper Frog","Black Star","Orrery","Bag of Preparation"],"acts_visited":["Exordium","TheCity"],"potions_floor_usage":[27,29],"damage_taken":[{"damage":0.0,"enemies":"Jaw Worm","floor":1.0,"turns":1.0},{"damage":0.0,"enemies":"Small Slimes","floor":3.0,"turns":1.0},{"damage":0.0,"enemies":"Lagavulin","floor":6.0,"turns":1.0},{"damage":2.0,"enemies":"2 Louse","floor":8.0,"turns":2.0},{"damage":12.0,"enemies":"Gremlin Nob","floor":11.0,"turns":3.0},{"damage":4.0,"enemies":"2 Fungi Beasts","floor":14.0,"turns":3.0},{"damage":42.0,"enemies":"The Guardian","floor":16.0,"turns":11.0},{"damage":26.0,"enemies":"2 Thieves","floor":18.0,"turns":3.0},{"damage":20.0,"enemies":"3 Byrds","floor":19.0,"turns":3.0},{"damage":2.0,"enemies":"Snecko","floor":24.0,"turns":2.0},{"damage":31,"enemies":"Snake Plant","floor":27,"turns":4},{"damage":14,"enemies":"Sentry and Sphere","floor":29,"turns":4},{"damage":49,"enemies":"Book of Stabbing","floor":30,"turns":3}],"seed_played":"1817818042652848444","potions_obtained":[{"floor":6.0,"key":"SteroidPotion"},{"floor":11.0,"key":"Dexterity Potion"},{"floor":14.0,"key":"SteroidPotion"},{"floor":16.0,"key":"Ancient Potion"},{"floor":19.0,"key":"EntropicBrew"},{"floor":24.0,"key":"Weak Potion"},{"floor":27,"key":"Dexterity Potion"},{"floor":29,"key":"ElixirPotion"}],"is_trial":false,"path_per_floor":["M","?","M","?","?","E","$","M","T","?","E","R","$","M","R","B",null,"M","M","?","?","$","R","M","?","T","M","R","M","E"],"character_chosen":"IRONCLAD","items_purchased":["Hemokinesis","Orrery","Burning Pact"],"campfire_rested":1,"item_purchase_floors":[7,22,22],"current_hp_per_floor":[74,74,75,64,64,70,70,75,75,70,67,67,67,72,72,39,66,49,38,17,17,17,41,53,53,53,31,31,31,0,0],"gold":101,"neow_bonus":"THREE_ENEMY_KILL","is_daily":false,"chose_seed":false,"campfire_upgraded":3,"win_rate":0.0,"timestamp":1607658878,"path_taken":["M","?","M","?","?","E","$","M","T","?","E","R","?","?","R","BOSS","M","?","?","?","?","R","?","?","T","M","R","?","E"],"items_purchased_type":["Card","Relic","Card"],"build_version":"2020-11-30","purchased_purges":1,"victory":false,"max_hp_per_floor":[75,75,75,75,75,75,75,75,75,75,75,75,75,75,75,75,75,75,75,80,80,80,80,83,83,83,83,83,86,86,86],"relic_stats":{"counters":[13,41],"Magic Flower":[29],"Black Star":0,"Bag of Preparation":[6],"obtain_stats":[{"NeowsBlessing":0,"Magic Flower":6,"Orrery":22,"Black Star":17,"Bag of Preparation":26,"Burning Blood":0,"White Beast Statue":10,"Mercury Hourglass":9,"Paper Frog":11},{"NeowsBlessing":0,"Magic Flower":3,"Orrery":9,"Black Star":7,"Bag of Preparation":10,"Burning Blood":0,"White Beast Statue":4,"Mercury Hourglass":4,"Paper Frog":5},{"NeowsBlessing":0,"Magic Flower":3,"Orrery":28,"Black Star":22,"Bag of Preparation":30,"Burning Blood":0,"White Beast Statue":5,"Mercury Hourglass":5,"Paper Frog":8}],"Burning Blood":92,"Mercury Hourglass":[120]},"card_choices":[{"not_picked":["Clash","Sever Soul"],"picked":"Pommel Strike","floor":1.0},{"not_picked":["Headbutt","Twin Strike","Cleave"],"picked":"SKIP","floor":3.0},{"not_picked":["Ghostly Armor","Havoc","Uppercut"],"picked":"SKIP","floor":6.0},{"not_picked":["Metallicize","Berserk"],"picked":"Shrug It Off","floor":8.0},{"not_picked":["Headbutt","Rage","Wild Strike"],"picked":"SKIP","floor":11.0},{"not_picked":["Reckless Charge","Infernal Blade","Fire Breathing"],"picked":"SKIP","floor":14.0},{"not_picked":["Feed","Fiend Fire"],"picked":"Immolate","floor":16.0},{"not_picked":["Shrug It Off","Headbutt","Anger"],"picked":"SKIP","floor":18.0},{"not_picked":["Uppercut","Cleave","Twin Strike"],"picked":"SKIP","floor":19.0},{"not_picked":["Metallicize","Clash"],"picked":"Feed","floor":22.0},{"not_picked":["Clash","True Grit"],"picked":"Blood for Blood+1","floor":22.0},{"not_picked":["Metallicize","Uppercut"],"picked":"Seeing Red","floor":22.0},{"not_picked":["Warcry","Blood for Blood"],"picked":"Sentinel","floor":22.0},{"not_picked":["Second Wind","Armaments"],"picked":"Rupture","floor":24.0},{"not_picked":["Carnage","Body Slam","Headbutt+1"],"picked":"SKIP","floor":27},{"not_picked":["Anger","Reckless Charge"],"picked":"Combust","floor":29}],"player_experience":759401,"relics_obtained":[{"floor":6.0,"key":"Magic Flower"},{"floor":9.0,"key":"Mercury Hourglass"},{"floor":11.0,"key":"Paper Frog"},{"floor":26.0,"key":"Bag of Preparation"}],"event_choices":[{"cards_removed":["Strike_R"],"damage_healed":0.0,"max_hp_gain":0.0,"max_hp_loss":0.0,"gold_gain":0.0,"event_name":"The Cleric","player_choice":"Card Removal","floor":2.0,"gold_loss":75.0,"damage_taken":0.0},{"damage_healed":0.0,"max_hp_gain":0.0,"max_hp_loss":0.0,"gold_gain":75.0,"event_name":"World of Goop","player_choice":"Gather Gold","floor":4.0,"gold_loss":0.0,"damage_taken":11.0},{"cards_removed":["Strike_R"],"damage_healed":0.0,"max_hp_gain":0.0,"max_hp_loss":0.0,"gold_gain":0.0,"event_name":"Living Wall","player_choice":"Forget","floor":5.0,"gold_loss":0.0,"damage_taken":0.0},{"damage_healed":0.0,"max_hp_gain":0.0,"max_hp_loss":0.0,"gold_gain":0.0,"event_name":"Scrap Ooze","player_choice":"Success","floor":10.0,"gold_loss":0.0,"damage_taken":5.0,"relics_obtained":["White Beast Statue"]},{"damage_healed":0.0,"max_hp_gain":5.0,"max_hp_loss":0.0,"gold_gain":0.0,"event_name":"Forgotten Altar","player_choice":"Shed Blood","floor":20.0,"gold_loss":0.0,"damage_taken":26.0},{"damage_healed":0.0,"max_hp_gain":0.0,"max_hp_loss":0.0,"gold_gain":0.0,"event_name":"Cursed Tome","player_choice":"Ignored","floor":21.0,"gold_loss":0.0,"damage_taken":0.0},{"cards_removed":["Strike_R"],"damage_healed":0.0,"max_hp_gain":0.0,"max_hp_loss":0.0,"gold_gain":0.0,"event_name":"Purifier","player_choice":"Purged","floor":25.0,"gold_loss":0.0,"damage_taken":0.0}],"is_beta":false,"boss_relics":[{"not_picked":["Empty Cage","SacredBark"],"picked":"Black Star"}],"items_purged_floors":[7],"is_endless":false,"potions_floor_spawned":[6,11,14,16,18,19,24,27,29],"killed_by":"Book of Stabbing","ascension_level":20}}