{"host":"ar7ngit67p83lwvr","time":1607729869,"event":{"mods":["BaseMod","Hermit","Koishi","Minty Spire (QoL Compilation)","StSLib","The Cursed","The Disciple","The Runesmith","The Servant 0.9.4"],"gold_per_floor":[114,114,129,304,304,304,323,323,323,323,323,361,62,62,62,187,187,206,206,296,46,84,122,122,141,166,87,125,125,163,201,201,326,326,345,345,345,98,136,174,212,231,231,269,332,332,17,55,55,55],"floor_reached":51,"playtime":5608,"items_purged":["Doubt","Injury","Defend_G","Defend_G"],"score":1054,"play_id":"f63ed614-962e-47fe-b4d1-3c0e010c2164","local_time":"20201211153749","daily_mods":["Heirloom","Flight","DeadlyEvents"],"is_ascension_mode":false,"campfire_choices":[{"data":"Prepared","floor":6.0,"key":"SMITH"},{"data":"Terror","floor":8.0,"key":"SMITH"},{"data":"Neutralize","floor":10.0,"key":"SMITH"},{"data":"Underhanded Strike","floor":11.0,"key":"SMITH"},{"data":"Calculated Gamble","floor":15.0,"key":"SMITH"},{"floor":29,"key":"REST"},{"floor":32,"key":"REST"},{"data":"Apotheosis","floor":46,"key":"SMITH"},{"data":"After Image","floor":49,"key":"SMITH"}],"circlet_count":0,"master_deck":["Strike_G","Strike_G","Strike_G","Strike_G","Strike_G","Defend_G","Defend_G","Defend_G","Survivor","Neutralize+1","Prepared+1","Underhanded Strike+1","Terror+1","Calculated Gamble+1","Caltrops","Envenom","Prepared+1","Blade Dance","Footwork","Blade Dance","Blade Dance","After Image+1","Apotheosis+1","Accuracy","Adrenaline","Cloak And Dagger+1","Finisher+1","Choke","Outmaneuver+1","Calculated Gamble"],"relics":["Ring of the Snake","Tough Bandages","White Beast Statue","Golden Idol","Gremlin Horn","Potion Belt","Medical Kit","Bottled Flame","Sozu","MutagenicStrength","Centennial Puzzle","Runesmith:AutoHammer","Orichalcum","Letter Opener","Pen Nib","Ornamental Fan","Unceasing Top","The Specimen","HoveringKite","The Courier","Bag of Preparation","Ancient Tea Set","Smiling Mask","Turnip","MealTicket","TungstenRod","Kunai","Blood Vial"],"acts_visited":["Exordium","TheCity","TheBeyond"],"potions_floor_usage":[23,23,31],"damage_taken":[{"damage":3.0,"enemies":"2 Louse","floor":1.0,"turns":2.0},{"damage":4.0,"enemies":"Small Slimes","floor":3.0,"turns":5.0},{"damage":0.0,"enemies":"Jaw Worm","floor":7.0,"turns":5.0},{"damage":9.0,"enemies":"Lagavulin","floor":12.0,"turns":5.0},{"damage":36.0,"enemies":"The Guardian","floor":16.0,"turns":12.0},{"damage":19,"enemies":"3 Byrds","floor":18,"turns":6},{"damage":3,"enemies":"Book of Stabbing","floor":22,"turns":5},{"damage":10,"enemies":"Gremlin Leader","floor":23,"turns":10},{"damage":1,"enemies":"Chosen","floor":25,"turns":2},{"damage":14,"enemies":"Book of Stabbing","floor":28,"turns":4},{"damage":0,"enemies":"Gremlin Leader","floor":30,"turns":6},{"damage":21,"enemies":"Slavers","floor":31,"turns":4},{"damage":19,"enemies":"Automaton","floor":33,"turns":10},{"damage":0,"enemies":"Orb Walker","floor":35,"turns":2},{"damage":0,"enemies":"Giant Head","floor":39,"turns":5},{"damage":9,"enemies":"Nemesis","floor":40,"turns":5},{"damage":0,"enemies":"Giant Head","floor":41,"turns":5},{"damage":0,"enemies":"3 Darklings","floor":42,"turns":2},{"damage":8,"enemies":"Nemesis","floor":44,"turns":5},{"damage":5,"enemies":"Mind Bloom Boss Battle","floor":45,"turns":4},{"damage":0,"enemies":"Reptomancer","floor":48,"turns":2},{"damage":22,"enemies":"Awakened One","floor":50,"turns":7}],"seed_played":"-551933171069321123","potions_obtained":[{"floor":3.0,"key":"GhostInAJar"},{"floor":7.0,"key":"Regen Potion"},{"floor":12.0,"key":"Fruit Juice"},{"floor":16.0,"key":"Energy Potion"}],"is_trial":false,"path_per_floor":["M","?","M","?","?","R","M","R","T","R","R","E","$","T","R","B",null,"M","?","?","$","E","E","T","M","T","$","E","R","E","E","R","B",null,"M","?","T","$","E","E","E","M","T","E","?","R","$","E","R","B",null],"character_chosen":"THE_SILENT","items_purchased":["Medical Kit","Caltrops","Centennial Puzzle","Footwork","Accuracy","Adrenaline","Kunai","Calculated Gamble"],"campfire_rested":2,"item_purchase_floors":[13,13,21,27,38,38,47,47],"current_hp_per_floor":[67,64,60,60,60,60,60,60,60,60,60,56,56,56,56,20,75,56,56,44,44,41,46,46,45,45,45,31,53,53,32,54,35,75,75,75,75,75,75,66,66,66,66,58,53,53,68,68,68,48],"gold":55,"neow_bonus":"","is_daily":true,"chose_seed":false,"campfire_upgraded":7,"win_rate":0.0,"timestamp":1607729869,"path_taken":["M","?","M","?","?","R","?","R","T","R","R","?","?","?","R","BOSS","M","?","?","$","?","E","?","?","T","?","?","R","E","E","R","BOSS","M","?","?","$","?","E","E","?","T","E","?","R","?","?","R","BOSS"],"items_purchased_type":["Relic","Card","Relic","Card","Card","Card","Relic","Card"],"build_version":"2020-11-30","purchased_purges":4,"victory":true,"max_hp_per_floor":[70,70,70,70,70,70,70,70,70,70,70,75,75,75,75,75,75,75,75,75,75,75,75,75,75,75,75,75,75,75,75,75,75,75,75,75,75,75,75,75,75,75,75,75,75,75,75,75,75,75],"card_choices":[{"not_picked":["PiercingWail","Dagger Throw"],"picked":"Prepared","floor":1.0},{"not_picked":["Dodge and Roll","Backstab"],"picked":"Underhanded Strike","floor":3.0},{"not_picked":["Distraction","Caltrops"],"picked":"Terror","floor":7.0},{"not_picked":["Outmaneuver","Accuracy"],"picked":"Calculated Gamble","floor":12.0},{"not_picked":["Night Terror","Doppelganger"],"picked":"Envenom","floor":16.0},{"not_picked":["Sucker Punch","PiercingWail+1"],"picked":"Prepared+1","floor":18},{"not_picked":["Dagger Spray","Heel Hook","Bane"],"picked":"SKIP","floor":22},{"not_picked":["Doppelganger","Dodge and Roll"],"picked":"Blade Dance","floor":23},{"not_picked":["Backstab","Sucker Punch","Quick Slash"],"picked":"SKIP","floor":25},{"not_picked":["Slice+1","Infinite Blades"],"picked":"Blade Dance","floor":28},{"not_picked":["Bane","Dagger Spray"],"picked":"Blade Dance","floor":30},{"not_picked":["Predator","Crippling Poison","Dagger Throw"],"picked":"SKIP","floor":31},{"not_picked":["Burst","Phantasmal Killer"],"picked":"After Image","floor":33},{"not_picked":["Backflip+1","Slice","Flying Knee"],"picked":"SKIP","floor":35},{"not_picked":["Swift Strike","Sadistic Nature"],"picked":"Apotheosis","floor":36},{"not_picked":["Burst","Escape Plan+1"],"picked":"Cloak And Dagger+1","floor":39},{"not_picked":["Dash+1","Poisoned Stab+1","All Out Attack"],"picked":"SKIP","floor":40},{"not_picked":["Catalyst+1","Dodge and Roll+1"],"picked":"Finisher+1","floor":41},{"not_picked":["Deflect","Slice"],"picked":"Choke","floor":42},{"not_picked":["Flechettes+1","Dash+1"],"picked":"Outmaneuver+1","floor":44},{"not_picked":["Distraction","Escape Plan","Flying Knee+1"],"picked":"SKIP","floor":48}],"player_experience":144121,"relics_obtained":[{"floor":9.0,"key":"Gremlin Horn"},{"floor":12.0,"key":"Potion Belt"},{"floor":14.0,"key":"Bottled Flame"},{"floor":22,"key":"Runesmith:AutoHammer"},{"floor":23,"key":"Orichalcum"},{"floor":24,"key":"Letter Opener"},{"floor":26,"key":"Pen Nib"},{"floor":28,"key":"Ornamental Fan"},{"floor":30,"key":"Unceasing Top"},{"floor":31,"key":"The Specimen"},{"floor":37,"key":"The Courier"},{"floor":39,"key":"Bag of Preparation"},{"floor":40,"key":"Ancient Tea Set"},{"floor":41,"key":"Smiling Mask"},{"floor":43,"key":"Turnip"},{"floor":44,"key":"MealTicket"},{"floor":45,"key":"TungstenRod"},{"floor":48,"key":"Blood Vial"}],"event_choices":[{"damage_healed":0.0,"max_hp_gain":0.0,"max_hp_loss":0.0,"gold_gain":0.0,"event_name":"Scrap Ooze","player_choice":"Success","floor":2.0,"gold_loss":0.0,"damage_taken":3.0,"relics_obtained":["White Beast Statue"]},{"damage_healed":0.0,"max_hp_gain":0.0,"max_hp_loss":0.0,"gold_gain":175.0,"event_name":"Liars Game","player_choice":"AGREE","floor":4.0,"gold_loss":0.0,"damage_taken":0.0,"cards_obtained":["Doubt"]},{"damage_healed":0.0,"max_hp_gain":0.0,"max_hp_loss":0.0,"gold_gain":0.0,"event_name":"Golden Idol","player_choice":"Take Wound","floor":5.0,"gold_loss":0.0,"damage_taken":0.0,"relics_obtained":["Golden Idol"],"cards_obtained":["Injury"]},{"damage_healed":0,"gold_gain":0,"player_choice":"Inject Mutagens","damage_taken":0,"relics_obtained":["MutagenicStrength"],"max_hp_gain":0,"max_hp_loss":0,"event_name":"Drug Dealer","floor":19,"gold_loss":0},{"damage_healed":0,"gold_gain":90,"player_choice":"GOLD ","damage_taken":12,"max_hp_gain":0,"max_hp_loss":0,"event_name":"Knowing Skull","floor":20,"potions_obtained":[],"gold_loss":0,"cards_obtained":[]},{"damage_healed":0,"gold_gain":0,"player_choice":"Memory 1","damage_taken":0,"max_hp_gain":0,"max_hp_loss":0,"event_name":"SensoryStone","floor":36,"gold_loss":0},{"damage_healed":0,"gold_gain":0,"player_choice":"Fight","damage_taken":0,"max_hp_gain":0,"max_hp_loss":0,"event_name":"MindBloom","floor":45,"gold_loss":0}],"is_beta":false,"boss_relics":[{"not_picked":["Fusion Hammer","Busted Crown"],"picked":"Sozu"},{"not_picked":["Snecko Eye","Tiny House"],"picked":"HoveringKite"}],"items_purged_floors":[13,21,38,47],"is_endless":false,"potions_floor_spawned":[3,7,12,16,18,22,23,25,28,30,31,33,35,39,40,41,42,44,45,48],"ascension_level":0}}