{"host":"sum4dy402bbv9y4o","time":1607727814,"event":{"mods":["Aspiration","BaseMod","Conspire","Highlight Path","Minty Spire (QoL Compilation)","StSLib"],"gold_per_floor":[118,118,6,46,11,11,36,36,60,60,71,84,102,52,52,129,129,144,144,158,170,170,203,203,203],"floor_reached":24,"playtime":745,"items_purged":[],"score":428,"play_id":"5174c9ac-1d70-423a-9bd4-ee8ea7ae395e","local_time":"20201212020334","is_ascension_mode":true,"campfire_choices":[{"floor":6,"key":"REST"},{"floor":8,"key":"REST"},{"floor":10,"key":"REST"},{"data":"Dagger Throw","floor":15,"key":"SMITH"}],"circlet_count":0,"master_deck":["AscendersBane","Strike_G","Strike_G","Strike_G","Strike_G","Strike_G","Defend_G","Defend_G","Defend_G","Defend_G","Defend_G","Survivor","Neutralize","Slice","Sucker Punch","Quick Slash","Dagger Throw+1","Sucker Punch","Dagger Spray","Flying Knee","Dagger Throw","Dagger Spray","Venomology+1","Deflect+1","Slice","Masterful Stab","Shame","Deflect"],"relics":["Ring of the Snake","aspiration:Nostalgia","PureWater","Darkstone Periapt","Gremlin Horn","aspiration:Lifesprig","Centennial Puzzle","SlaversCollar","Turnip"],"acts_visited":["Exordium","TheCity"],"potions_floor_usage":[16,18,18,21,23,23,24],"damage_taken":[{"damage":4,"enemies":"Small Slimes","floor":1,"turns":5},{"damage":19,"enemies":"conspire:MimicChest","floor":4,"turns":7},{"damage":42,"enemies":"Gremlin Nob","floor":7,"turns":5},{"damage":0,"enemies":"2 Louse","floor":11,"turns":2},{"damage":1,"enemies":"Jaw Worm","floor":12,"turns":2},{"damage":8,"enemies":"Gremlin Gang","floor":13,"turns":2},{"damage":12,"enemies":"Slime Boss","floor":16,"turns":7},{"damage":1,"enemies":"Spheric Guardian","floor":18,"turns":3},{"damage":23,"enemies":"Shell Parasite","floor":20,"turns":5},{"damage":10,"enemies":"Centurion and Healer","floor":21,"turns":5},{"damage":4,"enemies":"Slavers","floor":23,"turns":3},{"damage":23,"enemies":"3 Cultists","floor":24,"turns":4}],"seed_played":"-484104972922875832","potions_obtained":[{"floor":4,"key":"Energy Potion"},{"floor":13,"key":"DuplicationPotion"},{"floor":21,"key":"SkillPotion"}],"is_trial":false,"path_per_floor":["M","?","$","?","?","R","E","R","T","R","M","M","M","$","R","B",null,"M","?","M","M","?","E","M"],"character_chosen":"THE_SILENT","items_purchased":["Sucker Punch","Quick Slash","Dagger Spray"],"campfire_rested":3,"item_purchase_floors":[3,3,14],"current_hp_per_floor":[55,29,29,10,26,45,3,22,22,41,41,40,32,32,32,20,55,54,54,31,21,27,23,0,0],"gold":203,"neow_bonus":"NOSTALGIA","is_daily":false,"chose_seed":false,"campfire_upgraded":1,"win_rate":0.0,"timestamp":1607727814,"path_taken":["M","?","$","?","?","R","E","R","T","R","M","M","M","$","R","BOSS","M","?","?","M","?","E","M"],"items_purchased_type":["Card","Card","Card"],"build_version":"2020-11-30","purchased_purges":0,"victory":false,"max_hp_per_floor":[66,66,66,66,66,66,66,66,66,66,66,66,66,66,66,66,66,66,66,66,66,72,72,72,72],"card_choices":[{"not_picked":["Dodge and Roll","Blade Dance"],"picked":"Slice","floor":1},{"not_picked":["Deadly Poison","Grand Finale"],"picked":"Dagger Throw","floor":4},{"not_picked":["Cloak And Dagger","Prepared"],"picked":"Sucker Punch","floor":7},{"not_picked":["Masterful Stab","Underhanded Strike"],"picked":"Dagger Spray","floor":11},{"not_picked":["Dodge and Roll","Deadly Poison"],"picked":"Flying Knee","floor":12},{"not_picked":["Underhanded Strike","Noxious Fumes"],"picked":"Dagger Throw","floor":13},{"not_picked":["Bullet Time","Adrenaline"],"picked":"Venomology","floor":16},{"not_picked":["Bouncing Flask","Concentrate"],"picked":"Deflect+1","floor":18},{"not_picked":["conspire:DoublingDagger","Prepared"],"picked":"Slice","floor":20},{"not_picked":["Dagger Throw","Underhanded Strike"],"picked":"Masterful Stab","floor":21},{"not_picked":["Cloak And Dagger","Concentrate"],"picked":"Deflect","floor":23}],"player_experience":2780219,"relics_obtained":[{"floor":4,"key":"Gremlin Horn"},{"floor":7,"key":"aspiration:Lifesprig"},{"floor":9,"key":"Centennial Puzzle"},{"floor":23,"key":"Turnip"}],"event_choices":[{"damage_healed":0,"gold_gain":0,"player_choice":"Success","damage_taken":26,"relics_obtained":["Darkstone Periapt"],"max_hp_gain":0,"max_hp_loss":0,"event_name":"Scrap Ooze","floor":2,"gold_loss":0},{"damage_healed":16,"gold_gain":0,"player_choice":"Healed","damage_taken":0,"max_hp_gain":0,"max_hp_loss":0,"event_name":"The Cleric","floor":5,"gold_loss":35},{"damage_healed":0,"gold_gain":0,"player_choice":"Upgraded","damage_taken":0,"max_hp_gain":0,"max_hp_loss":0,"event_name":"Upgrade Shrine","floor":19,"gold_loss":0,"cards_upgraded":["Venomology"]}],"is_beta":false,"boss_relics":[{"not_picked":["conspire:RunicOctahedron","aspiration:RandomNobGenerator"],"picked":"SlaversCollar"}],"items_purged_floors":[],"is_endless":false,"potions_floor_spawned":[4,13,21],"killed_by":"3 Cultists","ascension_level":20}}