{"host":"cmxkjr0hek4mqvmn","time":1607653549,"event":{"mods":["BaseMod","Beaked The Cultist","Better Match","Better Skull","Better Third Choice","BetterRewards","Clawfect","Colored Map","Displayed Cursed Tome","Duelist Mod","GifTheSpireLib","Hermit","Hubris","JesterMod","Mimic Mod","Minty Spire (QoL Compilation)","Quick Restart","Robot Space Explorer","StSLib","The Bladedancer","The Blue Laboratory","The Cursed","Thieving Mod","Waifu the Spire"],"gold_per_floor":[112,124,134,134,150,150,150,163,189,39,39,87,121,131,131,229,229,249,249,31,31,43,43,78,89,139,172,172,172,182,216,216,316,316,330,200,217,0,16,16,16,65,65,65,65],"floor_reached":44,"playtime":4287,"items_purged":[],"score":541,"play_id":"07c02b0b-19e8-483a-a71f-22a41b1e9db6","local_time":"20201210212549","is_ascension_mode":false,"campfire_choices":[{"data":"Skim","floor":6.0,"key":"SMITH"},{"data":"Clawfect:Clawter","floor":15.0,"key":"SMITH"},{"floor":23,"key":"REST"},{"floor":29,"key":"REST"},{"floor":32,"key":"REST"},{"floor":40,"key":"REST"}],"circlet_count":0,"master_deck":["Gash","Gash","Gash","Gash","Gash","Clawfect:Clawrage","Clawfect:ClawSnap","Skim+1","Conserve Battery","Blizzard","Clawfect:Clawter+1","Electrodynamics","Madness","Storm","Rainbow","Hologram","Leap","Rebound","Clawfect:Clawter","Rebound","Trip","Clawfect:ClawingBeam","Loop","Reinforced Body","Genetic Algorithm","FTL","Echo Form","Machine Learning","Clawfect:ClawCell+1","Sunder","Leap","Clawfect:ClawSnap+1","Storm+1","Sunder+1"],"relics":["Clawfect:DRClaw","hubris:Icosahedron","PreservedInsect","Sling","Regal Pillow","Ice Cream","Pandora\u0027s Box","hubris:Potato","DataDisk","Blue Candle","Symbiotic Virus","Nuclear Battery","Red Mask","hubris:AstralHammer","hubris:Spice"],"acts_visited":["Exordium","TheCity","TheBeyond"],"potions_floor_usage":[25,25,27,27,30,33,33,33],"damage_taken":[{"damage":4.0,"enemies":"2 Louse","floor":1.0,"turns":4.0},{"damage":0.0,"enemies":"Cultist","floor":2.0,"turns":4.0},{"damage":1.0,"enemies":"Jaw Worm","floor":3.0,"turns":4.0},{"damage":3.0,"enemies":"Exordium Thugs","floor":5.0,"turns":4.0},{"damage":0.0,"enemies":"Looter","floor":8.0,"turns":3.0},{"damage":0.0,"enemies":"Gremlin Nob","floor":13.0,"turns":3.0},{"damage":2.0,"enemies":"Blue Slaver","floor":14.0,"turns":4.0},{"damage":28.0,"enemies":"Hexaghost","floor":16.0,"turns":6.0},{"damage":0,"enemies":"Spheric Guardian","floor":18,"turns":2},{"damage":18,"enemies":"3 Byrds","floor":22,"turns":4},{"damage":7,"enemies":"theDuelist:KaibaA2","floor":24,"turns":3},{"damage":41,"enemies":"Snecko","floor":25,"turns":6},{"damage":41,"enemies":"Slavers","floor":27,"turns":5},{"damage":13,"enemies":"Centurion and Healer","floor":30,"turns":5},{"damage":11,"enemies":"theDuelist:KaibaA2","floor":31,"turns":5},{"damage":10,"enemies":"Automaton","floor":33,"turns":5},{"damage":33,"enemies":"3 Darklings","floor":35,"turns":4},{"damage":16,"enemies":"Orb Walker","floor":37,"turns":4},{"damage":5,"enemies":"Sphere and 2 Shapes","floor":39,"turns":3},{"damage":15,"enemies":"2 Orb Walkers","floor":42,"turns":4},{"damage":27,"enemies":"Jaw Worm Horde","floor":44,"turns":2}],"seed_played":"1375242184824265053","potions_obtained":[{"floor":1.0,"key":"EssenceOfSteel"},{"floor":3.0,"key":"SteroidPotion"},{"floor":5.0,"key":"blueLaboratory:FruitPreserves"},{"floor":25,"key":"blueLaboratory:ArtificerPotion"},{"floor":27,"key":"blueLaboratory:HorrorPotion"},{"floor":28,"key":"Block Potion"},{"floor":28,"key":"blueLaboratory:BottleOfRum"},{"floor":30,"key":"Strength Potion"},{"floor":35,"key":"blueLaboratory:EnragingPotion"},{"floor":39,"key":"blueLaboratory:Moonshine"}],"is_trial":false,"path_per_floor":["M","M","M","?","M","R","?","M","T","$","$","T","E","M","R","B",null,"M","?","$","?","M","R","E","M","T","E","?","R","M","E","R","B",null,"M","$","M","?","M","R","?","?","T","M"],"character_chosen":"DEFECT","items_purchased":["Sling","Clawfect:Clawter","BlessingOfTheForge","Rebound","Trip","Sunder","Leap"],"campfire_rested":4,"item_purchase_floors":[10,20,20,20,20,36,36],"current_hp_per_floor":[78,78,77,77,74,74,79,79,79,79,79,79,79,77,77,49,82,82,66,66,66,48,87,80,39,39,31,31,72,59,48,87,77,87,54,54,38,38,33,74,74,59,67,40,40],"gold":65,"neow_bonus":"TEN_PERCENT_HP_BONUS","is_daily":false,"chose_seed":false,"campfire_upgraded":2,"win_rate":0.0,"timestamp":1607653549,"path_taken":["M","M","M","?","M","R","?","?","T","?","$","?","E","M","R","BOSS","M","?","$","?","M","R","E","M","T","E","?","R","M","E","R","BOSS","M","$","M","?","M","R","?","?","T","M"],"items_purchased_type":["Relic","Card","Potion","Card","Card","Card","Card"],"build_version":"2020-11-30","purchased_purges":0,"victory":false,"max_hp_per_floor":[82,82,82,82,82,82,82,82,82,82,82,82,82,82,82,82,82,82,87,87,87,87,87,87,87,87,87,87,87,87,87,87,87,87,87,87,87,87,87,87,83,83,91,91,91],"card_choices":[{"not_picked":["Skim","Darkness"],"picked":"Clawfect:Clawrage","floor":1.0},{"not_picked":["Force Field","Clawfect:ClawForTheEyes"],"picked":"Clawfect:ClawSnap","floor":2.0},{"not_picked":["Consume","Aggregate"],"picked":"Skim","floor":3.0},{"not_picked":["Stack","Coolheaded"],"picked":"Gash","floor":5.0},{"not_picked":["Steam Power","Clawfect:ScrapingClaw"],"picked":"Conserve Battery","floor":8.0},{"not_picked":["Darkness","Conserve Battery"],"picked":"Blizzard","floor":13.0},{"not_picked":["Turbo","Hologram"],"picked":"Clawfect:Clawter","floor":14.0},{"not_picked":["Thunder Strike","Multi-Cast"],"picked":"Electrodynamics","floor":16.0},{"not_picked":["Heatsinks","Turbo"],"picked":"Rebound","floor":18},{"not_picked":["Hologram+1","Lockon"],"picked":"Clawfect:ClawingBeam","floor":22},{"not_picked":["Aggregate","Undo"],"picked":"Loop","floor":24},{"not_picked":["Stack","Clawfect:ScrapingClaw"],"picked":"Reinforced Body","floor":25},{"not_picked":["Turbo+1","Skim"],"picked":"Genetic Algorithm","floor":27},{"not_picked":["Clawfect:Clawrage","Redo"],"picked":"FTL","floor":30},{"not_picked":["Double Energy+1","Skim"],"picked":"Echo Form","floor":31},{"not_picked":["hubris:SpecializedCircuitry","Creative AI"],"picked":"Machine Learning","floor":33},{"not_picked":["White Noise","Hologram+1"],"picked":"Clawfect:ClawCell+1","floor":35},{"not_picked":["Reprogram","Glacier+1"],"picked":"Clawfect:ClawSnap+1","floor":37},{"not_picked":["Clawfect:ClawpileDriver","Hologram+1"],"picked":"Storm+1","floor":39},{"not_picked":["Steam+1","Aggregate+1"],"picked":"Sunder+1","floor":42}],"player_experience":496582,"relics_obtained":[{"floor":9.0,"key":"PreservedInsect"},{"floor":12.0,"key":"Regal Pillow"},{"floor":13.0,"key":"Ice Cream"},{"floor":24,"key":"hubris:Potato"},{"floor":26,"key":"DataDisk"},{"floor":27,"key":"Blue Candle"},{"floor":31,"key":"Symbiotic Virus"},{"floor":42,"key":"hubris:AstralHammer"},{"floor":43,"key":"hubris:Spice"}],"event_choices":[{"cards_removed":["Gash"],"damage_healed":5.0,"max_hp_gain":0.0,"max_hp_loss":0.0,"gold_gain":0.0,"event_name":"Bonfire Elementals","player_choice":"Offered Common","floor":7.0,"gold_loss":0.0,"damage_taken":0.0},{"cards_removed":["Gash"],"damage_healed":5.0,"max_hp_gain":0.0,"max_hp_loss":0.0,"gold_gain":0.0,"event_name":"Bonfire Elementals","player_choice":"Offered Special","floor":7.0,"gold_loss":0.0,"damage_taken":0.0},{"damage_healed":0,"gold_gain":0,"player_choice":"Shed Blood","damage_taken":21,"max_hp_gain":5,"max_hp_loss":0,"event_name":"Forgotten Altar","floor":19,"gold_loss":0},{"damage_healed":0,"gold_gain":0,"player_choice":"Adaptability","damage_taken":0,"max_hp_gain":0,"max_hp_loss":0,"event_name":"betterThird:BetterWriting","floor":21,"gold_loss":0},{"damage_healed":0,"gold_gain":0,"player_choice":"Got Potions","damage_taken":0,"max_hp_gain":0,"max_hp_loss":0,"event_name":"Lab","floor":28,"gold_loss":0},{"damage_healed":0,"gold_gain":0,"player_choice":"Paid","damage_taken":0,"relics_obtained":["Red Mask"],"max_hp_gain":0,"max_hp_loss":0,"event_name":"Tomb of Lord Red Mask","floor":38,"gold_loss":217},{"damage_healed":0,"gold_gain":0,"player_choice":"Max HP","damage_taken":0,"max_hp_gain":0,"max_hp_loss":4,"event_name":"Winding Halls","floor":41,"gold_loss":0},{"damage_healed":0,"gold_gain":0,"player_choice":"Fight","damage_taken":0,"max_hp_gain":0,"max_hp_loss":0,"event_name":"Mysterious Sphere","floor":42,"gold_loss":0}],"is_beta":false,"boss_relics":[{"not_picked":["Snecko Eye","Astrolabe"],"picked":"Pandora\u0027s Box"},{"not_picked":["Tiny House","Philosopher\u0027s Stone"],"picked":"Nuclear Battery"}],"items_purged_floors":[],"is_endless":false,"potions_floor_spawned":[1,3,5,8,25,27,30,35,39],"killed_by":"Jaw Worm Horde","ascension_level":0}}