{"host":"p7j7o00jacnw7qzt","time":1607671204,"event":{"mods":["BaseMod","Colored Map","Colored Powertips","DeckTracker","Highlight Path","Minty Spire (QoL Compilation)","Relic Stats"],"gold_per_floor":[115,115,134,154,154,184,184,197,197,224,224,242,269,194,194,270,270,290,290,290,309,309,309,234,234,234,245,245,245,265,265,265,342,342,353,105,125,425,425,453,453,480,480,480,500,513,537,564,564,564,564,564,564,16,45,45],"floor_reached":57,"playtime":2537,"items_purged":["Bash","Carnage"],"score":3242,"play_id":"84fec50a-c5d7-47c6-b3b6-8c9282c0bd7e","local_time":"20201211022004","is_ascension_mode":true,"campfire_choices":[{"floor":7.0,"key":"DIG"},{"data":"Limit Break","floor":15.0,"key":"SMITH"},{"data":"Sword Boomerang","floor":23.0,"key":"SMITH"},{"floor":25.0,"key":"DIG"},{"data":"Burning Pact","floor":28.0,"key":"SMITH"},{"data":"Inflame","floor":32.0,"key":"SMITH"},{"floor":44.0,"key":"RECALL"},{"data":"Feel No Pain","floor":49,"key":"SMITH"},{"floor":53,"key":"DIG"}],"circlet_count":0,"master_deck":["AscendersBane","Defend_R","Defend_R","Defend_R","Defend_R","Second Wind","Limit Break+1","Sword Boomerang+1","Inflame+1","Offering","Shrug It Off","Burning Pact+1","Offering","CurseOfTheBell","Bloodletting+1","Feel No Pain+1","Evolve"],"relics":["Burning Blood","NeowsBlessing","Shovel","Question Card","Singing Bowl","Bronze Scales","Coffee Dripper","MutagenicStrength","Orichalcum","Blood Vial","Juzu Bracelet","Calling Bell","Anchor","InkBottle","Ice Cream","Bag of Marbles","Art of War","Akabeko","Pear","MealTicket","Omamori","Mummified Hand","Lantern","Bottled Lightning","Toy Ornithopter"],"acts_visited":["Exordium","TheCity","TheBeyond","TheEnding"],"potions_floor_usage":[56,56],"damage_taken":[{"damage":0.0,"enemies":"Small Slimes","floor":1.0,"turns":1.0},{"damage":0.0,"enemies":"Cultist","floor":3.0,"turns":1.0},{"damage":0.0,"enemies":"Jaw Worm","floor":4.0,"turns":1.0},{"damage":32.0,"enemies":"Gremlin Nob","floor":6.0,"turns":4.0},{"damage":31.0,"enemies":"Gremlin Gang","floor":8.0,"turns":6.0},{"damage":30.0,"enemies":"Lagavulin","floor":10.0,"turns":6.0},{"damage":7.0,"enemies":"3 Louse","floor":12.0,"turns":3.0},{"damage":6.0,"enemies":"Hexaghost","floor":16.0,"turns":7.0},{"damage":20.0,"enemies":"Spheric Guardian","floor":18.0,"turns":4.0},{"damage":0.0,"enemies":"Chosen","floor":21.0,"turns":3.0},{"damage":24.0,"enemies":"Snecko","floor":27.0,"turns":4.0},{"damage":15.0,"enemies":"Centurion and Healer","floor":30.0,"turns":4.0},{"damage":6.0,"enemies":"Automaton","floor":33.0,"turns":4.0},{"damage":6.0,"enemies":"Orb Walker","floor":35.0,"turns":2.0},{"damage":6.0,"enemies":"3 Shapes","floor":37.0,"turns":4.0},{"damage":12.0,"enemies":"Nemesis","floor":40.0,"turns":3.0},{"damage":12.0,"enemies":"Giant Head","floor":42.0,"turns":4.0},{"damage":6.0,"enemies":"Transient","floor":45.0,"turns":5.0},{"damage":0.0,"enemies":"Spire Growth","floor":46.0,"turns":4.0},{"damage":12.0,"enemies":"Nemesis","floor":48.0,"turns":3.0},{"damage":23,"enemies":"Awakened One","floor":50,"turns":3},{"damage":21,"enemies":"Time Eater","floor":51,"turns":3},{"damage":21,"enemies":"Shield and Spear","floor":55,"turns":2},{"damage":47,"enemies":"The Heart","floor":56,"turns":5}],"seed_played":"-2299958938927099205","potions_obtained":[{"floor":3.0,"key":"Regen Potion"},{"floor":8.0,"key":"AttackPotion"},{"floor":10.0,"key":"Weak Potion"},{"floor":12.0,"key":"AttackPotion"},{"floor":27.0,"key":"Ancient Potion"},{"floor":30.0,"key":"PowerPotion"},{"floor":33.0,"key":"DuplicationPotion"},{"floor":45.0,"key":"PowerPotion"}],"is_trial":false,"path_per_floor":["M","?","M","M","?","E","R","M","T","E","?","M","T","?","R","B",null,"M","?","?","M","?","R","?","R","T","M","R","?","M","T","R","B",null,"M","$","M","?","?","E","?","E","T","R","M","M","T","E","R","B","B",null,"R","$","E","B",null],"character_chosen":"IRONCLAD","items_purchased":["Bag of Marbles","Lantern","Bottled Lightning"],"campfire_rested":0,"item_purchase_floors":[36,54,54],"current_hp_per_floor":[74,74,75,75,75,49,49,39,39,15,8,9,9,9,9,9,60,48,48,48,54,31,31,31,31,31,15,15,15,10,10,10,12,68,70,70,74,74,74,70,70,66,76,76,80,90,90,88,88,73,60,90,90,100,87,58],"gold":45,"neow_bonus":"THREE_ENEMY_KILL","is_daily":false,"chose_seed":false,"campfire_upgraded":5,"win_rate":0.0,"timestamp":1607671204,"path_taken":["M","?","M","?","?","E","R","?","T","E","?","M","?","?","R","BOSS","M","?","?","M","?","R","?","R","T","M","R","?","M","?","R","BOSS","M","$","M","?","?","E","?","E","T","R","M","M","?","E","R","BOSS","BOSS","R","$","E","BOSS"],"items_purchased_type":["Relic","Relic","Relic"],"build_version":"2020-11-30","purchased_purges":2,"victory":true,"max_hp_per_floor":[75,75,75,75,75,75,75,75,75,75,75,77,77,77,77,77,77,79,79,79,79,84,84,84,84,84,84,84,84,86,86,86,86,86,86,86,88,88,88,88,84,84,94,94,96,98,98,100,100,100,100,100,100,100,102,102],"relic_stats":{"Singing Bowl":16,"counters":[24,86],"Juzu Bracelet":1,"Orichalcum":[24],"Question Card":19,"Burning Blood":133,"Blood Vial":26,"Shovel":3,"Mummified Hand":[8],"Bronze Scales":[172],"MealTicket":10,"Art of War":[9],"obtain_stats":[{"Ice Cream":34,"Lantern":54,"Singing Bowl":10,"Juzu Bracelet":31,"Burning Blood":0,"Blood Vial":26,"Shovel":6,"Mummified Hand":53,"MealTicket":47,"InkBottle":34,"Pear":43,"NeowsBlessing":0,"Omamori":48,"Orichalcum":25,"Question Card":7,"Akabeko":42,"Calling Bell":34,"Anchor":34,"Bronze Scales":13,"MutagenicStrength":19,"Coffee Dripper":17,"Bag of Marbles":36,"Art of War":40,"Bottled Lightning":54,"Toy Ornithopter":55},{"Ice Cream":13,"Lantern":22,"Singing Bowl":6,"Juzu Bracelet":12,"Burning Blood":0,"Blood Vial":10,"Shovel":4,"Mummified Hand":22,"MealTicket":19,"InkBottle":13,"Pear":17,"NeowsBlessing":0,"Omamori":20,"Orichalcum":10,"Question Card":4,"Akabeko":17,"Calling Bell":13,"Anchor":13,"Bronze Scales":7,"MutagenicStrength":9,"Coffee Dripper":8,"Bag of Marbles":14,"Art of War":16,"Bottled Lightning":22,"Toy Ornithopter":23},{"Ice Cream":48,"Lantern":79,"Singing Bowl":19,"Juzu Bracelet":44,"Burning Blood":0,"Blood Vial":36,"Shovel":7,"Mummified Hand":79,"MealTicket":70,"InkBottle":48,"Pear":61,"NeowsBlessing":0,"Omamori":73,"Orichalcum":36,"Question Card":7,"Akabeko":61,"Calling Bell":48,"Anchor":48,"Bronze Scales":22,"MutagenicStrength":33,"Coffee Dripper":29,"Bag of Marbles":50,"Art of War":57,"Bottled Lightning":79,"Toy Ornithopter":81}],"InkBottle":[19],"Toy Ornithopter":10},"card_choices":[{"not_picked":["Clash","Anger"],"picked":"Body Slam","floor":1.0},{"not_picked":["Seeing Red","Flex"],"picked":"Carnage","floor":3.0},{"not_picked":["Dropkick","Clothesline"],"picked":"Second Wind","floor":4.0},{"not_picked":["Clash","Intimidate"],"picked":"Limit Break","floor":6.0},{"not_picked":["Flex","True Grit","Sever Soul"],"picked":"Sword Boomerang","floor":8.0},{"not_picked":["Entrench","Shrug It Off","Havoc"],"picked":"Inflame","floor":10.0},{"not_picked":["Demon Form","Blood for Blood","Perfected Strike","Clothesline"],"picked":"Singing Bowl","floor":12.0},{"not_picked":["Berserk","Corruption","Bludgeon"],"picked":"Offering","floor":16.0},{"not_picked":["Heavy Blade+1","Sentinel","Body Slam","Cleave"],"picked":"Singing Bowl","floor":18.0},{"not_picked":["Sentinel","Second Wind","Iron Wave+1"],"picked":"Shrug It Off","floor":21.0},{"not_picked":["Offering","Anger+1","Shockwave"],"picked":"Burning Pact","floor":27.0},{"not_picked":["Uppercut","Rage","Thunderclap","Evolve"],"picked":"Singing Bowl","floor":30.0},{"not_picked":["Berserk","Brutality","Double Tap"],"picked":"Offering","floor":33.0},{"not_picked":["Twin Strike","Wild Strike","Sword Boomerang"],"picked":"Bloodletting+1","floor":35.0},{"not_picked":["Flex","Feel No Pain","Evolve","Shrug It Off"],"picked":"Singing Bowl","floor":37.0},{"not_picked":["Iron Wave","Uppercut","Pommel Strike"],"picked":"Feel No Pain","floor":40.0},{"not_picked":["Barricade","Thunderclap+1","Twin Strike"],"picked":"Evolve","floor":42.0},{"not_picked":["Clothesline+1","Sever Soul","Sword Boomerang","Metallicize"],"picked":"Singing Bowl","floor":45.0},{"not_picked":["Sever Soul","Armaments","Pummel+1","Iron Wave+1"],"picked":"Singing Bowl","floor":46.0},{"not_picked":["Clash","Juggernaut","Clothesline+1","Thunderclap+1"],"picked":"Singing Bowl","floor":48.0},{"not_picked":["Ghostly Armor","Warcry","Berserk","Rampage"],"picked":"Singing Bowl","floor":55}],"player_experience":767312,"relics_obtained":[{"floor":6.0,"key":"Shovel"},{"floor":7.0,"key":"Question Card"},{"floor":10.0,"key":"Singing Bowl"},{"floor":13.0,"key":"Bronze Scales"},{"floor":25.0,"key":"Orichalcum"},{"floor":26.0,"key":"Blood Vial"},{"floor":31.0,"key":"Juzu Bracelet"},{"floor":34.0,"key":"Anchor"},{"floor":34.0,"key":"InkBottle"},{"floor":34.0,"key":"Ice Cream"},{"floor":40.0,"key":"Art of War"},{"floor":42.0,"key":"Akabeko"},{"floor":43.0,"key":"Pear"},{"floor":47.0,"key":"MealTicket"},{"floor":48.0,"key":"Omamori"},{"floor":53,"key":"Mummified Hand"},{"floor":55,"key":"Toy Ornithopter"}],"event_choices":[{"cards_removed":["Strike_R"],"damage_healed":0.0,"max_hp_gain":0.0,"max_hp_loss":0.0,"gold_gain":0.0,"event_name":"Bonfire Elementals","player_choice":"Offered Basic","floor":2.0,"gold_loss":0.0,"damage_taken":0.0},{"cards_removed":["Strike_R"],"damage_healed":0.0,"max_hp_gain":0.0,"max_hp_loss":0.0,"gold_gain":0.0,"event_name":"Purifier","player_choice":"Purged","floor":5.0,"gold_loss":0.0,"damage_taken":0.0},{"cards_removed":["Strike_R"],"damage_healed":0.0,"max_hp_gain":0.0,"max_hp_loss":0.0,"gold_gain":0.0,"event_name":"Golden Wing","player_choice":"Card Removal","floor":11.0,"gold_loss":0.0,"damage_taken":7.0},{"cards_removed":["Strike_R"],"damage_healed":0.0,"max_hp_gain":0.0,"max_hp_loss":0.0,"gold_gain":0.0,"event_name":"The Cleric","player_choice":"Card Removal","floor":14.0,"gold_loss":75.0,"damage_taken":0.0},{"damage_healed":0.0,"max_hp_gain":0.0,"max_hp_loss":0.0,"gold_gain":0.0,"event_name":"Drug Dealer","player_choice":"Inject Mutagens","floor":19.0,"gold_loss":0.0,"damage_taken":0.0,"relics_obtained":["MutagenicStrength"]},{"cards_removed":["Strike_R"],"damage_healed":0.0,"max_hp_gain":0.0,"max_hp_loss":0.0,"gold_gain":0.0,"event_name":"Back to Basics","player_choice":"Elegance","floor":20.0,"gold_loss":0.0,"damage_taken":0.0},{"damage_healed":0.0,"max_hp_gain":5.0,"max_hp_loss":0.0,"gold_gain":0.0,"event_name":"Forgotten Altar","player_choice":"Shed Blood","floor":22.0,"gold_loss":0.0,"damage_taken":28.0},{"cards_removed":["Body Slam"],"damage_healed":0.0,"max_hp_gain":0.0,"max_hp_loss":0.0,"gold_gain":0.0,"event_name":"Beggar","player_choice":"Gave Gold","floor":24.0,"gold_loss":75.0,"damage_taken":0.0},{"damage_healed":0.0,"max_hp_gain":0.0,"max_hp_loss":0.0,"gold_gain":0.0,"event_name":"Vampires","player_choice":"Ignored","floor":29.0,"gold_loss":0.0,"damage_taken":0.0},{"damage_healed":0.0,"max_hp_gain":0.0,"max_hp_loss":0.0,"gold_gain":300.0,"event_name":"Wheel of Change","player_choice":"Gold","floor":38.0,"gold_loss":0.0,"damage_taken":0.0},{"damage_healed":0.0,"max_hp_gain":0.0,"max_hp_loss":0.0,"gold_gain":0.0,"event_name":"Tomb of Lord Red Mask","player_choice":"Ignored","floor":39.0,"gold_loss":0.0,"damage_taken":0.0},{"damage_healed":0.0,"max_hp_gain":0.0,"max_hp_loss":4.0,"gold_gain":0.0,"event_name":"Winding Halls","player_choice":"Max HP","floor":41.0,"gold_loss":0.0,"damage_taken":0.0}],"is_beta":false,"boss_relics":[{"not_picked":["Pandora\u0027s Box","SacredBark"],"picked":"Coffee Dripper"},{"not_picked":["Velvet Choker","Busted Crown"],"picked":"Calling Bell"}],"items_purged_floors":[36,54],"is_endless":false,"potions_floor_spawned":[3,8,10,12,27,30,33,42,45,48,55],"ascension_level":20}}