{"host":"fdq5pmhluajjrf8d","time":1607728465,"event":{"mods":["BaseMod","Minty Spire (QoL Compilation)"],"gold_per_floor":[117,132,132,132,57,57,78,119,194,217,217,232,246,269,269,362,362,382,401,52,52,75,75,75],"floor_reached":23,"playtime":1245,"items_purged":["Injury","Reinforced Body"],"score":380,"play_id":"a7dff19b-4438-44fe-ab0d-e556c53430c8","local_time":"20201211181425","is_ascension_mode":true,"campfire_choices":[{"floor":6.0,"key":"REST"},{"floor":11.0,"key":"REST"},{"data":"Loop","floor":15,"key":"SMITH"}],"circlet_count":0,"master_deck":["AscendersBane","Strike_B","Strike_B","Strike_B","Strike_B","Defend_B","Defend_B","Defend_B","Defend_B","Zap+1","Dualcast","Darkness+1","Leap","Core Surge","Chill+1","Leap+1","Loop+1","Echo Form","Self Repair","Reinforced Body+1","Defragment"],"relics":["FrozenCore","Golden Idol","Centennial Puzzle","Toxic Egg 2","Oddly Smooth Stone"],"acts_visited":["Exordium","TheCity"],"potions_floor_usage":[14,16,18,23],"damage_taken":[{"damage":1.0,"enemies":"Cultist","floor":1.0,"turns":3.0},{"damage":10.0,"enemies":"2 Louse","floor":2.0,"turns":3.0},{"damage":4.0,"enemies":"Jaw Worm","floor":7.0,"turns":5.0},{"damage":6.0,"enemies":"Lagavulin","floor":8.0,"turns":6.0},{"damage":3.0,"enemies":"Looter","floor":10.0,"turns":3.0},{"damage":7.0,"enemies":"Large Slime","floor":12.0,"turns":5.0},{"damage":23,"enemies":"Gremlin Gang","floor":13,"turns":5},{"damage":7,"enemies":"Red Slaver","floor":14,"turns":3},{"damage":13,"enemies":"The Guardian","floor":16,"turns":9},{"damage":12,"enemies":"3 Byrds","floor":18,"turns":6},{"damage":6,"enemies":"Shell Parasite","floor":19,"turns":8},{"damage":34,"enemies":"Shelled Parasite and Fungi","floor":22,"turns":8},{"damage":41,"enemies":"Gremlin Leader","floor":23,"turns":5}],"seed_played":"-8356449698333505937","potions_obtained":[{"floor":8.0,"key":"Regen Potion"},{"floor":12.0,"key":"Strength Potion"},{"floor":14,"key":"SteroidPotion"},{"floor":19,"key":"SteroidPotion"}],"is_trial":false,"path_per_floor":["M","M","?","?","$","R","M","E","T","M","R","M","M","M","R","B",null,"M","M","$","?","M","E"],"character_chosen":"DEFECT","items_purchased":["Oddly Smooth Stone","Defragment"],"campfire_rested":2,"item_purchase_floors":[20,20],"current_hp_per_floor":[70,60,60,37,37,60,56,50,50,47,70,63,40,42,42,29,66,54,55,55,55,35,0,0],"gold":75,"neow_bonus":"TEN_PERCENT_HP_BONUS","is_daily":false,"chose_seed":false,"campfire_upgraded":1,"win_rate":0.0,"timestamp":1607728465,"path_taken":["M","M","?","?","$","R","M","E","T","M","R","M","M","M","R","BOSS","M","M","$","?","M","E"],"items_purchased_type":["Relic","Card"],"build_version":"2020-11-30","purchased_purges":2,"victory":false,"max_hp_per_floor":[78,78,78,78,78,78,78,78,78,78,78,78,78,78,78,78,78,78,78,78,78,78,78,78],"card_choices":[{"not_picked":["Steam","Streamline"],"picked":"Darkness","floor":1.0},{"not_picked":["Sweeping Beam","Hologram"],"picked":"Leap","floor":2.0},{"not_picked":["Leap","Hologram"],"picked":"Reinforced Body","floor":7.0},{"not_picked":["Steam","Auto Shields"],"picked":"Core Surge","floor":8.0},{"not_picked":["Go for the Eyes","Coolheaded+1"],"picked":"Chill+1","floor":10.0},{"not_picked":["Steam Power+1","Fusion+1","Streamline"],"picked":"SKIP","floor":12.0},{"not_picked":["Glacier+1","Melter"],"picked":"Leap+1","floor":13},{"not_picked":["Chill+1","Beam Cell"],"picked":"Loop","floor":14},{"not_picked":["Creative AI","Buffer"],"picked":"Echo Form","floor":16},{"not_picked":["Compile Driver","Rebound"],"picked":"Self Repair","floor":18},{"not_picked":["Coolheaded+1","Gash"],"picked":"Reinforced Body+1","floor":19},{"not_picked":["Cold Snap","Sweeping Beam","Undo+1"],"picked":"SKIP","floor":22}],"player_experience":1818499,"relics_obtained":[{"floor":8.0,"key":"Centennial Puzzle"},{"floor":9.0,"key":"Toxic Egg 2"}],"event_choices":[{"damage_healed":0.0,"max_hp_gain":0.0,"max_hp_loss":0.0,"gold_gain":0.0,"event_name":"Golden Idol","player_choice":"Take Wound","floor":3.0,"gold_loss":0.0,"damage_taken":0.0,"relics_obtained":["Golden Idol"],"cards_obtained":["Injury"]},{"damage_healed":0.0,"max_hp_gain":0.0,"max_hp_loss":0.0,"gold_gain":0.0,"event_name":"Shining Light","player_choice":"Entered Light","floor":4.0,"gold_loss":0.0,"damage_taken":23.0,"cards_upgraded":["Zap","Darkness"]},{"damage_healed":0,"gold_gain":0,"player_choice":"Ignored","damage_taken":0,"max_hp_gain":0,"max_hp_loss":0,"event_name":"Vampires","floor":21,"gold_loss":0}],"is_beta":false,"boss_relics":[{"not_picked":["Runic Pyramid","Runic Dome"],"picked":"FrozenCore"}],"items_purged_floors":[5,20],"is_endless":false,"potions_floor_spawned":[8,12,14,19],"killed_by":"Gremlin Leader","ascension_level":19}}