{"host":"hjw1ay65n7jm40lc","time":1607704872,"event":{"mods":["AchievementEnabler","BaseMod","Colored Map","Colored Powertips","Googly Eyes","Highlight Path","Minty Spire (QoL Compilation)","Quick Restart","Relic Stats"],"gold_per_floor":[116,126,146,96,96,96,111,146,172,172,97,140,140,156,156,281,281,295,336,336,336,356,400,400,438,438,472,153,153,169,185,185,309,372,385,385,403,403,466,497,84,124,172,210,249,270,313,332,332,332,332,332,11,55,55,55],"floor_reached":55,"playtime":4569,"items_purged":["Injury","JustLucky","Bite+1"],"score":1340,"play_id":"670b5c2b-1e8c-4855-a511-230d9d74b526","local_time":"20201211114112","is_ascension_mode":true,"campfire_choices":[{"data":"Ragnarok","floor":6.0,"key":"SMITH"},{"data":"Blasphemy","floor":13.0,"key":"SMITH"},{"data":"TalkToTheHand","floor":15.0,"key":"SMITH"},{"data":"J.A.X.","floor":24.0,"key":"SMITH"},{"data":"Ghostly","floor":32.0,"key":"SMITH"},{"floor":49,"key":"RECALL"}],"circlet_count":0,"master_deck":["Eruption+1","Vigilance+1","SashWhip+1","EmptyBody+1","Wallop+1","Adaptation+1","Ragnarok+1","EmptyFist+1","TalkToTheHand+1","Evaluate+1","CutThroughFate+1","Blasphemy+1","Sanctity+1","Evaluate+1","Omniscience+1","Protect+1","LikeWater+1","Bite+1","Bite+1","Bite+1","Bite+1","J.A.X.+1","Tantrum+1","MasterReality+1","LessonLearned+1","FearNoEvil+1","Ghostly+1","Ghostly+1","Ghostly+1","Ghostly+1","Ghostly+1","LessonLearned+1","Secret Weapon+1","Establishment+1","Scrawl+1","Omniscience","Ragnarok"],"relics":["Pandora\u0027s Box","Bronze Scales","PreservedInsect","Golden Idol","Boot","Coffee Dripper","Red Mask","Damaru","FossilizedHelix","Meat on the Bone","Thread and Needle","Tiny House","Mark of the Bloom","WingedGreaves","Strawberry","Pen Nib","Centennial Puzzle","Potion Belt","Du-Vu Doll","Mercury Hourglass"],"acts_visited":["Exordium","TheCity","TheBeyond","TheEnding"],"potions_floor_usage":[50,55,55,55,55],"damage_taken":[{"damage":0.0,"enemies":"2 Louse","floor":1.0,"turns":1.0},{"damage":1.0,"enemies":"Jaw Worm","floor":2.0,"turns":2.0},{"damage":0.0,"enemies":"Cultist","floor":3.0,"turns":2.0},{"damage":0.0,"enemies":"Blue Slaver","floor":7.0,"turns":3.0},{"damage":18.0,"enemies":"3 Sentries","floor":8.0,"turns":4.0},{"damage":0.0,"enemies":"Gremlin Nob","floor":12.0,"turns":2.0},{"damage":5.0,"enemies":"3 Louse","floor":14.0,"turns":2.0},{"damage":7.0,"enemies":"The Guardian","floor":16.0,"turns":7.0},{"damage":3.0,"enemies":"Shell Parasite","floor":18.0,"turns":3.0},{"damage":22.0,"enemies":"Masked Bandits","floor":19.0,"turns":3.0},{"damage":3.0,"enemies":"2 Thieves","floor":22.0,"turns":1.0},{"damage":0.0,"enemies":"Book of Stabbing","floor":23.0,"turns":3.0},{"damage":0.0,"enemies":"Slavers","floor":25.0,"turns":3.0},{"damage":0.0,"enemies":"Book of Stabbing","floor":27.0,"turns":1.0},{"damage":0.0,"enemies":"Cultist and Chosen","floor":30.0,"turns":4.0},{"damage":0.0,"enemies":"Snake Plant","floor":31.0,"turns":2.0},{"damage":0.0,"enemies":"Champ","floor":33.0,"turns":9.0},{"damage":0.0,"enemies":"3 Shapes","floor":35.0,"turns":5.0},{"damage":0.0,"enemies":"Orb Walker","floor":37.0,"turns":2.0},{"damage":0.0,"enemies":"2 Orb Walkers","floor":39.0,"turns":3.0},{"damage":0.0,"enemies":"Reptomancer","floor":40.0,"turns":2.0},{"damage":0.0,"enemies":"Giant Head","floor":42.0,"turns":6.0},{"damage":0.0,"enemies":"Nemesis","floor":44.0,"turns":3.0},{"damage":0,"enemies":"Giant Head","floor":45,"turns":6},{"damage":0,"enemies":"Maw","floor":46,"turns":6},{"damage":0,"enemies":"Reptomancer","floor":47,"turns":2},{"damage":0,"enemies":"Sphere and 2 Shapes","floor":48,"turns":3},{"damage":3,"enemies":"Donu and Deca","floor":50,"turns":9},{"damage":0,"enemies":"Shield and Spear","floor":54,"turns":4},{"damage":40,"enemies":"The Heart","floor":55,"turns":6}],"seed_played":"5127586236934092511","potions_obtained":[{"floor":1.0,"key":"Weak Potion"},{"floor":3.0,"key":"SteroidPotion"},{"floor":7.0,"key":"DistilledChaos"},{"floor":8.0,"key":"Weak Potion"},{"floor":16.0,"key":"BlessingOfTheForge"},{"floor":19.0,"key":"SneckoOil"},{"floor":22.0,"key":"ColorlessPotion"},{"floor":23.0,"key":"PowerPotion"},{"floor":25.0,"key":"BottledMiracle"},{"floor":34.0,"key":"SmokeBomb"},{"floor":35.0,"key":"Dexterity Potion"},{"floor":44.0,"key":"EssenceOfSteel"},{"floor":46,"key":"Dexterity Potion"},{"floor":47,"key":"EssenceOfSteel"}],"is_trial":false,"path_per_floor":["M","M","M","?","?","R","M","E","T","?","$","E","R","M","R","B",null,"M","?","?","?","M","E","R","E","T","E","$","?","M","M","R","B",null,"M","?","M","?","?","E","$","E","T","E","E","M","E","M","R","B",null,"R","$","E","B"],"character_chosen":"WATCHER","items_purchased":["LessonLearned","FearNoEvil","Establishment","Scrawl","Omniscience","Ragnarok","Ambrosia"],"campfire_rested":0,"item_purchase_floors":[28,28,41,41,53,53,53],"current_hp_per_floor":[72,71,71,71,71,71,71,53,53,53,53,53,53,48,48,41,72,69,47,47,47,50,50,50,50,50,50,50,25,25,25,25,25,30,30,30,30,30,30,30,30,30,30,30,30,30,30,30,30,27,27,27,27,27,0,0],"gold":55,"neow_bonus":"BOSS_RELIC","is_daily":false,"chose_seed":false,"campfire_upgraded":5,"win_rate":0.0,"timestamp":1607704872,"path_taken":["M","M","M","?","?","R","?","E","T","?","$","E","R","M","R","BOSS","M","?","?","?","M","E","R","E","T","E","$","?","M","M","R","BOSS","M","?","M","?","?","E","$","E","T","E","E","M","E","M","R","BOSS","R","$","E","BOSS"],"items_purchased_type":["Card","Card","Card","Card","Card","Card","Potion"],"build_version":"2020-11-30","purchased_purges":3,"victory":false,"max_hp_per_floor":[72,72,72,72,72,72,72,72,72,72,72,72,72,72,72,72,72,72,72,50,50,50,50,50,50,50,50,50,25,25,25,25,25,30,30,30,30,30,30,37,37,37,37,37,37,37,37,37,37,37,37,37,37,37,37,37],"relic_stats":{"Mark of the Bloom":95,"Centennial Puzzle":[6],"counters":[30,109],"Golden Idol":228,"Bronze Scales":[280],"Pandora\u0027s Box":["SashWhip","Swivel","EmptyBody","Wallop","Adaptation","PathToVictory","JustLucky","Ragnarok"],"PreservedInsect":625,"Pen Nib":[7],"Boot":[144],"obtain_stats":[{"Potion Belt":45,"Mark of the Bloom":36,"Tiny House":34,"Golden Idol":10,"Damaru":23,"Thread and Needle":27,"PreservedInsect":9,"Pen Nib":42,"Boot":12,"Mercury Hourglass":54,"Du-Vu Doll":47,"Centennial Puzzle":44,"Bronze Scales":8,"Strawberry":40,"Pandora\u0027s Box":0,"WingedGreaves":39,"Coffee Dripper":17,"Red Mask":19,"PureWater":0,"FossilizedHelix":25,"Meat on the Bone":26},{"Potion Belt":24,"Mark of the Bloom":18,"Tiny House":17,"Golden Idol":5,"Damaru":12,"Thread and Needle":14,"PreservedInsect":5,"Pen Nib":22,"Boot":6,"Mercury Hourglass":29,"Du-Vu Doll":26,"Centennial Puzzle":23,"Bronze Scales":5,"Strawberry":21,"Pandora\u0027s Box":0,"WingedGreaves":20,"Coffee Dripper":8,"Red Mask":10,"PureWater":0,"FossilizedHelix":13,"Meat on the Bone":13},{"Potion Belt":79,"Mark of the Bloom":57,"Tiny House":52,"Golden Idol":12,"Damaru":33,"Thread and Needle":37,"PreservedInsect":12,"Pen Nib":70,"Boot":14,"Mercury Hourglass":103,"Du-Vu Doll":87,"Centennial Puzzle":73,"Bronze Scales":12,"Strawberry":64,"Pandora\u0027s Box":0,"WingedGreaves":62,"Coffee Dripper":23,"Red Mask":29,"PureWater":0,"FossilizedHelix":36,"Meat on the Bone":36}],"Meat on the Bone":0,"Mercury Hourglass":[18]},"card_choices":[{"not_picked":["InnerPeace","LikeWater"],"picked":"EmptyFist","floor":1.0},{"not_picked":["SashWhip","Adaptation"],"picked":"TalkToTheHand","floor":2.0},{"not_picked":["FollowUp","Prostrate"],"picked":"Evaluate","floor":3.0},{"not_picked":["Study","FollowUp"],"picked":"CutThroughFate","floor":7.0},{"not_picked":["CarveReality","ClearTheMind"],"picked":"Blasphemy","floor":8.0},{"not_picked":["JustLucky","SandsOfTime"],"picked":"Sanctity","floor":12.0},{"not_picked":["SashWhip","FlurryOfBlows"],"picked":"Evaluate","floor":14.0},{"not_picked":["Devotion","Ragnarok"],"picked":"Omniscience","floor":16.0},{"not_picked":["Evaluate+1","MentalFortress"],"picked":"Protect","floor":18.0},{"not_picked":["Consecrate","EmptyBody"],"picked":"LikeWater+1","floor":19.0},{"not_picked":["SashWhip","InnerPeace"],"picked":"Tantrum","floor":22.0},{"not_picked":["BowlingBash","CrushJoints","FlurryOfBlows"],"picked":"SKIP","floor":23.0},{"not_picked":["Consecrate+1","FlyingSleeves","Protect"],"picked":"SKIP","floor":25.0},{"not_picked":["MentalFortress","Worship"],"picked":"MasterReality","floor":27.0},{"not_picked":["EmptyBody","MentalFortress+1","Prostrate"],"picked":"SKIP","floor":30.0},{"not_picked":["JustLucky+1","ForeignInfluence","FollowUp"],"picked":"SKIP","floor":31.0},{"not_picked":["MasterReality","Brilliance"],"picked":"LessonLearned","floor":33.0},{"not_picked":["Perseverance+1","EmptyBody","FlyingSleeves"],"picked":"SKIP","floor":35.0},{"not_picked":["EmptyFist+1","Perseverance","EmptyMind"],"picked":"SKIP","floor":37.0},{"not_picked":["Mayhem","Panacea"],"picked":"Secret Weapon","floor":38.0},{"not_picked":["CrushJoints","BowlingBash","SashWhip"],"picked":"SKIP","floor":40.0},{"not_picked":["Prostrate+1","JustLucky","Evaluate"],"picked":"SKIP","floor":42.0},{"not_picked":["PathToVictory","Weave","Protect+1"],"picked":"SKIP","floor":44.0},{"not_picked":["PathToVictory","Weave","Protect+1"],"picked":"SKIP","floor":44.0},{"not_picked":["ConjureBlade","ThirdEye+1","Consecrate"],"picked":"SKIP","floor":45},{"not_picked":["PathToVictory","CrushJoints+1","Perseverance+1"],"picked":"SKIP","floor":46},{"not_picked":["ReachHeaven","Prostrate","JustLucky"],"picked":"SKIP","floor":47},{"not_picked":["FollowUp+1","SashWhip","Collect+1"],"picked":"SKIP","floor":48},{"not_picked":["SashWhip+1","Protect+1","FlurryOfBlows"],"picked":"SKIP","floor":54}],"player_experience":124291,"relics_obtained":[{"floor":8.0,"key":"Bronze Scales"},{"floor":9.0,"key":"PreservedInsect"},{"floor":12.0,"key":"Boot"},{"floor":19.0,"key":"Red Mask"},{"floor":23.0,"key":"Damaru"},{"floor":25.0,"key":"FossilizedHelix"},{"floor":26.0,"key":"Meat on the Bone"},{"floor":27.0,"key":"Thread and Needle"},{"floor":39.0,"key":"WingedGreaves"},{"floor":40.0,"key":"Strawberry"},{"floor":42.0,"key":"Pen Nib"},{"floor":44.0,"key":"Centennial Puzzle"},{"floor":45,"key":"Potion Belt"},{"floor":47,"key":"Du-Vu Doll"},{"floor":54,"key":"Mercury Hourglass"}],"event_choices":[{"cards_removed":["PathToVictory"],"damage_healed":0.0,"max_hp_gain":0.0,"max_hp_loss":0.0,"gold_gain":0.0,"event_name":"The Cleric","player_choice":"Card Removal","floor":4.0,"gold_loss":50.0,"damage_taken":0.0},{"cards_removed":["Swivel"],"damage_healed":0.0,"max_hp_gain":0.0,"max_hp_loss":0.0,"gold_gain":0.0,"event_name":"Wheel of Change","player_choice":"Card Removal","floor":5.0,"gold_loss":0.0,"damage_taken":0.0},{"damage_healed":0.0,"max_hp_gain":0.0,"max_hp_loss":0.0,"gold_gain":0.0,"event_name":"Golden Idol","player_choice":"Take Wound","floor":10.0,"gold_loss":0.0,"damage_taken":0.0,"relics_obtained":["Golden Idol"],"cards_obtained":["Injury"]},{"damage_healed":0.0,"max_hp_gain":0.0,"max_hp_loss":0.0,"gold_gain":0.0,"event_name":"Masked Bandits","player_choice":"Fought Bandits","floor":19.0,"gold_loss":0.0,"damage_taken":0.0},{"damage_healed":0.0,"max_hp_gain":0.0,"max_hp_loss":22.0,"gold_gain":0.0,"event_name":"Vampires","player_choice":"Became a vampire","floor":20.0,"gold_loss":0.0,"damage_taken":0.0,"cards_obtained":["Bite","Bite","Bite","Bite","Bite"]},{"damage_healed":0.0,"max_hp_gain":0.0,"max_hp_loss":0.0,"gold_gain":0.0,"event_name":"Drug Dealer","player_choice":"Obtain J.A.X.","floor":21.0,"gold_loss":0.0,"damage_taken":0.0,"cards_obtained":["J.A.X."]},{"damage_healed":0.0,"max_hp_gain":0.0,"max_hp_loss":25.0,"gold_gain":0.0,"event_name":"Ghosts","player_choice":"Became a Ghost","floor":29.0,"gold_loss":0.0,"damage_taken":0.0,"cards_obtained":["Ghostly","Ghostly","Ghostly","Ghostly","Ghostly"]},{"damage_healed":0.0,"max_hp_gain":0.0,"max_hp_loss":0.0,"gold_gain":0.0,"event_name":"MindBloom","player_choice":"Upgrade","floor":36.0,"gold_loss":0.0,"damage_taken":0.0,"cards_upgraded":["Eruption","Vigilance","SashWhip","EmptyBody","Adaptation","EmptyFist","Evaluate","CutThroughFate","Sanctity","Evaluate","Omniscience","Protect","Bite","Bite","Bite","Bite","Bite","Tantrum","MasterReality","LessonLearned","FearNoEvil","Ghostly","Ghostly","Ghostly","Ghostly","LessonLearned"],"relics_obtained":["Mark of the Bloom"]},{"damage_healed":0.0,"max_hp_gain":0.0,"max_hp_loss":0.0,"gold_gain":0.0,"event_name":"SensoryStone","player_choice":"Memory 1","floor":38.0,"gold_loss":0.0,"damage_taken":0.0},{"damage_healed":0.0,"max_hp_gain":0.0,"max_hp_loss":0.0,"gold_gain":0.0,"event_name":"Mysterious Sphere","player_choice":"Fight","floor":39.0,"gold_loss":0.0,"damage_taken":0.0}],"is_beta":false,"boss_relics":[{"not_picked":["Philosopher\u0027s Stone","Velvet Choker"],"picked":"Coffee Dripper"},{"not_picked":["Snecko Eye","SlaversCollar"],"picked":"Tiny House"}],"items_purged_floors":[11,28,41],"is_endless":false,"potions_floor_spawned":[1,3,7,8,16,19,22,23,25,35,42,44,46,47],"killed_by":"The Heart","ascension_level":1}}