{"host":"rmsq46plbpwfbxcc","time":1607661273,"event":{"mods":["AchievementEnabler","BaseMod","Colored Map","DeckTracker","Minty Spire (QoL Compilation)","Permanent Neow","SuperFastMode"],"gold_per_floor":[116,129,205,219,219,247,247,25,25,42,53,64,64,90,90,90,90],"floor_reached":16,"playtime":349,"items_purged":[],"score":202,"play_id":"793d2df5-4486-449d-aaca-7dbd571fbf18","local_time":"20201211133433","is_ascension_mode":true,"campfire_choices":[{"data":"After Image","floor":7.0,"key":"SMITH"},{"floor":13.0,"key":"REST"},{"data":"Neutralize","floor":15,"key":"SMITH"}],"circlet_count":0,"master_deck":["AscendersBane","Strike_G","Strike_G","Strike_G","Strike_G","Strike_G","Defend_G","Defend_G","Defend_G","Defend_G","Defend_G","Survivor","Neutralize+1","Cloak And Dagger","After Image+1","Dagger Spray+1","Poisoned Stab+1","Blade Dance","Bullet Time","PiercingWail","Blade Dance","Tactician"],"relics":["Ring of the Snake","NeowsBlessing","Molten Egg 2","Peace Pipe","The Courier","Gremlin Horn"],"acts_visited":["Exordium"],"potions_floor_usage":[14],"damage_taken":[{"damage":0.0,"enemies":"Cultist","floor":1.0,"turns":1.0},{"damage":0.0,"enemies":"2 Louse","floor":2.0,"turns":1.0},{"damage":0.0,"enemies":"Jaw Worm","floor":4.0,"turns":1.0},{"damage":47.0,"enemies":"Lagavulin","floor":6.0,"turns":15.0},{"damage":2.0,"enemies":"Looter","floor":10.0,"turns":4.0},{"damage":0.0,"enemies":"Red Slaver","floor":11.0,"turns":4.0},{"damage":0.0,"enemies":"3 Louse","floor":12.0,"turns":3.0},{"damage":12,"enemies":"Gremlin Nob","floor":14,"turns":5},{"damage":21,"enemies":"Hexaghost","floor":16,"turns":9}],"seed_played":"5413891411557305187","potions_obtained":[{"floor":6.0,"key":"EssenceOfSteel"},{"floor":10.0,"key":"Ancient Potion"},{"floor":14,"key":"Poison Potion"}],"is_trial":false,"path_per_floor":["M","M","T","M","?","E","R","$","T","M","M","M","R","E","R","B"],"character_chosen":"THE_SILENT","items_purchased":["Blade Dance","Bullet Time"],"campfire_rested":1,"item_purchase_floors":[8,8],"current_hp_per_floor":[59,59,59,59,59,12,12,12,12,10,10,10,29,17,17,0,0],"gold":90,"neow_bonus":"THREE_ENEMY_KILL","is_daily":false,"chose_seed":false,"campfire_upgraded":2,"win_rate":0.0,"timestamp":1607661273,"path_taken":["M","M","?","?","?","E","R","$","T","M","M","M","R","E","R","BOSS"],"items_purchased_type":["Card","Card"],"build_version":"2020-11-30","purchased_purges":0,"victory":false,"max_hp_per_floor":[66,66,66,66,66,66,66,66,66,66,66,66,66,66,66,66,66],"card_choices":[{"not_picked":["Underhanded Strike","Dagger Spray"],"picked":"Cloak And Dagger","floor":1.0},{"not_picked":["Underhanded Strike","Backstab"],"picked":"After Image","floor":2.0},{"not_picked":["Quick Slash+1","Deflect"],"picked":"Dagger Spray+1","floor":4.0},{"not_picked":["Cloak And Dagger","Caltrops"],"picked":"Poisoned Stab+1","floor":6.0},{"not_picked":["Blade Dance","Bane+1","Underhanded Strike+1"],"picked":"SKIP","floor":10.0},{"not_picked":["Endless Agony+1","Underhanded Strike+1"],"picked":"PiercingWail","floor":11.0},{"not_picked":["Leg Sweep","Underhanded Strike+1"],"picked":"Blade Dance","floor":12.0},{"not_picked":["Distraction","Venomology"],"picked":"Tactician","floor":14}],"player_experience":1312858,"relics_obtained":[{"floor":3.0,"key":"Molten Egg 2"},{"floor":6.0,"key":"Peace Pipe"},{"floor":9.0,"key":"The Courier"},{"floor":14,"key":"Gremlin Horn"}],"event_choices":[{"damage_healed":0.0,"max_hp_gain":0.0,"max_hp_loss":0.0,"gold_gain":0.0,"event_name":"Liars Game","player_choice":"Ignored","floor":5.0,"gold_loss":0.0,"damage_taken":0.0}],"is_beta":false,"boss_relics":[],"items_purged_floors":[],"is_endless":false,"potions_floor_spawned":[6,10,11,14],"killed_by":"Hexaghost","ascension_level":16}}