{"host":"ci7ivtocgfxh0ueo","time":1607665914,"event":{"mods":["BaseMod","GifTheSpireLib","Minty Spire (QoL Compilation)","StSLib"],"gold_per_floor":[116,30,50,200,214,244,169,219,219,252,7,7,19,19,19,98,98,114,114,39,39,52,64,64,83,165,176,207,207,217,236,236,236,236],"floor_reached":33,"playtime":816,"items_purged":[],"score":512,"play_id":"93250878-f267-43e3-95fa-1b6d43315831","local_time":"20201211135154","is_ascension_mode":true,"campfire_choices":[{"data":"Infernal Blade","floor":12,"key":"SMITH"},{"data":"Demon Form","floor":15,"key":"SMITH"},{"floor":29,"key":"REST"},{"data":"Infernal Blade","floor":32,"key":"SMITH"}],"circlet_count":0,"master_deck":["AscendersBane","Strike_R","Strike_R","Strike_R","Strike_R","Strike_R","Defend_R","Defend_R","Defend_R","Defend_R","Bash","Infernal Blade+1","Dropkick","Clash","Iron Wave","Battle Trance","Demon Form+1","Feed","CurseOfTheBell","Infernal Blade+1","Inflame","Carnage","Cleave","Rage","Rage"],"relics":["Burning Blood","NeowsBlessing","Champion Belt","Gremlin Horn","Mercury Hourglass","Membership Card","Bag of Marbles","Calling Bell","Ancient Tea Set","Eternal Feather","Lizard Tail","Happy Flower","Frozen Egg 2","Nunchaku"],"acts_visited":["Exordium","TheCity"],"potions_floor_usage":[6,16,16,18,22,24,25,28,33,33],"damage_taken":[{"damage":0,"enemies":"2 Louse","floor":1,"turns":1},{"damage":0,"enemies":"Jaw Worm","floor":3,"turns":1},{"damage":0,"enemies":"Small Slimes","floor":5,"turns":2},{"damage":25,"enemies":"Lagavulin","floor":6,"turns":6},{"damage":12,"enemies":"Gremlin Nob","floor":10,"turns":3},{"damage":0,"enemies":"2 Fungi Beasts","floor":13,"turns":2},{"damage":25,"enemies":"Hexaghost","floor":16,"turns":6},{"damage":25,"enemies":"2 Thieves","floor":18,"turns":3},{"damage":29,"enemies":"3 Byrds","floor":22,"turns":5},{"damage":0,"enemies":"Centurion and Healer","floor":23,"turns":4},{"damage":12,"enemies":"Sentry and Sphere","floor":25,"turns":2},{"damage":49,"enemies":"Cultist and Chosen","floor":27,"turns":6},{"damage":36,"enemies":"Book of Stabbing","floor":28,"turns":5},{"damage":8,"enemies":"Snecko","floor":30,"turns":3},{"damage":28,"enemies":"Shelled Parasite and Fungi","floor":31,"turns":3},{"damage":55,"enemies":"Champ","floor":33,"turns":7}],"seed_played":"8296983154879859233","potions_obtained":[{"floor":1,"key":"LiquidMemories"},{"floor":3,"key":"EssenceOfSteel"},{"floor":13,"key":"DistilledChaos"},{"floor":16,"key":"FearPotion"},{"floor":18,"key":"BlessingOfTheForge"},{"floor":25,"key":"ElixirPotion"},{"floor":31,"key":"DistilledChaos"}],"is_trial":false,"path_per_floor":["M","$","M","?","M","E","?","?","T","E","$","R","M","?","R","B",null,"M","?","?","?","M","M","?","M","T","M","E","R","M","M","R","B"],"character_chosen":"IRONCLAD","items_purchased":["Dropkick","Membership Card","Bag of Marbles"],"campfire_rested":1,"item_purchase_floors":[2,11,11],"current_hp_per_floor":[74,74,75,75,75,56,56,56,56,50,50,50,56,75,75,56,70,54,54,54,54,35,44,22,16,16,51,21,60,58,39,54,0,0],"gold":236,"neow_bonus":"THREE_ENEMY_KILL","is_daily":false,"chose_seed":false,"campfire_upgraded":3,"win_rate":0.0,"timestamp":1607665914,"path_taken":["M","$","M","?","M","E","?","?","T","E","$","R","M","?","R","BOSS","M","?","?","?","M","?","?","M","T","M","E","R","?","M","R","BOSS"],"items_purchased_type":["Card","Relic","Relic"],"build_version":"2020-11-30","purchased_purges":0,"victory":false,"max_hp_per_floor":[75,75,75,75,75,75,75,75,75,75,75,75,75,75,75,75,75,78,78,78,78,82,85,90,90,90,90,90,90,90,93,93,93,93],"card_choices":[{"not_picked":["Twin Strike","Iron Wave"],"picked":"Infernal Blade","floor":1},{"not_picked":["Power Through","Havoc"],"picked":"Clash","floor":3},{"not_picked":["Shrug It Off","Entrench"],"picked":"Iron Wave","floor":5},{"not_picked":["Twin Strike","Body Slam"],"picked":"Battle Trance","floor":6},{"not_picked":["Perfected Strike","Heavy Blade","Shrug It Off"],"picked":"SKIP","floor":10},{"not_picked":["Intimidate","Body Slam"],"picked":"Demon Form","floor":13},{"not_picked":["Berserk","Barricade"],"picked":"Feed","floor":16},{"not_picked":["Entrench+1","Clash"],"picked":"Infernal Blade","floor":18},{"not_picked":["Sword Boomerang","Entrench"],"picked":"Inflame","floor":22},{"not_picked":["Searing Blow","Reckless Charge","Second Wind"],"picked":"SKIP","floor":23},{"not_picked":["Perfected Strike+1","Headbutt","Flex"],"picked":"SKIP","floor":25},{"not_picked":["Headbutt","Brutality+1"],"picked":"Carnage","floor":27},{"not_picked":["Entrench","True Grit"],"picked":"Cleave","floor":28},{"not_picked":["Clothesline","Anger"],"picked":"Rage","floor":30},{"not_picked":["Sword Boomerang+1","Perfected Strike"],"picked":"Rage","floor":31}],"player_experience":1248379,"relics_obtained":[{"floor":6,"key":"Champion Belt"},{"floor":9,"key":"Gremlin Horn"},{"floor":10,"key":"Mercury Hourglass"},{"floor":17,"key":"Ancient Tea Set"},{"floor":17,"key":"Eternal Feather"},{"floor":17,"key":"Lizard Tail"},{"floor":26,"key":"Frozen Egg 2"},{"floor":28,"key":"Nunchaku"}],"event_choices":[{"damage_healed":0,"gold_gain":150,"player_choice":"AGREE","damage_taken":0,"max_hp_gain":0,"max_hp_loss":0,"event_name":"Liars Game","floor":4,"gold_loss":0,"cards_obtained":["Doubt"]},{"cards_removed":["Doubt"],"damage_healed":0,"gold_gain":0,"player_choice":"Card Removal","damage_taken":0,"max_hp_gain":0,"max_hp_loss":0,"event_name":"The Cleric","floor":7,"gold_loss":75},{"damage_healed":0,"gold_gain":50,"player_choice":"Gained Gold","damage_taken":0,"max_hp_gain":0,"max_hp_loss":0,"event_name":"Golden Wing","floor":8,"gold_loss":0},{"damage_healed":25,"gold_gain":0,"player_choice":"Banana","damage_taken":0,"max_hp_gain":0,"max_hp_loss":0,"event_name":"Big Fish","floor":14,"gold_loss":0},{"damage_healed":0,"gold_gain":0,"player_choice":"Opened","damage_taken":0,"relics_obtained":["Happy Flower"],"max_hp_gain":0,"max_hp_loss":0,"event_name":"The Mausoleum","floor":19,"gold_loss":0,"cards_obtained":["Writhe"]},{"cards_removed":["Writhe"],"damage_healed":0,"gold_gain":0,"player_choice":"Gave Gold","damage_taken":0,"max_hp_gain":0,"max_hp_loss":0,"event_name":"Beggar","floor":20,"gold_loss":75},{"damage_healed":0,"gold_gain":0,"player_choice":"Ignored","damage_taken":0,"max_hp_gain":0,"max_hp_loss":0,"event_name":"N\u0027loth","floor":21,"gold_loss":0},{"damage_healed":0,"gold_gain":0,"player_choice":"POTION POTION POTION ","damage_taken":27,"max_hp_gain":0,"max_hp_loss":0,"event_name":"Knowing Skull","floor":24,"potions_obtained":["Fruit Juice","Weak Potion","ColorlessPotion"],"gold_loss":0,"cards_obtained":[]}],"is_beta":false,"boss_relics":[{"not_picked":["Mark of Pain","Runic Cube"],"picked":"Calling Bell"}],"items_purged_floors":[],"is_endless":false,"potions_floor_spawned":[1,3,13,16,18,25,31],"killed_by":"Champ","ascension_level":17}}