{"host":"c2uqqd95064gpl63","time":1607678972,"event":{"mods":["Act Like it!","Bard","BaseMod","Better Match","Better Skull","Better Third Choice","Downfall","Elementarium","Luminous","Melee Mod","Menagerie","Minty Spire (QoL Compilation)","Quick Restart","Robot Space Explorer","StSLib","The Cursed","The Dragon Tamer","The Exalted","The Trickster"],"gold_per_floor":[118,118,118,134,134,169,179,207,207,235,235,235,10,29,29,133,133,147,246,317,336,251,282,300,300,325,352,352,378,412,46,46,141,141,161,178,178,191,191,223,223,234,306,306,335,352,352,377,377,377],"floor_reached":51,"playtime":3529,"items_purged":[],"score":1075,"play_id":"f43be64c-2f1a-44a8-a00d-76bdf528b5d2","local_time":"20201211012932","is_ascension_mode":true,"metric_token":1235,"campfire_choices":[{"floor":12,"key":"REST"},{"data":"DTMod:Haste","floor":15,"key":"SMITH"},{"data":"DTMod:ShadowImage","floor":25,"key":"SMITH"},{"floor":28,"key":"REST"},{"floor":32,"key":"REST"},{"data":"DTMod:Training","floor":41,"key":"SMITH"},{"data":"Madness","floor":47,"key":"SMITH"},{"data":"DTMod:ComboAttack","floor":49,"key":"SMITH"}],"dtmod_dragon_data":[36,50,4,3,13,2],"circlet_count":0,"master_deck":["DTMod:Strike","DTMod:Strike","DTMod:Strike","DTMod:Strike","DTMod:DoubleHit+1","DTMod:TargetDefense","DTMod:TargetDefense","DTMod:TargetDefense","DTMod:TargetDefense","DTMod:SwitchingTactic+1","DTMod:Feint","DTMod:OpeningTactic+1","DTMod:CrossStep","DTMod:StarRain","DTMod:QuickFly+1","DTMod:Training+1","DTMod:ShadowImage+1","DTMod:Haste+1","DTMod:LastStand","DTMod:OpeningTactic+1","DTMod:StarRain+1","DTMod:Threaten","DTMod:GhostSkin","DTMod:Training+1","DTMod:Adaptation","DTMod:ShadowImage+1","Madness+1","Madness+1","DTMod:InvisibleFlame+1","Parasite","DTMod:CrossStep+1","Menagerie:BloodySpellbook","DTMod:BreakAttack+1","DTMod:DragonDance","DTMod:ComboAttack+1"],"relics":["DTMod:PactStone","NeowsBlessing","Ornamental Fan","Bromod:ArcaneMomentum","Boot","Mummified Hand","Akabeko","Black Star","Bromod:ArcaneAwakening","InkBottle","Toy Ornithopter","Eternal Feather","Bromod:ArcaneConsequence","Unceasing Top","WingedGreaves","MealTicket","Dream Catcher","Bromod:ArcaneGuardian","StrikeDummy","TungstenRod","Cursed Key","Nunchaku","War Paint","Sundial","Regal Pillow","Whetstone","Pear","Juzu Bracelet"],"acts_visited":["Exordium","TheCity","TheBeyond"],"potions_floor_usage":[16,23,27,50],"damage_taken":[{"damage":0.0,"enemies":"2 Louse","floor":1.0,"turns":1.0},{"damage":0.0,"enemies":"Small Slimes","floor":4.0,"turns":1.0},{"damage":0.0,"enemies":"3 Sentries","floor":6.0,"turns":1.0},{"damage":0.0,"enemies":"Jaw Worm","floor":7.0,"turns":4.0},{"damage":0.0,"enemies":"Lagavulin","floor":8.0,"turns":6.0},{"damage":8.0,"enemies":"3 Sentries","floor":10.0,"turns":7.0},{"damage":0,"enemies":"Blue Slaver","floor":14,"turns":2},{"damage":5,"enemies":"Hexaghost","floor":16,"turns":10},{"damage":0,"enemies":"Spheric Guardian","floor":18,"turns":3},{"damage":4,"enemies":"2 Thieves","floor":21,"turns":4},{"damage":2,"enemies":"Slavers","floor":23,"turns":5},{"damage":0,"enemies":"Shelled Parasite and Fungi","floor":24,"turns":5},{"damage":0,"enemies":"Book of Stabbing","floor":27,"turns":6},{"damage":19,"enemies":"Slavers","floor":29,"turns":6},{"damage":2,"enemies":"Gremlin Leader","floor":30,"turns":7},{"damage":0,"enemies":"Collector","floor":33,"turns":12},{"damage":0,"enemies":"Orb Walker","floor":35,"turns":3},{"damage":0,"enemies":"3 Shapes","floor":36,"turns":2},{"damage":0,"enemies":"Maw","floor":38,"turns":5},{"damage":1,"enemies":"Nemesis","floor":40,"turns":6},{"damage":0,"enemies":"Writhing Mass","floor":42,"turns":4},{"damage":17,"enemies":"Giant Head","floor":45,"turns":7},{"damage":0,"enemies":"Transient","floor":46,"turns":5},{"damage":0,"enemies":"Reptomancer","floor":48,"turns":6},{"damage":33,"enemies":"Time Eater","floor":50,"turns":10}],"seed_played":"395374239362516627","potions_obtained":[{"floor":1.0,"key":"SteroidPotion"},{"floor":6.0,"key":"SpeedPotion"},{"floor":8.0,"key":"Weak Potion"},{"floor":10.0,"key":"Block Potion"},{"floor":16,"key":"Fire Potion"},{"floor":27,"key":"LiquidBronze"},{"floor":33,"key":"FairyPotion"}],"is_trial":false,"path_per_floor":["M","?","?","M","T","E","M","E","T","E","?","R","$","M","R","B",null,"M","?","T","M","?","E","M","R","T","E","R","E","E","$","R","B",null,"M","M","?","M","?","E","R","M","T","?","E","M","R","E","R","B",null],"character_chosen":"THE_DT","items_purchased":["DTMod:ShadowImage","DTMod:Haste","TungstenRod","DTMod:Adaptation"],"campfire_rested":3,"item_purchase_floors":[13,13,31,31],"current_hp_per_floor":[45,45,45,45,45,45,45,45,45,37,28,41,41,41,41,36,45,45,45,45,41,41,39,39,45,45,45,45,26,24,39,45,45,45,45,45,45,45,40,39,45,45,45,45,28,28,45,55,55,22],"gold":377,"neow_bonus":"THREE_ENEMY_KILL","is_daily":false,"chose_seed":false,"campfire_upgraded":5,"win_rate":0.0,"timestamp":1607678972,"path_taken":["M","?","?","M","?","E","?","E","T","E","?","R","$","M","R","BOSS","M","?","?","M","?","E","M","R","T","E","R","E","E","$","R","BOSS","M","M","?","?","?","E","R","M","T","?","E","M","R","E","R","BOSS"],"items_purchased_type":["Card","Card","Relic","Card"],"build_version":"2020-11-30","purchased_purges":0,"victory":true,"max_hp_per_floor":[45,45,45,45,45,45,45,45,45,45,45,45,45,45,45,45,45,45,45,45,45,45,45,45,45,45,45,45,45,45,45,45,45,45,45,45,45,45,45,45,45,45,45,45,45,45,45,55,55,55],"card_choices":[{"not_picked":["DTMod:MasterPlan","DTMod:Punisher"],"picked":"DTMod:Feint","floor":1.0},{"not_picked":["DTMod:Observe","DTMod:Feint"],"picked":"DTMod:OpeningTactic","floor":4.0},{"not_picked":["DTMod:Observe","DTMod:BizarreTactic"],"picked":"DTMod:CrossStep","floor":6.0},{"not_picked":["DTMod:Astonish","DTMod:HeatWave"],"picked":"DTMod:StarRain","floor":7.0},{"not_picked":["DTMod:BalancedStrike","DTMod:Dissolve"],"picked":"DTMod:QuickFly","floor":8.0},{"not_picked":["DTMod:Observe","DTMod:HeatWave"],"picked":"DTMod:Training","floor":10.0},{"not_picked":["DTMod:FierySynthesis","DTMod:BreakAttack"],"picked":"DTMod:LastStand","floor":14},{"not_picked":["DTMod:FierySynthesis","DTMod:Prediction"],"picked":"DTMod:OpeningTactic","floor":16},{"not_picked":["DTMod:BizarreTactic","DTMod:Conduct+1","DTMod:BuildUp"],"picked":"SKIP","floor":18},{"not_picked":["DTMod:Weaken","DTMod:Hide+1"],"picked":"DTMod:StarRain+1","floor":21},{"not_picked":["DTMod:FlameSlash","DTMod:BurningEnergy","DTMod:RecklessFlurry"],"picked":"SKIP","floor":23},{"not_picked":["DTMod:QuickFly","DTMod:ExcessFootwork"],"picked":"DTMod:Threaten","floor":24},{"not_picked":["DTMod:QuickFly","DTMod:Cover"],"picked":"DTMod:GhostSkin","floor":27},{"not_picked":["DTMod:BurningEnergy","DTMod:BizarreTactic"],"picked":"DTMod:Training","floor":29},{"not_picked":["DTMod:MagicField","DTMod:BurningEnergy","DTMod:RecklessFlurry"],"picked":"SKIP","floor":30},{"not_picked":["DTMod:Cover","DTMod:SealedStrike"],"picked":"DTMod:BreakAttack","floor":32},{"not_picked":["DTMod:TriAttack","DTMod:Prediction"],"picked":"DTMod:ShadowImage","floor":33},{"not_picked":["DTMod:MagicField","DTMod:Feint+1","DTMod:BizarreTactic+1"],"picked":"SKIP","floor":35},{"not_picked":["DTMod:FlameSlash+1","DTMod:BurningForce+1","DTMod:RunningTactic"],"picked":"SKIP","floor":36},{"not_picked":["DTMod:BizarreTactic","DTMod:Training","DTMod:BreakAttack"],"picked":"SKIP","floor":38},{"not_picked":["DTMod:PurifyingFlame+1","DTMod:Cover"],"picked":"DTMod:InvisibleFlame+1","floor":40},{"not_picked":["DTMod:Feint+1","DTMod:Cover"],"picked":"DTMod:CrossStep+1","floor":42},{"not_picked":["DTMod:DeepFocus+1","DTMod:ShieldDrain"],"picked":"DTMod:BreakAttack+1","floor":45},{"not_picked":["DTMod:StunTrap","DTMod:QuickFly+1"],"picked":"DTMod:DragonDance","floor":46},{"not_picked":["DTMod:ForkedFire","DTMod:MaximumCharge+1"],"picked":"DTMod:ComboAttack","floor":48}],"player_experience":699196,"relics_obtained":[{"floor":5.0,"key":"Ornamental Fan"},{"floor":6.0,"key":"Bromod:ArcaneMomentum"},{"floor":8.0,"key":"Boot"},{"floor":9.0,"key":"Mummified Hand"},{"floor":10.0,"key":"Akabeko"},{"floor":20,"key":"Bromod:ArcaneAwakening"},{"floor":23,"key":"Toy Ornithopter"},{"floor":23,"key":"Eternal Feather"},{"floor":26,"key":"Bromod:ArcaneConsequence"},{"floor":27,"key":"Unceasing Top"},{"floor":27,"key":"WingedGreaves"},{"floor":29,"key":"MealTicket"},{"floor":29,"key":"Dream Catcher"},{"floor":30,"key":"Bromod:ArcaneGuardian"},{"floor":30,"key":"StrikeDummy"},{"floor":40,"key":"Nunchaku"},{"floor":40,"key":"War Paint"},{"floor":43,"key":"Sundial"},{"floor":45,"key":"Regal Pillow"},{"floor":45,"key":"Whetstone"},{"floor":48,"key":"Pear"},{"floor":48,"key":"Juzu Bracelet"}],"event_choices":[{"damage_healed":0.0,"max_hp_gain":0.0,"max_hp_loss":0.0,"gold_gain":0.0,"event_name":"Golden Wing","player_choice":"Ignored","floor":2.0,"gold_loss":0.0,"damage_taken":0.0},{"damage_healed":0.0,"max_hp_gain":0.0,"max_hp_loss":0.0,"gold_gain":0.0,"event_name":"Living Wall","player_choice":"Grow","floor":3.0,"gold_loss":0.0,"damage_taken":0.0,"cards_upgraded":["DTMod:SwitchingTactic"]},{"damage_healed":37,"gold_gain":0,"player_choice":"Upgrade","damage_taken":9,"max_hp_gain":0,"max_hp_loss":45,"event_name":"betterThird:BetterShining","floor":11,"gold_loss":0,"cards_upgraded":["DTMod:QuickFly","DTMod:DoubleHit"]},{"damage_healed":0,"gold_gain":99,"player_choice":"Steal","damage_taken":0,"max_hp_gain":0,"max_hp_loss":0,"event_name":"betterThird:BetterNest","floor":19,"gold_loss":0},{"damage_healed":0,"gold_gain":0,"player_choice":"Obtained Relic","damage_taken":0,"relics_obtained":["InkBottle"],"max_hp_gain":0,"max_hp_loss":0,"event_name":"Addict","floor":22,"gold_loss":85},{"damage_healed":0,"gold_gain":0,"player_choice":"Upgraded","damage_taken":0,"max_hp_gain":0,"max_hp_loss":0,"event_name":"Upgrade Shrine","floor":37,"gold_loss":0,"cards_upgraded":["DTMod:ShadowImage"]},{"damage_healed":0,"gold_gain":0,"player_choice":"Embrace Madness","damage_taken":6,"max_hp_gain":0,"max_hp_loss":0,"event_name":"Winding Halls","floor":39,"gold_loss":0,"cards_obtained":["Madness","Madness"]},{"cards_removed":["DTMod:BreakAttack"],"damage_healed":0,"gold_gain":0,"player_choice":"Removed Attack","damage_taken":0,"max_hp_gain":0,"max_hp_loss":0,"event_name":"Falling","floor":44,"gold_loss":0}],"is_beta":false,"boss_relics":[{"not_picked":["Tiny House","Bromod:ArcaneBarrier"],"picked":"Black Star"},{"not_picked":["SlaversCollar","Pandora\u0027s Box"],"picked":"Cursed Key"}],"items_purged_floors":[],"is_endless":false,"potions_floor_spawned":[1,6,8,10,16,18,27,33,35,45],"ascension_level":1}}