{"host":"3j2m8n0ywf988fwb","time":1607707463,"event":{"mods":["Aspiration","BaseMod","Beaked The Cultist","Better Altar","Better Match","Better Note","Better Sensory Stone","Better Skull","Better Third Choice","CCEM","Colored Map","Colored Powertips","Conspire","Energized Spire","GifTheSpireLib","Googly Eyes","Halation","Highlight Path","Hubris","Jedi Mod","Marisa????????","Marked Mod","Mimic Mod","Minty Spire (QoL Compilation)","Random Character Button","Relic Stats","Replay The Spire","Robot Space Explorer","Shop Mod","Somnambulant","StSLib","Stuff the Spire","The Bug Knight","The Hierophant","The Runesmith","TheFirefly","Unceasing Turn Reminder","everything is the same but u backflip on backflip"],"gold_per_floor":[111,111,127,127,127,127,145,145,184,184,218,237,248,265,265,265,265],"floor_reached":16,"playtime":1367,"items_purged":[],"score":143,"play_id":"528aeb88-af4f-43dd-a732-e15187c8bb7a","local_time":"20201211112423","is_ascension_mode":true,"campfire_choices":[{"data":"Dash","floor":6.0,"key":"SMITH"},{"data":"Neutralize","floor":8.0,"key":"SMITH"},{"floor":15.0,"key":"REST"}],"circlet_count":0,"master_deck":["Strike_G","Strike_G","Strike_G","Strike_G","Strike_G","Defend_G","Defend_G+1","Defend_G","Defend_G","Defend_G","Survivor","Neutralize+1","Slice","Dash+1","Dash","Slice","Blade Dance","Blade Dance"],"relics":["Ring of the Snake","ReplayTheSpireMod:Ring of Collecting","hubris:Towel","Ring of Peace","Art of War","Blue Doll","PreservedInsect","Mirror","ReplayTheSpireMod:Ninjato"],"acts_visited":["Exordium"],"potions_floor_usage":[16],"damage_taken":[{"damage":11.0,"enemies":"Jaw Worm","floor":1.0,"turns":7.0},{"damage":0.0,"enemies":"conspire:RoseBush","floor":3.0,"turns":5.0},{"damage":0.0,"enemies":"Cultist","floor":7.0,"turns":4.0},{"damage":8.0,"enemies":"Red Slaver","floor":9.0,"turns":12.0},{"damage":13.0,"enemies":"Replay:BlueRogue","floor":11.0,"turns":7.0},{"damage":0.0,"enemies":"Red Slaver","floor":12.0,"turns":3.0},{"damage":0.0,"enemies":"2 Fungi Beasts","floor":13.0,"turns":4.0},{"damage":0.0,"enemies":"Exordium Thugs","floor":14.0,"turns":5.0},{"damage":22,"enemies":"The Guardian","floor":16,"turns":7}],"seed_played":"-2379082910145922491","potions_obtained":[{"floor":1.0,"key":"Strength Potion"},{"floor":12.0,"key":"FearPotion"}],"is_trial":false,"path_per_floor":["M","?","M","?","?","R","M","R","MIM","?","E","M","M","M","R","B"],"character_chosen":"THE_SILENT","items_purchased":[],"campfire_rested":1,"item_purchase_floors":[],"current_hp_per_floor":[52,52,52,52,52,52,52,52,44,14,1,1,1,1,22,0,0],"gold":265,"neow_bonus":"RANDOM_EVENT","is_daily":false,"chose_seed":false,"campfire_upgraded":2,"win_rate":0.0,"timestamp":1607707463,"path_taken":["M","?","M","?","?","R","?","R","MIM","?","E","?","M","?","R","BOSS"],"items_purchased_type":[],"build_version":"2020-11-30","purchased_purges":0,"victory":false,"max_hp_per_floor":[70,70,70,70,70,70,70,70,70,70,70,70,70,70,70,70,70],"relic_stats":{"counters":[9,54],"PreservedInsect":23,"Art of War":[0],"obtain_stats":[{"ReplayTheSpireMod:Ninjato":11,"ReplayTheSpireMod:Ring of Collecting":2,"Ring of Peace":9,"Blue Doll":9,"PreservedInsect":10,"Art of War":9,"hubris:Towel":4,"Mirror":10,"Ring of the Snake":0},{"ReplayTheSpireMod:Ninjato":5,"ReplayTheSpireMod:Ring of Collecting":1,"Ring of Peace":4,"Blue Doll":4,"PreservedInsect":4,"Art of War":4,"hubris:Towel":2,"Mirror":4,"Ring of the Snake":0},{"ReplayTheSpireMod:Ninjato":35,"ReplayTheSpireMod:Ring of Collecting":7,"Ring of Peace":28,"Blue Doll":28,"PreservedInsect":28,"Art of War":28,"hubris:Towel":12,"Mirror":28,"Ring of the Snake":0}],"Ring of the Snake":[18]},"card_choices":[{"not_picked":["Dagger Throw","Flying Knee"],"picked":"Slice","floor":1.0},{"not_picked":["Dodge and Roll","Well Laid Plans"],"picked":"Dash","floor":3.0},{"not_picked":["Concentrate","StuffTheSpire:Injection"],"picked":"Dash","floor":7.0},{"not_picked":["StuffTheSpire:Python","Wraith Form v2"],"picked":"Slice","floor":9.0},{"not_picked":["Setup","Well Laid Plans"],"picked":"Blade Dance","floor":11.0},{"not_picked":["Acrobatics","StuffTheSpire:Injection","StuffTheSpire:BumpUp"],"picked":"SKIP","floor":12.0},{"not_picked":["StuffTheSpire:DoubleShiv","Dagger Throw"],"picked":"Blade Dance","floor":13.0},{"not_picked":["jedi:acidrain","hubris:SlightOfHand","Skewer"],"picked":"SKIP","floor":14.0}],"player_experience":961094,"relics_obtained":[{"floor":2.0,"key":"ReplayTheSpireMod:Ring of Collecting"},{"floor":9.0,"key":"Ring of Peace"},{"floor":9.0,"key":"Art of War"},{"floor":9.0,"key":"Blue Doll"},{"floor":11.0,"key":"ReplayTheSpireMod:Ninjato"}],"event_choices":[{"cards_removed":["Amnesia"],"damage_healed":0.0,"max_hp_gain":0.0,"max_hp_loss":0.0,"gold_gain":0.0,"event_name":"Fountain of Cleansing","player_choice":"Removed Curses","floor":5.0,"gold_loss":0.0,"damage_taken":0.0},{"damage_healed":0.0,"max_hp_gain":0.0,"max_hp_loss":0.0,"gold_gain":1.0,"event_name":"betterThird:BetterScrap","player_choice":"Relic Relic ","floor":10.0,"gold_loss":0.0,"damage_taken":30.0,"cards_obtained":["ConjureBlade"]}],"is_beta":false,"boss_relics":[],"items_purged_floors":[],"is_endless":false,"potions_floor_spawned":[1,12],"killed_by":"The Guardian","ascension_level":8}}