{"host":"wc8dlsuapnihxz7u","time":1607668355,"event":{"mods":["2.2 Compatiblity","AchievementEnabler","AlwaysNeverKeys","Aspiration","BaseMod","Better Altar","Energized Spire","GifTheSpireLib","Hubris","Minty Spire (QoL Compilation)","Permanent Neow","StSLib","SuperFastMode"],"gold_per_floor":[119,119,119,119,136,136,148,160,186,218,237,255,265,276,276,380,380,394,394,404,404,13,44,44,44,44,61,86,101,101,111,111,215,265,285,304,304,321,22,40,40,40],"floor_reached":41,"playtime":2186,"items_purged":["Strike_B"],"score":461,"play_id":"3af9733f-ea8b-4bd3-8089-910c6c451de7","local_time":"20201211013235","is_ascension_mode":true,"campfire_choices":[{"floor":6,"key":"REST"},{"floor":15,"key":"REST"},{"floor":25,"key":"REST"},{"data":"Loop","floor":30,"key":"SMITH"},{"data":"Creative AI","floor":32,"key":"SMITH"}],"circlet_count":0,"master_deck":["Strike_B","Strike_B","Strike_B","Defend_B","Defend_B","Defend_B","Defend_B","Zap","Dualcast","Storm","Ball Lightning","Leap","Chill","BootSequence","Hello World+1","Buffer","Capacitor+1","Storm","Loop+1","Self Repair","Reinforced Body+1","Self Repair+1","Beam Cell+1","Beam Cell+1","Creative AI+1","Electrodynamics","Streamline+1","Ball Lightning+1","Barrage+1","Sunder+1","Gash+1"],"relics":["Cracked Core","aspiration:Nostalgia","PureWater","Bag of Marbles","hubris:Towel","The Courier","hubris:FruitBowl","Orichalcum","Eternal Feather","Nuclear Battery","Emotion Chip","Anchor","Molten Egg 2","Calipers","Tiny House","Runic Capacitor","Nunchaku"],"acts_visited":["Exordium","TheCity","TheBeyond"],"potions_floor_usage":[10,10,11,13,16,28,28,29,33,36,41],"damage_taken":[{"damage":5,"enemies":"2 Louse","floor":1,"turns":3},{"damage":1,"enemies":"Jaw Worm","floor":5,"turns":2},{"damage":6,"enemies":"Cultist","floor":7,"turns":3},{"damage":0,"enemies":"Exordium Wildlife","floor":8,"turns":3},{"damage":26,"enemies":"Gremlin Nob","floor":10,"turns":4},{"damage":4,"enemies":"Exordium Thugs","floor":11,"turns":3},{"damage":0,"enemies":"Large Slime","floor":12,"turns":5},{"damage":3,"enemies":"Lots of Slimes","floor":13,"turns":4},{"damage":0,"enemies":"Looter","floor":14,"turns":3},{"damage":31,"enemies":"Hexaghost","floor":16,"turns":12},{"damage":19,"enemies":"Shell Parasite","floor":18,"turns":8},{"damage":13,"enemies":"Spheric Guardian","floor":20,"turns":5},{"damage":16,"enemies":"Book of Stabbing","floor":23,"turns":6},{"damage":7,"enemies":"Snake Plant","floor":27,"turns":5},{"damage":12,"enemies":"Gremlin Leader","floor":28,"turns":7},{"damage":0,"enemies":"Shelled Parasite and Fungi","floor":29,"turns":6},{"damage":21,"enemies":"Chosen and Byrds","floor":31,"turns":7},{"damage":57,"enemies":"Automaton","floor":33,"turns":12},{"damage":4,"enemies":"3 Shapes","floor":35,"turns":5},{"damage":21,"enemies":"3 Darklings","floor":36,"turns":4},{"damage":35,"enemies":"Writhing Mass","floor":38,"turns":7},{"damage":44,"enemies":"Spire Growth","floor":40,"turns":5},{"damage":26,"enemies":"Giant Head","floor":41,"turns":5}],"seed_played":"4862127258832374046","potions_obtained":[{"floor":5,"key":"EntropicBrew"},{"floor":11,"key":"Fruit Juice"},{"floor":14,"key":"EssenceOfSteel"},{"floor":16,"key":"PotionOfCapacity"},{"floor":20,"key":"DistilledChaos"},{"floor":21,"key":"LiquidBronze"},{"floor":28,"key":"Swift Potion"},{"floor":29,"key":"LiquidBronze"},{"floor":34,"key":"Ancient Potion"},{"floor":36,"key":"Dexterity Potion"},{"floor":38,"key":"LiquidBronze"}],"is_trial":false,"path_per_floor":["M","?","?","$","M","R","M","M","T","E","M","M","M","M","R","B",null,"M","?","M","?","$","E","$","R","T","M","E","M","R","M","R","B",null,"M","M","M","M","$","M","E"],"character_chosen":"DEFECT","items_purchased":["The Courier","hubris:FruitBowl","Emotion Chip","Storm","Loop","Self Repair","Runic Capacitor","Nunchaku"],"campfire_rested":3,"item_purchase_floors":[4,4,22,22,22,22,39,39],"current_hp_per_floor":[70,58,58,24,23,45,39,39,39,13,16,16,13,13,46,15,82,63,63,50,50,50,41,41,77,77,77,82,82,82,68,82,35,89,85,71,71,53,53,19,0,0],"gold":40,"neow_bonus":"NOSTALGIA","is_daily":false,"chose_seed":false,"campfire_upgraded":2,"win_rate":0.0,"timestamp":1607668355,"path_taken":["M","?","?","?","M","R","M","M","T","E","M","M","M","?","R","BOSS","M","?","M","?","$","E","$","R","T","M","E","M","R","M","R","BOSS","M","M","M","?","$","M","E"],"items_purchased_type":["Relic","Relic","Relic","Card","Card","Card","Relic","Relic"],"build_version":"2020-11-30","purchased_purges":1,"victory":false,"max_hp_per_floor":[75,75,75,75,75,75,75,75,75,75,82,82,82,82,82,82,82,82,82,82,82,82,82,82,82,82,82,82,82,82,82,82,82,89,89,89,89,89,89,89,89,89],"card_choices":[{"not_picked":["Streamline","Stack"],"picked":"Storm","floor":1},{"not_picked":["Beam Cell","Tempest"],"picked":"Ball Lightning","floor":5},{"not_picked":["Streamline","Compile Driver","hubris:Ukulele"],"picked":"SKIP","floor":7},{"not_picked":["Rebound","Heatsinks"],"picked":"Leap","floor":8},{"not_picked":["Double Energy","aspiration:Polymerization"],"picked":"Chill","floor":10},{"not_picked":["Turbo","Sweeping Beam"],"picked":"BootSequence","floor":11},{"not_picked":["Gash","Redo","Barrage"],"picked":"SKIP","floor":12},{"not_picked":["Turbo","Force Field"],"picked":"Hello World","floor":13},{"not_picked":["Doom and Gloom","Compile Driver","Gash"],"picked":"SKIP","floor":14},{"not_picked":["hubris:Prefetch","Meteor Strike"],"picked":"Buffer","floor":16},{"not_picked":["Doom and Gloom","Stack","hubris:PowerSurge+1"],"picked":"SKIP","floor":18},{"not_picked":["Go for the Eyes","Skim"],"picked":"Capacitor","floor":20},{"not_picked":["Reprogram","All For One"],"picked":"Reinforced Body+1","floor":23},{"not_picked":["Static Discharge","Chill"],"picked":"Self Repair+1","floor":27},{"not_picked":["hubris:PowerSurge","Redo"],"picked":"Beam Cell+1","floor":28},{"not_picked":["Steam","Force Field"],"picked":"Beam Cell+1","floor":29},{"not_picked":["Coolheaded","Barrage+1"],"picked":"Creative AI","floor":31},{"not_picked":["hubris:SpecializedCircuitry","hubris:Prefetch"],"picked":"Electrodynamics","floor":33},{"not_picked":["Hologram+1","Compile Driver+1"],"picked":"Streamline+1","floor":34},{"not_picked":["Skim","Beam Cell+1"],"picked":"Ball Lightning+1","floor":35},{"not_picked":["Leap","Steam+1"],"picked":"Barrage+1","floor":36},{"not_picked":["Cold Snap+1","Coolheaded+1"],"picked":"Sunder+1","floor":38},{"not_picked":["Steam+1","Lockon+1"],"picked":"Gash+1","floor":40}],"player_experience":97129,"relics_obtained":[{"floor":9,"key":"Orichalcum"},{"floor":10,"key":"Eternal Feather"},{"floor":23,"key":"Anchor"},{"floor":26,"key":"Molten Egg 2"},{"floor":28,"key":"Calipers"}],"event_choices":[{"damage_healed":0,"gold_gain":0,"player_choice":"Success","damage_taken":12,"relics_obtained":["Bag of Marbles"],"max_hp_gain":0,"max_hp_loss":0,"event_name":"Scrap Ooze","floor":2,"gold_loss":0},{"damage_healed":0,"gold_gain":0,"player_choice":"Got Potions","damage_taken":0,"max_hp_gain":0,"max_hp_loss":0,"event_name":"Lab","floor":21,"gold_loss":0}],"is_beta":false,"boss_relics":[{"not_picked":["hubris:GrandSneckoEye","FrozenCore"],"picked":"Nuclear Battery"},{"not_picked":["aspiration:WatcherSkillbook","Runic Pyramid"],"picked":"Tiny House"}],"items_purged_floors":[39],"is_endless":false,"potions_floor_spawned":[5,11,14,16,18,20,28,29,36,38],"killed_by":"Giant Head","ascension_level":1}}