{"host":"5ezk7t18wcb10u1o","time":1607646448,"event":{"mods":["BaseMod","Bestiary","Colored Powertips","Minty Spire (QoL Compilation)","Relic Sorter"],"gold_per_floor":[114,129,140,140,157,183,183,197,221,235,235,109,122,137,137,214,214,228,247,247,247,260,260,260],"floor_reached":23,"playtime":1089,"items_purged":[],"score":345,"play_id":"c84c35b3-d50b-4381-a524-4d3f2898e278","local_time":"20201211002728","is_ascension_mode":true,"campfire_choices":[{"floor":7.0,"key":"REST"},{"floor":11,"key":"REST"},{"floor":15,"key":"REST"}],"circlet_count":0,"master_deck":["AscendersBane","Strike_B","Strike_B","Strike_B","Strike_B","Defend_B","Defend_B","Defend_B","Zap","Dualcast","Static Discharge","Gash","Streamline","Doom and Gloom","Melter","Beam Cell","Chill","Conserve Battery","Conserve Battery","Biased Cognition","Go for the Eyes","Steam","Hologram"],"relics":["FrozenCore","The Courier","Happy Flower","MealTicket"],"acts_visited":["Exordium","TheCity"],"potions_floor_usage":[14,16,22,23],"damage_taken":[{"damage":2.0,"enemies":"2 Louse","floor":1.0,"turns":3.0},{"damage":0.0,"enemies":"Cultist","floor":2.0,"turns":4.0},{"damage":2.0,"enemies":"Jaw Worm","floor":3.0,"turns":3.0},{"damage":1.0,"enemies":"3 Louse","floor":5.0,"turns":2.0},{"damage":30.0,"enemies":"Gremlin Nob","floor":6.0,"turns":4.0},{"damage":11.0,"enemies":"Blue Slaver","floor":8.0,"turns":3.0},{"damage":25,"enemies":"Gremlin Gang","floor":10,"turns":3},{"damage":8,"enemies":"Exordium Wildlife","floor":13,"turns":3},{"damage":0,"enemies":"2 Fungi Beasts","floor":14,"turns":2},{"damage":23,"enemies":"The Guardian","floor":16,"turns":8},{"damage":3,"enemies":"Shell Parasite","floor":18,"turns":6},{"damage":27,"enemies":"3 Byrds","floor":19,"turns":5},{"damage":17,"enemies":"Sentry and Sphere","floor":22,"turns":6},{"damage":41,"enemies":"Gremlin Leader","floor":23,"turns":4}],"seed_played":"-8143712952881218061","potions_obtained":[{"floor":3.0,"key":"AttackPotion"},{"floor":6.0,"key":"Dexterity Potion"},{"floor":10,"key":"Block Potion"},{"floor":16,"key":"GamblersBrew"},{"floor":18,"key":"SteroidPotion"}],"is_trial":false,"path_per_floor":["M","M","M","?","M","E","R","M","T","M","R","$","M","M","R","B",null,"M","M","$","?","M","E"],"character_chosen":"DEFECT","items_purchased":["MealTicket"],"campfire_rested":3,"item_purchase_floors":[12],"current_hp_per_floor":[69,69,67,67,66,36,59,48,48,23,46,46,38,38,61,38,68,65,38,53,53,36,0,0],"gold":260,"neow_bonus":"TEN_PERCENT_HP_BONUS","is_daily":false,"chose_seed":false,"campfire_upgraded":0,"win_rate":0.0,"timestamp":1607646448,"path_taken":["M","M","M","?","M","E","R","M","T","M","R","$","M","?","R","BOSS","M","M","$","?","M","E"],"items_purchased_type":["Relic"],"build_version":"2020-11-30","purchased_purges":0,"victory":false,"max_hp_per_floor":[78,78,78,78,78,78,78,78,78,78,78,78,78,78,78,78,78,78,78,78,78,78,78,78],"card_choices":[{"not_picked":["Sweeping Beam","Self Repair"],"picked":"Static Discharge","floor":1.0},{"not_picked":["Beam Cell","Leap"],"picked":"Gash","floor":2.0},{"not_picked":["Stack","Chaos"],"picked":"Streamline","floor":3.0},{"not_picked":["Turbo","White Noise"],"picked":"Doom and Gloom","floor":5.0},{"not_picked":["Static Discharge","Conserve Battery"],"picked":"Melter","floor":6.0},{"not_picked":["Compile Driver","Ball Lightning"],"picked":"Beam Cell","floor":8.0},{"not_picked":["Barrage","Hologram"],"picked":"Chill","floor":10},{"not_picked":["Streamline","Rebound"],"picked":"Conserve Battery","floor":13},{"not_picked":["Amplify","Steam"],"picked":"Conserve Battery","floor":14},{"not_picked":["Rainbow","Amplify"],"picked":"Biased Cognition","floor":16},{"not_picked":["White Noise","Leap"],"picked":"Go for the Eyes","floor":18},{"not_picked":["Chill","Coolheaded"],"picked":"Steam","floor":19},{"not_picked":["Beam Cell","Rebound"],"picked":"Hologram","floor":22}],"player_experience":1015810,"relics_obtained":[{"floor":6.0,"key":"The Courier"},{"floor":9.0,"key":"Happy Flower"}],"event_choices":[{"cards_removed":["Defend_B"],"damage_healed":0.0,"max_hp_gain":0.0,"max_hp_loss":0.0,"gold_gain":0.0,"event_name":"Bonfire Elementals","player_choice":"Offered Basic","floor":4.0,"gold_loss":0.0,"damage_taken":0.0},{"damage_healed":0,"gold_gain":0,"player_choice":"Ignored","damage_taken":0,"max_hp_gain":0,"max_hp_loss":0,"event_name":"Cursed Tome","floor":21,"gold_loss":0}],"is_beta":false,"boss_relics":[{"not_picked":["Astrolabe","Inserter"],"picked":"FrozenCore"}],"items_purged_floors":[],"is_endless":false,"potions_floor_spawned":[3,6,10,16,18],"killed_by":"Gremlin Leader","ascension_level":15}}