{"host":"erxdo5czqejbiu49","time":1607727766,"event":{"mods":["Act Like it!","Aspiration","BaseMod","Better Third Choice","Conspire","Downfall-Rebalance","Elementarium","Hermit","Hubris","Minty Spire (QoL Compilation)","Replay The Spire","Shop Mod","StSLib","The Hierophant"],"gold_per_floor":[118,172,190,203,223,223,240,270,354,366,392,436,448,474,554,664,676,708,730,33,49,61,61,78,78,78,78,98,98,115,150,150,254,254,268,268,45,55,73,73,73,90,90,90,90,100,113,125,125,125,125],"floor_reached":50,"playtime":4263,"items_purged":[],"score":582,"play_id":"ef808223-816c-4ad2-9d4c-0544ba67b429","local_time":"20201211180246","is_ascension_mode":false,"campfire_choices":[{"data":"Neutralize","floor":6,"key":"SMITH"},{"data":"Blur","floor":10,"key":"SMITH"},{"data":"Cloak And Dagger","floor":13,"key":"SMITH"},{"floor":23,"key":"REST"},{"floor":29,"key":"REST"},{"data":"Envenom","floor":32,"key":"SMITH"},{"floor":40,"key":"REST"},{"floor":44,"key":"REST"},{"floor":49,"key":"REST"}],"circlet_count":0,"master_deck":["Strike_G","Strike_G","Strike_G","Strike_G","Strike_G","Defend_G+1","Defend_G","Defend_G","Defend_G+1","Defend_G","Survivor","Neutralize+1","Dash","Cloak And Dagger+1","Poisoned Stab","ReplayTheSpireMod:Tripwire+1","Blur+1","Hidden Blade","Cloak And Dagger","Blade Dance","Replay:Poison Smokescreen","Replay:Poison Smokescreen","Slice","Envenom+1","Slice+1","Endless Agony+1","Predator","Amnesia","Crippling Poison+1","Bane","Adrenaline","Poison Darts","Outmaneuver+1","expansioncontent:DefensiveStance","ReplayUltimateDefense+1","expansioncontent:Chronoboost","Noxious Fumes","Flying Knee","Dagger Spray","Fluid Movement","Bane","Deadly Poison+1","Cloak And Dagger+1","Parasite","Dodge and Roll+1"],"relics":["Replay:Bronze Core","hubris:OldNail","hubris:SphereOfDissonance","Ice Cream","aspiration:PoetsPen_weak","MerchantsRug","Tingsha","Gremlin Food","aspiration:StickyExplosives_weak","ReplayTheSpireMod:Ring of Challenge","ReplayTheSpireMod:Ring of Addiction","SacredBark","Chameleon Ring","hubris:Potato","hubris:ScarierMask","ClockworkSouvenir","hubris:Reverence"],"acts_visited":["Exordium","TheCity","TheBeyond"],"potions_floor_usage":[12,16,16,31,31,33,46,50,50],"damage_taken":[{"damage":1,"enemies":"Cultist","floor":1,"turns":4},{"damage":1,"enemies":"2 Louse","floor":3,"turns":3},{"damage":0,"enemies":"Small Slimes","floor":4,"turns":3},{"damage":0,"enemies":"Looter","floor":5,"turns":3},{"damage":0,"enemies":"Exordium Wildlife","floor":7,"turns":6},{"damage":0,"enemies":"Replay:BlueRogue","floor":8,"turns":10},{"damage":4,"enemies":"Exordium Thugs","floor":11,"turns":5},{"damage":22,"enemies":"Lagavulin","floor":12,"turns":6},{"damage":5,"enemies":"Lots of Slimes","floor":14,"turns":3},{"damage":24,"enemies":"The Guardian","floor":16,"turns":20},{"damage":6,"enemies":"Chosen","floor":18,"turns":3},{"damage":3,"enemies":"3 Byrds","floor":19,"turns":6},{"damage":13,"enemies":"Snake Plant","floor":21,"turns":4},{"damage":23,"enemies":"Shelled Parasite and Fungi","floor":22,"turns":6},{"damage":4,"enemies":"Cultist and Chosen","floor":24,"turns":5},{"damage":13,"enemies":"Snake Plant","floor":28,"turns":5},{"damage":0,"enemies":"Snecko","floor":30,"turns":3},{"damage":0,"enemies":"Gremlin Leader","floor":31,"turns":3},{"damage":36,"enemies":"Collector","floor":33,"turns":9},{"damage":28,"enemies":"Orb Walker","floor":35,"turns":4},{"damage":3,"enemies":"3 Shapes","floor":38,"turns":3},{"damage":0,"enemies":"3 Darklings","floor":39,"turns":3},{"damage":8,"enemies":"Maw","floor":42,"turns":8},{"damage":27,"enemies":"Spire Growth","floor":46,"turns":5},{"damage":18,"enemies":"3 Darklings","floor":47,"turns":4},{"damage":8,"enemies":"Writhing Mass","floor":48,"turns":7},{"damage":24,"enemies":"hubris:GrandSnecko","floor":50,"turns":9}],"seed_played":"-1728546623453947676","potions_obtained":[{"floor":1,"key":"Poison Potion"},{"floor":5,"key":"Elixir"},{"floor":7,"key":"Swift Potion"},{"floor":12,"key":"Block Potion"},{"floor":14,"key":"LifebloodPotion"},{"floor":19,"key":"Explosive Potion"},{"floor":22,"key":"CunningPotion"},{"floor":35,"key":"Elixir"},{"floor":46,"key":"Swift Potion"},{"floor":47,"key":"sneckomod:MuddlingPotion"},{"floor":48,"key":"Guardian:BlockOnCardUsePotion"}],"is_trial":false,"path_per_floor":["M","T","M","M","M","R","M","E","T","R","M","E","R","M","R","B",null,"M","M","$","M","M","R","M","?","T","?","M","R","M","E","R","B",null,"M","?","$","M","M","R","NS","M","T","R","?","M","M","M","R","B"],"character_chosen":"THE_SILENT","items_purchased":["MerchantsRug","Envenom","Tingsha","Gremlin Food","Noxious Fumes","ClockworkSouvenir"],"campfire_rested":5,"item_purchase_floors":[20,20,20,20,37,37],"current_hp_per_floor":[69,69,68,68,68,68,68,68,68,68,64,42,42,37,37,13,70,64,61,61,48,25,46,42,42,42,42,29,50,50,50,50,14,68,40,30,30,27,27,46,46,38,38,56,56,29,11,3,21,0,0],"gold":125,"neow_bonus":"BOSS_RELIC","is_daily":false,"chose_seed":false,"campfire_upgraded":4,"win_rate":0.0,"timestamp":1607727766,"path_taken":["M","?","M","M","M","R","M","E","T","R","M","E","R","M","R","BOSS","M","M","$","M","M","R","M","?","T","?","?","R","M","E","R","BOSS","M","?","$","M","M","R","NS","M","T","R","?","M","M","M","R","BOSS"],"items_purchased_type":["Relic","Card","Relic","Relic","Card","Relic"],"build_version":"2020-11-30","purchased_purges":0,"victory":false,"max_hp_per_floor":[70,70,70,70,70,70,70,70,70,70,70,70,70,70,70,70,70,70,70,70,70,70,70,70,70,70,70,70,70,70,68,68,68,68,68,68,66,66,66,64,64,64,62,62,62,60,60,60,60,58,58],"card_choices":[{"not_picked":["Leg Sweep","Backflip"],"picked":"Dash","floor":1},{"not_picked":["Bouncing Flask","Dagger Spray"],"picked":"Cloak And Dagger","floor":3},{"not_picked":["Tactician","Well Laid Plans"],"picked":"Poisoned Stab","floor":4},{"not_picked":["Dagger Throw","Distraction"],"picked":"ReplayTheSpireMod:Tripwire","floor":5},{"not_picked":["Outmaneuver","Acrobatics"],"picked":"Blur","floor":7},{"not_picked":["hubris:TrickCloak","ReplayTheSpireMod:Shiv Toss"],"picked":"Hidden Blade","floor":8},{"not_picked":["Endless Agony","Choke"],"picked":"Cloak And Dagger","floor":11},{"not_picked":["hubris:SlightOfHand","Leg Sweep"],"picked":"Blade Dance","floor":12},{"not_picked":["Heel Hook","Poisoned Stab"],"picked":"Replay:Poison Smokescreen","floor":14},{"not_picked":["Glass Knife","Die Die Die"],"picked":"Grand Finale","floor":16},{"not_picked":["Acrobatics+1","Distraction+1"],"picked":"Replay:Poison Smokescreen","floor":18},{"not_picked":["Cloak And Dagger","Predator"],"picked":"Slice","floor":19},{"not_picked":["hubris:SlightOfHand","Acrobatics+1"],"picked":"Slice+1","floor":21},{"not_picked":["Dagger Throw","PiercingWail"],"picked":"Endless Agony+1","floor":22},{"not_picked":["Setup","ReplayTheSpireMod:From All Sides"],"picked":"Predator","floor":24},{"not_picked":["Calculated Gamble","Deflect"],"picked":"Crippling Poison","floor":28},{"not_picked":["Quick Slash","Deflect"],"picked":"Bane","floor":30},{"not_picked":["Escape Plan+1","Underhanded Strike"],"picked":"Adrenaline","floor":31},{"not_picked":["Unload","Bullet Time"],"picked":"Poison Darts","floor":33},{"not_picked":["ReplayTheSpireMod:The Works","Underhanded Strike+1"],"picked":"Outmaneuver","floor":35},{"not_picked":["expansioncontent:HyperBeam","Forethought"],"picked":"expansioncontent:DefensiveStance","floor":36},{"not_picked":["Blind","Dark Shackles"],"picked":"ReplayUltimateDefense","floor":36},{"not_picked":["expansioncontent:Corrupt","Thinking Ahead"],"picked":"expansioncontent:Chronoboost","floor":36},{"not_picked":["Outmaneuver","Dagger Throw+1"],"picked":"Flying Knee","floor":38},{"not_picked":["Setup+1","ReplayTheSpireMod:Speed Training+1"],"picked":"Dagger Spray","floor":39},{"not_picked":["Accuracy","Catalyst"],"picked":"Fluid Movement","floor":42},{"not_picked":["Sneak Up+1","Heel Hook"],"picked":"Deadly Poison+1","floor":46},{"not_picked":["hubris:TrickCloak","Prepared"],"picked":"Cloak And Dagger+1","floor":47},{"not_picked":["Poisoned Stab","Bane+1"],"picked":"Dodge and Roll+1","floor":48}],"player_experience":375610,"relics_obtained":[{"floor":2,"key":"hubris:OldNail"},{"floor":8,"key":"MawBank"},{"floor":9,"key":"hubris:SphereOfDissonance"},{"floor":12,"key":"Ice Cream"},{"floor":26,"key":"aspiration:StickyExplosives_weak"},{"floor":27,"key":"ReplayTheSpireMod:Ring of Challenge"},{"floor":27,"key":"ReplayTheSpireMod:Ring of Addiction"},{"floor":27,"key":"SacredBark"},{"floor":27,"key":"Chameleon Ring"},{"floor":31,"key":"hubris:Potato"},{"floor":43,"key":"hubris:Reverence"}],"event_choices":[{"damage_healed":0,"gold_gain":68,"player_choice":"Gained Gold","damage_taken":0,"max_hp_gain":0,"max_hp_loss":0,"event_name":"Golden Wing","floor":15,"gold_loss":0},{"damage_healed":0,"gold_gain":0,"player_choice":"Memory 3","damage_taken":10,"max_hp_gain":0,"max_hp_loss":0,"event_name":"SensoryStone","floor":36,"gold_loss":0},{"damage_healed":0,"gold_gain":0,"cards_transformed":["Grand Finale"],"player_choice":"Transformed","damage_taken":0,"max_hp_gain":0,"max_hp_loss":0,"event_name":"Transmorgrifier","floor":45,"gold_loss":0,"cards_obtained":["Bane"]}],"is_beta":false,"boss_relics":[{"not_picked":["Kintsugi","aspiration:DefectSkillbook"],"picked":"aspiration:PoetsPen_weak"},{"not_picked":["hubris:VirtuousBlindfold","Honey Jar"],"picked":"hubris:ScarierMask"}],"items_purged_floors":[],"is_endless":false,"potions_floor_spawned":[1,5,7,12,14,19,22,24,35,46,47,48],"killed_by":"hubris:GrandSnecko","ascension_level":0}}