{"host":"j4g6ia6asvpyu2b0","time":1607686689,"event":{"mods":["BaseMod","Colored Map","Minty Spire (QoL Compilation)","Permanent Neow","Quick Restart","Relic Stats","StSLib","Unceasing Turn Reminder"],"gold_per_floor":[109,25,25,52,139,181,193,205,205],"floor_reached":8,"playtime":103,"items_purged":[],"score":62,"play_id":"34ef8c0f-2cfb-4429-b27b-55cc08427e69","local_time":"20201211043809","is_ascension_mode":true,"campfire_choices":[{"data":"Dagger Throw","floor":7,"key":"SMITH"}],"circlet_count":0,"master_deck":["Strike_G","Strike_G","Strike_G","Strike_G","Strike_G","Defend_G","Defend_G","Defend_G","Defend_G","Defend_G","Survivor","Neutralize","PiercingWail","Tactician","Dagger Throw+1","Riddle With Holes"],"relics":["Ring of the Snake","Orichalcum","MawBank","Sundial"],"acts_visited":["Exordium"],"potions_floor_usage":[],"damage_taken":[{"damage":0,"enemies":"2 Louse","floor":1,"turns":4},{"damage":50,"enemies":"Gremlin Nob","floor":6,"turns":6},{"damage":0,"enemies":"Lagavulin","floor":8,"turns":1}],"seed_played":"-2179347526840425033","potions_obtained":[],"is_trial":false,"path_per_floor":["M","$","?","T","?","E","R","E"],"character_chosen":"THE_SILENT","items_purchased":["Tactician","Dagger Throw"],"campfire_rested":0,"item_purchase_floors":[2,2],"current_hp_per_floor":[70,70,75,75,64,14,14,14,14],"gold":205,"neow_bonus":"RANDOM_COMMON_RELIC","is_daily":false,"chose_seed":false,"campfire_upgraded":1,"win_rate":0.0,"timestamp":1607686689,"path_taken":["M","$","?","?","?","E","R","E"],"items_purchased_type":["Card","Card"],"build_version":"2020-11-30","purchased_purges":0,"victory":false,"max_hp_per_floor":[70,70,75,75,75,75,75,75,75],"relic_stats":{"counters":[3,10],"Sundial":[0],"Orichalcum":[30],"MawBank":48,"obtain_stats":[{"Sundial":6,"Orichalcum":0,"MawBank":4,"Ring of the Snake":0},{"Sundial":2,"Orichalcum":0,"MawBank":1,"Ring of the Snake":0},{"Sundial":10,"Orichalcum":0,"MawBank":4,"Ring of the Snake":0}],"Ring of the Snake":[4]},"card_choices":[{"not_picked":["Deflect","Slice"],"picked":"PiercingWail","floor":1},{"not_picked":["Bane","Slice"],"picked":"Riddle With Holes","floor":6}],"player_experience":607242,"relics_obtained":[{"floor":4,"key":"MawBank"},{"floor":6,"key":"Sundial"}],"event_choices":[{"damage_healed":0,"gold_gain":0,"player_choice":"Donut","damage_taken":0,"max_hp_gain":5,"max_hp_loss":0,"event_name":"Big Fish","floor":3,"gold_loss":0},{"damage_healed":0,"gold_gain":75,"player_choice":"Gather Gold","damage_taken":11,"max_hp_gain":0,"max_hp_loss":0,"event_name":"World of Goop","floor":5,"gold_loss":0}],"is_beta":false,"boss_relics":[],"items_purged_floors":[],"is_endless":false,"potions_floor_spawned":[],"killed_by":"Lagavulin","ascension_level":4}}