{"host":"fr59kc135u003izd","time":1607663067,"event":{"mods":["AchievementEnabler","BaseMod","Better Note","Better Third Choice","BetterRewards","Colored Map","Colored Powertips","Custom Start","Marisa????????","Minty Spire (QoL Compilation)","Permanent Neow","Rare Cards Sparkle","Relic Stats","StSLib","The Animator","The Bug Knight","Uncapped"],"gold_per_floor":[20,20,38,56,56,56,85,104,104,25,45,78,95,109,109,212,262,275,200,200,200,200,220,240,251,251,262,262,274,284,284,284,379,379,397,397,397,397,417,417,434,434,457,457,477,477,489,503,503,503],"floor_reached":51,"playtime":2530,"items_purged":["HollowMod:NailStrikeStart"],"score":740,"play_id":"a6369062-5265-4fcb-b9b1-c11d8d4b3b5c","local_time":"20201210230427","is_ascension_mode":false,"campfire_choices":[{"floor":6.0,"key":"REST"},{"floor":15,"key":"REST"},{"floor":28,"key":"REST"},{"floor":32,"key":"REST"},{"floor":40,"key":"REST"},{"floor":42,"key":"REST"},{"floor":44,"key":"REST"},{"floor":46,"key":"REST"},{"floor":49,"key":"REST"}],"circlet_count":0,"master_deck":["HollowMod:NailStrikeStart","HollowMod:NailStrikeStart+1","HollowMod:QuickDashStart","HollowMod:QuickDashStart","HollowMod:FocusHealStart+1","HollowMod:PogoStrike","Apotheosis+1","HollowMod:DoubleDash","HollowMod:QuirrelsAssistance","HollowMod:GrimmsGift","HollowMod:CycloneSlash","HollowMod:DesolateDive","HollowMod:PerfectDash+1","HollowMod:MantisMark","HollowMod:HowlingWraiths","HollowMod:HowlingWraiths","HollowMod:PureVessel+1","HollowMod:DashSlash+1","HollowMod:Weaversong","Finesse","Bandage Up","The Bomb","Madness","Madness","Parasite","HollowMod:GoodIntentions"],"relics":["HollowMod:KingsSoulRelic","Strawberry","War Paint","Kunai","Tiny House","HollowMod:StagPassRelic","Sozu","Vajra"],"acts_visited":["Exordium","TheCity","TheBeyond"],"potions_floor_usage":[23,29,33,33,33,50],"damage_taken":[{"damage":3.0,"enemies":"Jaw Worm","floor":1.0,"turns":3.0},{"damage":0.0,"enemies":"Small Slimes","floor":3.0,"turns":3.0},{"damage":4.0,"enemies":"Cultist","floor":4.0,"turns":3.0},{"damage":8,"enemies":"Gremlin Nob","floor":7,"turns":3},{"damage":4,"enemies":"3 Louse","floor":8,"turns":2},{"damage":0,"enemies":"Blue Slaver","floor":11,"turns":2},{"damage":0,"enemies":"Lagavulin","floor":12,"turns":4},{"damage":2,"enemies":"Looter","floor":13,"turns":2},{"damage":12,"enemies":"2 Fungi Beasts","floor":14,"turns":2},{"damage":0,"enemies":"Slime Boss","floor":16,"turns":4},{"damage":9,"enemies":"Spheric Guardian","floor":18,"turns":5},{"damage":10,"enemies":"3 Byrds","floor":23,"turns":2},{"damage":24,"enemies":"Sentry and Sphere","floor":24,"turns":5},{"damage":10,"enemies":"Snecko","floor":25,"turns":5},{"damage":36,"enemies":"3 Cultists","floor":27,"turns":4},{"damage":12,"enemies":"Snake Plant","floor":29,"turns":5},{"damage":20,"enemies":"Centurion and Healer","floor":30,"turns":3},{"damage":47,"enemies":"Automaton","floor":33,"turns":10},{"damage":11,"enemies":"3 Shapes","floor":35,"turns":3},{"damage":27,"enemies":"3 Darklings","floor":39,"turns":3},{"damage":55,"enemies":"HollowMod:SlobberingHusk","floor":41,"turns":7},{"damage":24,"enemies":"4 Shapes","floor":45,"turns":5},{"damage":22,"enemies":"Maw","floor":47,"turns":7},{"damage":30,"enemies":"Writhing Mass","floor":48,"turns":5},{"damage":92,"enemies":"Awakened One","floor":50,"turns":15}],"seed_played":"6488193758682287216","potions_obtained":[{"floor":1.0,"key":"LiquidBronze"},{"floor":8,"key":"LiquidMemories"},{"floor":11,"key":"Explosive Potion"},{"floor":13,"key":"Fire Potion"},{"floor":27,"key":"Explosive Potion"},{"floor":29,"key":"ColorlessPotion"},{"floor":33,"key":"Energy Potion"}],"is_trial":false,"path_per_floor":["M","?","M","M","?","R","E","M","T","$","M","E","M","M","R","B",null,"M","$","?","?","?","M","M","M","T","M","R","M","M","?","R","B",null,"M","?","?","?","M","R","M","R","T","R","M","R","M","M","R","B",null],"character_chosen":"THE_BUGKNIGHT","items_purchased":["HollowMod:MantisMark"],"campfire_rested":9,"item_purchase_floors":[10],"current_hp_per_floor":[72,72,72,68,68,75,74,70,70,70,70,76,80,68,82,82,87,78,78,78,78,78,68,50,50,50,20,46,40,20,20,46,5,87,76,66,55,55,38,64,15,41,41,67,55,81,71,55,81,5],"gold":503,"neow_bonus":"RANDOM_COLORLESS_2","is_daily":false,"chose_seed":false,"campfire_upgraded":0,"win_rate":0.0,"timestamp":1607663067,"path_taken":["M","?","M","M","?","R","E","M","T","$","M","E","M","M","R","BOSS","M","$","?","?","?","M","M","M","T","?","R","M","M","?","R","BOSS","M","?","?","?","M","R","M","R","T","R","M","R","M","?","R","BOSS"],"items_purchased_type":["Card"],"build_version":"2020-11-30","purchased_purges":1,"victory":true,"max_hp_per_floor":[75,75,75,75,75,75,82,82,82,82,82,82,82,82,82,82,87,87,87,87,87,87,87,87,87,87,87,87,87,87,87,87,87,87,87,87,87,87,87,87,87,87,87,87,87,87,87,87,87,87],"relic_stats":{"Sozu":3,"counters":[25,112],"Kunai":[29],"War Paint":["HollowMod:PerfectDash","HollowMod:FocusHealStart"],"obtain_stats":[{"Sozu":34,"Tiny House":17,"Strawberry":7,"Vajra":43,"HollowMod:VesselMask":0,"Kunai":12,"War Paint":9,"HollowMod:KingsBrand":1,"HollowMod:StagPassRelic":26,"HollowMod:KingsSoulRelic":1},{"Sozu":18,"Tiny House":10,"Strawberry":4,"Vajra":21,"HollowMod:VesselMask":0,"Kunai":7,"War Paint":5,"HollowMod:KingsBrand":1,"HollowMod:StagPassRelic":14,"HollowMod:KingsSoulRelic":1},{"Sozu":67,"Tiny House":28,"Strawberry":12,"Vajra":80,"HollowMod:VesselMask":0,"Kunai":20,"War Paint":14,"HollowMod:KingsBrand":3,"HollowMod:StagPassRelic":45,"HollowMod:KingsSoulRelic":3}]},"card_choices":[{"not_picked":["Violence","Mayhem"],"picked":"Apotheosis","floor":0.0},{"not_picked":["HollowMod:HuntersJournal","HollowMod:InfectionAssault"],"picked":"HollowMod:DoubleDash","floor":1.0},{"not_picked":["HollowMod:GreatSlash","HollowMod:DoubleDash"],"picked":"HollowMod:GrimmsGift","floor":3.0},{"not_picked":["HollowMod:DoubleDash","HollowMod:HeavyBlow"],"picked":"HollowMod:CycloneSlash","floor":4.0},{"not_picked":["HollowMod:SharpenedShadows","HollowMod:ShapeofUnn"],"picked":"HollowMod:DesolateDive","floor":7},{"not_picked":["HollowMod:VengefulVoid","HollowMod:DungDefenderAura"],"picked":"HollowMod:PerfectDash","floor":8},{"not_picked":["HollowMod:NewLittleFool","HollowMod:CoiledNail","HollowMod:SoulSplash"],"picked":"SKIP","floor":11},{"not_picked":["HollowMod:SiblingsShadow","HollowMod:Weaversong"],"picked":"HollowMod:HowlingWraiths","floor":12},{"not_picked":["HollowMod:GrimmsGift","HollowMod:CloakDash"],"picked":"HollowMod:HowlingWraiths","floor":13},{"not_picked":["HollowMod:HeavyBlow","HollowMod:ShadowDash","HollowMod:LifebloodCocoon"],"picked":"SKIP","floor":14},{"not_picked":["HollowMod:ElderbugsWisdom","HollowMod:AwokenDreamNail"],"picked":"HollowMod:PureVessel","floor":16},{"not_picked":["HollowMod:TaintedHusks","HollowMod:CoiledNail+1","HollowMod:DungDefenderAura"],"picked":"SKIP","floor":18},{"not_picked":["HollowMod:TaintedHusks","HollowMod:PureVessel","HollowMod:LifebloodCocoon"],"picked":"SKIP","floor":23},{"not_picked":["HollowMod:HeavyBlow+1","HollowMod:SharpenedNail","HollowMod:Grubsong+1"],"picked":"SKIP","floor":24},{"not_picked":["HollowMod:SoulSplash","HollowMod:NewJinnsSoul","HollowMod:ChannelNail"],"picked":"SKIP","floor":25},{"not_picked":["HollowMod:DoubleDash","HollowMod:NewLittleFool","HollowMod:SoulStrike"],"picked":"SKIP","floor":27},{"not_picked":["HollowMod:VengefulSpirit","HollowMod:HowlingWraiths"],"picked":"HollowMod:DashSlash+1","floor":29},{"not_picked":["HollowMod:SiblingsSouls","HollowMod:InfectedAttack+1","HollowMod:CornifersMapStart"],"picked":"SKIP","floor":30},{"not_picked":["HollowMod:ZotesMagnificence","HollowMod:NewInfectedGuardian"],"picked":"HollowMod:Weaversong","floor":33},{"not_picked":["HollowMod:TaintedHusks","HollowMod:InfectedAttack","HollowMod:SoulStrike+1"],"picked":"SKIP","floor":35},{"not_picked":["Metamorphosis","Sadistic Nature"],"picked":"Finesse","floor":36},{"not_picked":["Forethought","Swift Strike"],"picked":"Bandage Up","floor":36},{"not_picked":["Finesse","Deep Breath"],"picked":"The Bomb","floor":36},{"not_picked":["HollowMod:WraithStrike+1","HollowMod:NewLittleFool","HollowMod:ShadowDash+1"],"picked":"SKIP","floor":39},{"not_picked":["HollowMod:SiblingsShadow+1","HollowMod:FastStrike","HollowMod:SharpenedNail"],"picked":"SKIP","floor":41},{"not_picked":["HollowMod:NewLittleFool+1","HollowMod:InfectionAssault","HollowMod:HeavyBlow+1"],"picked":"SKIP","floor":45},{"not_picked":["HollowMod:InfectedCysts","HollowMod:TaintedHusks","HollowMod:WraithStrike+1"],"picked":"SKIP","floor":47},{"not_picked":["HollowMod:CornifersMapStart","HollowMod:DungDefenderAura+1"],"picked":"HollowMod:GoodIntentions","floor":48}],"player_experience":162297,"relics_obtained":[{"floor":7,"key":"Strawberry"},{"floor":9,"key":"War Paint"},{"floor":12,"key":"Kunai"},{"floor":26,"key":"HollowMod:StagPassRelic"},{"floor":43,"key":"Vajra"}],"event_choices":[{"damage_healed":0.0,"max_hp_gain":0.0,"max_hp_loss":0.0,"gold_gain":0.0,"cards_transformed":["HollowMod:QuickDashStart"],"event_name":"Living Wall","player_choice":"Change","floor":2.0,"gold_loss":0.0,"damage_taken":0.0,"cards_obtained":["HollowMod:QuirrelsAssistance"]},{"damage_healed":0.0,"max_hp_gain":0.0,"max_hp_loss":0.0,"gold_gain":0.0,"event_name":"Upgrade Shrine","player_choice":"Upgraded","floor":5.0,"gold_loss":0.0,"damage_taken":0.0,"cards_upgraded":["Apotheosis"]},{"damage_healed":0,"gold_gain":0,"player_choice":"Got Potions","damage_taken":0,"max_hp_gain":0,"max_hp_loss":0,"event_name":"Lab","floor":20,"gold_loss":0},{"cards_removed":["HollowMod:QuickDashStart"],"damage_healed":0,"gold_gain":0,"player_choice":"Offered Basic","damage_taken":0,"max_hp_gain":0,"max_hp_loss":0,"event_name":"Bonfire Elementals","floor":21,"gold_loss":0},{"damage_healed":0,"gold_gain":0,"player_choice":"Ignored","damage_taken":0,"max_hp_gain":0,"max_hp_loss":0,"event_name":"Accursed Blacksmith","floor":22,"gold_loss":0},{"cards_removed":["HollowMod:NailStrikeStart"],"damage_healed":0,"gold_gain":0,"player_choice":"Purged","damage_taken":0,"max_hp_gain":0,"max_hp_loss":0,"event_name":"Purifier","floor":31,"gold_loss":0},{"damage_healed":0,"gold_gain":0,"player_choice":"Memory 3","damage_taken":10,"max_hp_gain":0,"max_hp_loss":0,"event_name":"SensoryStone","floor":36,"gold_loss":0},{"damage_healed":0,"gold_gain":0,"player_choice":"Embrace Madness","damage_taken":11,"max_hp_gain":0,"max_hp_loss":0,"event_name":"Winding Halls","floor":37,"gold_loss":0,"cards_obtained":["Madness","Madness"]},{"damage_healed":0,"gold_gain":0,"player_choice":"Upgraded","damage_taken":0,"max_hp_gain":0,"max_hp_loss":0,"event_name":"Upgrade Shrine","floor":38,"gold_loss":0,"cards_upgraded":["HollowMod:PureVessel"]}],"is_beta":false,"boss_relics":[{"not_picked":["HollowMod:VoidIdolRelic","Coffee Dripper"],"picked":"Tiny House"},{"not_picked":["Calling Bell","SacredBark"],"picked":"Sozu"}],"items_purged_floors":[19],"is_endless":false,"potions_floor_spawned":[1,8,11,13,16,27,29,30,33,35,39,41],"ascension_level":0}}