{"host":"5ulchbufvix69gs5","time":1607716456,"event":{"mods":["2.2 Compatiblity","AchievementEnabler","Act Like it!","Aspiration","Bard","BaseMod","Beaked The Cultist","Better Altar","Better Match","Better Note","Better Sensory Stone","Better Skull","Better Third Choice","BetterRewards","CCEM","Clawfect","Colored Map","Conspire","DeckTracker","Downfall","Friendly Minions","GifTheSpireLib","Googly Eyes","Halation","Hallownest","Hermit","Highlight Path","Hubris","Hunter ??","Infinite Spire","Jedi Mod","Jorbs\u0027s Wanderer Trilogy","Mad Scientist","Marisa????????","Mimic Mod","Minty Spire (QoL Compilation)","Permanent Neow","Replay The Spire","Shade Mod","Shop Mod","Spicy Shops","StSLib","Stuff the Spire","The Administrix","The Blackbeard","The Bug Knight","The Construct","The Cursed","The Disciple","The Factory","The Gatherer","The Hierophant","The Jungle","The Mystic","The Necromancer","The Problem Sleuth","The Runesmith","The Servant 0.9.4","The Spell Scribe","The Witch","Unceasing Turn Reminder"],"gold_per_floor":[118,118,0,0,18,27,27,27,27,43,69,22,42,73,73,177,177,186,186],"floor_reached":18,"playtime":1623,"items_purged":[],"score":180,"play_id":"c2adb438-62f2-4649-ad13-79c7f7febb73","local_time":"20201211205416","is_ascension_mode":false,"campfire_choices":[{"data":"beaked:Foresight","floor":7.0,"key":"SMITH"},{"data":"beaked:BraceForImpact","floor":15.0,"key":"SMITH"}],"circlet_count":0,"master_deck":["beaked:Strike_Y","beaked:Strike_Y","beaked:Strike_Y","beaked:Strike_Y","beaked:Strike_Y","beaked:Strike_Y","beaked:Defend_Y","beaked:Defend_Y","beaked:Defend_Y","beaked:Defend_Y","beaked:Ceremony+1","beaked:Ceremony","beaked:Ceremony","Enlightenment","beaked:Insight","beaked:Foresight+1","hubris:NaturalOne","beaked:MachineSpirit","ReplayTheSpireMod:Wings of Steel","beaked:BraceForImpact+1","beaked:Evade"],"relics":["beaked:MendingPlumage","hubris:Icosahedron","hubris:OldNail","Replay:Bottled Snecko","halation:IllGainedPizza","halation:Pancakes","halation:SmartPhone"],"acts_visited":["Exordium","TheCity"],"potions_floor_usage":[],"damage_taken":[{"damage":12.0,"enemies":"Cultist","floor":1.0,"turns":5.0},{"damage":17.0,"enemies":"Small Slimes","floor":5.0,"turns":6.0},{"damage":26.0,"enemies":"Lagavulin","floor":6.0,"turns":8.0},{"damage":9.0,"enemies":"2 Louse","floor":10.0,"turns":7.0},{"damage":52.0,"enemies":"3 Sentries","floor":11.0,"turns":9.0},{"damage":10.0,"enemies":"Blue Slaver","floor":13.0,"turns":7.0},{"damage":43.0,"enemies":"Gremlin Nob","floor":14.0,"turns":5.0},{"damage":48.0,"enemies":"Fading Forest","floor":16.0,"turns":11.0},{"damage":45.0,"enemies":"Spheric Guardian","floor":18.0,"turns":8.0}],"seed_played":"711235493580726226","potions_obtained":[{"floor":5.0,"key":"Fire Potion"},{"floor":10.0,"key":"Toxic Potion"},{"floor":11.0,"key":"jedi:hoardpotion"}],"is_trial":false,"path_per_floor":["M","?","?","?","M","E","R","$","T","M","E","$","M","E","R","B",null,"M"],"character_chosen":"BEAKED_THE_CULTIST","items_purchased":["beaked:BraceForImpact"],"campfire_rested":0,"item_purchase_floors":[12],"current_hp_per_floor":[50,50,56,56,58,48,48,48,48,61,31,31,44,50,50,51,61,38,38],"gold":186,"neow_bonus":"TEN_PERCENT_HP_BONUS","is_daily":false,"chose_seed":false,"campfire_upgraded":2,"win_rate":0.0,"timestamp":1607716456,"path_taken":["M","?","?","?","M","E","R","?","T","M","E","$","?","E","R","BOSS","M"],"items_purchased_type":["Card"],"build_version":"2020-11-30","purchased_purges":0,"victory":false,"max_hp_per_floor":[55,55,61,61,61,61,61,61,61,61,61,61,61,61,61,61,61,61,61],"card_choices":[{"not_picked":["beaked:Cower","beaked:TuckingFeathers","beaked:Daydream"],"picked":"SKIP","floor":1.0},{"not_picked":["beaked:Tweet","beaked:ScreechingChant"],"picked":"beaked:Insight","floor":5.0},{"not_picked":["beaked:Daydream","beaked:BloodRitual"],"picked":"beaked:Foresight","floor":6.0},{"not_picked":["beaked:Windmill","beaked:StunningBlow"],"picked":"beaked:MachineSpirit","floor":10.0},{"not_picked":["beaked:Foresight","beaked:MachineSpirit"],"picked":"ReplayTheSpireMod:Wings of Steel","floor":11.0},{"not_picked":["beaked:Tradeoff","beaked:BraceForImpact"],"picked":"beaked:Evade","floor":13.0},{"not_picked":["beaked:Poke","beaked:TuckingFeathers","beaked:Foresight"],"picked":"SKIP","floor":14.0},{"not_picked":["beaked:Brace","beaked:StickSmack+1","beaked:Recite+1"],"picked":"SKIP","floor":18}],"player_experience":181712,"relics_obtained":[{"floor":6.0,"key":"hubris:OldNail"},{"floor":9.0,"key":"Replay:Bottled Snecko"},{"floor":11.0,"key":"halation:IllGainedPizza"},{"floor":14.0,"key":"halation:Pancakes"}],"event_choices":[{"damage_healed":0.0,"max_hp_gain":0.0,"max_hp_loss":0.0,"gold_gain":0.0,"event_name":"betterThird:BetterSerpent","player_choice":"RENOUNCE","floor":3.0,"gold_loss":118.0,"damage_taken":118.0,"cards_obtained":["Enlightenment"]}],"is_beta":false,"boss_relics":[{"not_picked":["Astrolabe","Runic Pyramid"],"picked":"halation:SmartPhone"}],"items_purged_floors":[],"is_endless":false,"potions_floor_spawned":[5,10,11,18],"killed_by":"Spheric Guardian","ascension_level":0}}