{"host":"90jl2h70xtuoeg0i","time":1607663968,"event":{"mods":["AchievementEnabler","BaseMod","Colored Map","Colored Powertips","Minty Spire (QoL Compilation)","Relic Stats","ojb\u0027s Better Paths Mod","ojb\u0027s Info Mod"],"gold_per_floor":[117,131,141,21,41,68,68,97,97,97,97,97,110,129,129,203,203,217,492,512,414,414,414,425,443,469,469,569,597,597,612,612,685,685,705,31,31,0,0,0,25,25,25,50,63,77,12,42,42,42,42,42,0,26,26],"floor_reached":56,"playtime":7156,"items_purged":["Regret","Strike_G"],"score":2100,"play_id":"b37fb32b-91f3-4c58-bbf7-5adf66351a22","local_time":"20201211001928","is_ascension_mode":true,"campfire_choices":[{"floor":7.0,"key":"REST"},{"data":"Predator","floor":10.0,"key":"SMITH"},{"data":"Terror","floor":12.0,"key":"SMITH"},{"floor":15.0,"key":"REST"},{"data":"Well Laid Plans","floor":23.0,"key":"SMITH"},{"floor":27.0,"key":"REST"},{"data":"Dash","floor":32.0,"key":"SMITH"},{"data":"Eviscerate","floor":40.0,"key":"SMITH"},{"data":"Underhanded Strike","floor":42.0,"key":"SMITH"},{"floor":49.0,"key":"RECALL"},{"data":"Footwork","floor":52.0,"key":"SMITH"}],"circlet_count":0,"master_deck":["AscendersBane","Strike_G","Strike_G","Defend_G","Defend_G","Defend_G","Defend_G","Survivor","Neutralize","Well Laid Plans+1","Underhanded Strike+1","Predator+1","Dagger Throw","Acrobatics","Terror+1","Crippling Poison","Eviscerate+1","Backflip+1","Dash+1","Underhanded Strike","Necronomicurse","Dodge and Roll","Phantasmal Killer","Leg Sweep+1","Trip+1","Underhanded Strike","Footwork+1"],"relics":["Busted Crown","InkBottle","Paper Crane","Matryoshka","Runic Dome","Necronomicon","Dream Catcher","Lantern","Bird Faced Urn","Eternal Feather","Oddly Smooth Stone","Snecko Eye","Shuriken","Toxic Egg 2","Red Mask","White Beast Statue","The Courier","Happy Flower","Sundial","Pantograph"],"acts_visited":["Exordium","TheCity","TheBeyond","TheEnding"],"potions_floor_usage":[55],"damage_taken":[{"damage":6.0,"enemies":"2 Louse","floor":1.0,"turns":4.0},{"damage":0.0,"enemies":"Cultist","floor":2.0,"turns":4.0},{"damage":5.0,"enemies":"Small Slimes","floor":3.0,"turns":4.0},{"damage":10.0,"enemies":"Red Slaver","floor":5.0,"turns":4.0},{"damage":5.0,"enemies":"3 Sentries","floor":6.0,"turns":7.0},{"damage":22.0,"enemies":"Lagavulin","floor":8.0,"turns":7.0},{"damage":13.0,"enemies":"3 Louse","floor":13.0,"turns":3.0},{"damage":1.0,"enemies":"2 Fungi Beasts","floor":14.0,"turns":2.0},{"damage":0.0,"enemies":"Slime Boss","floor":16.0,"turns":4.0},{"damage":0.0,"enemies":"Chosen","floor":18.0,"turns":3.0},{"damage":3.0,"enemies":"Spheric Guardian","floor":20.0,"turns":3.0},{"damage":0.0,"enemies":"Snecko","floor":24.0,"turns":3.0},{"damage":0.0,"enemies":"Shelled Parasite and Fungi","floor":25.0,"turns":3.0},{"damage":15.0,"enemies":"Colosseum Slavers","floor":28.0,"turns":2.0},{"damage":0.0,"enemies":"Colosseum Nobs","floor":28.0,"turns":3.0},{"damage":4.0,"enemies":"Book of Stabbing","floor":29.0,"turns":3.0},{"damage":0.0,"enemies":"Snake Plant","floor":31.0,"turns":3.0},{"damage":10.0,"enemies":"Automaton","floor":33.0,"turns":7.0},{"damage":0.0,"enemies":"3 Shapes","floor":35.0,"turns":4.0},{"damage":0.0,"enemies":"Giant Head","floor":41.0,"turns":4.0},{"damage":0.0,"enemies":"Nemesis","floor":44.0,"turns":5.0},{"damage":0.0,"enemies":"Orb Walker","floor":45.0,"turns":2.0},{"damage":0.0,"enemies":"Spire Growth","floor":46.0,"turns":3.0},{"damage":0.0,"enemies":"Giant Head","floor":48.0,"turns":5.0},{"damage":19.0,"enemies":"Awakened One","floor":50.0,"turns":9.0},{"damage":4.0,"enemies":"Shield and Spear","floor":54.0,"turns":3.0},{"damage":14,"enemies":"The Heart","floor":55,"turns":8}],"seed_played":"4380485294373711250","potions_obtained":[{"floor":1.0,"key":"LiquidBronze"},{"floor":3.0,"key":"Weak Potion"},{"floor":13.0,"key":"PowerPotion"},{"floor":14.0,"key":"AttackPotion"},{"floor":16.0,"key":"Poison Potion"},{"floor":25.0,"key":"SkillPotion"},{"floor":28.0,"key":"Energy Potion"},{"floor":33.0,"key":"SpeedPotion"},{"floor":44.0,"key":"DistilledChaos"},{"floor":48.0,"key":"FearPotion"}],"is_trial":false,"path_per_floor":["M","M","M","$","M","E","R","E","T","R","?","R","M","M","R","B",null,"M","?","M","$","?","R","M","M","T","R","?","E","?","M","R","B",null,"M","$","?","?","?","R","E","R","T","E","M","M","$","E","R","B",null,"R","$","E","B",null],"character_chosen":"THE_SILENT","items_purchased":["Predator","Dagger Throw","Underhanded Strike","Shuriken","Toxic Egg 2","Leg Sweep+1","Footwork","Block Potion"],"campfire_rested":3,"item_purchase_floors":[4,4,21,36,36,36,47,53],"current_hp_per_floor":[53,53,48,48,38,33,52,30,30,30,30,30,17,16,35,35,58,58,58,55,55,39,39,39,39,39,58,43,41,41,43,55,47,61,63,63,63,63,53,66,66,66,66,66,66,66,66,66,66,47,61,66,66,64,56],"gold":26,"neow_bonus":"BOSS_RELIC","is_daily":false,"chose_seed":false,"campfire_upgraded":7,"win_rate":0.0,"timestamp":1607663968,"path_taken":["M","M","M","$","M","E","R","E","T","R","?","R","M","?","R","BOSS","M","?","?","$","?","R","M","M","T","R","?","E","?","M","R","BOSS","M","$","?","?","?","R","E","R","T","E","M","M","$","E","R","BOSS","R","$","E","BOSS"],"items_purchased_type":["Card","Card","Card","Relic","Relic","Undefined","Card","Potion"],"build_version":"2020-11-30","purchased_purges":2,"victory":true,"max_hp_per_floor":[66,66,66,66,66,66,66,66,66,66,66,66,66,66,66,66,66,66,66,66,66,66,66,66,66,66,66,66,66,66,66,66,66,66,66,66,66,66,66,66,66,66,66,66,66,66,66,66,66,66,66,66,66,66,66],"relic_stats":{"Happy Flower":[10],"counters":[27,112],"Eternal Feather":30,"Dream Catcher":1,"Busted Crown":56,"Shuriken":[29],"Sundial":[2],"Bird Faced Urn":[14],"Pantograph":2,"Snecko Eye":[93,88,87,77],"Necronomicon":[51],"obtain_stats":[{"Lantern":26,"Happy Flower":44,"Oddly Smooth Stone":29,"Eternal Feather":28,"The Courier":43,"Paper Crane":8,"White Beast Statue":41,"Runic Dome":17,"Dream Catcher":26,"Busted Crown":0,"Matryoshka":9,"Shuriken":36,"Sundial":48,"Bird Faced Urn":28,"Pantograph":54,"Snecko Eye":34,"Necronomicon":22,"Red Mask":38,"Toxic Egg 2":36,"InkBottle":6,"Ring of the Snake":0},{"Lantern":13,"Happy Flower":21,"Oddly Smooth Stone":16,"Eternal Feather":15,"The Courier":20,"Paper Crane":6,"White Beast Statue":20,"Runic Dome":9,"Dream Catcher":13,"Busted Crown":0,"Matryoshka":6,"Shuriken":19,"Sundial":24,"Bird Faced Urn":15,"Pantograph":26,"Snecko Eye":18,"Necronomicon":11,"Red Mask":19,"Toxic Egg 2":19,"InkBottle":5,"Ring of the Snake":0},{"Lantern":51,"Happy Flower":82,"Oddly Smooth Stone":59,"Eternal Feather":56,"The Courier":77,"Paper Crane":30,"White Beast Statue":77,"Runic Dome":39,"Dream Catcher":51,"Busted Crown":0,"Matryoshka":30,"Shuriken":73,"Sundial":92,"Bird Faced Urn":56,"Pantograph":104,"Snecko Eye":69,"Necronomicon":45,"Red Mask":73,"Toxic Egg 2":73,"InkBottle":23,"Ring of the Snake":0}],"InkBottle":[42]},"card_choices":[{"not_picked":[],"picked":"Well Laid Plans","floor":1.0},{"not_picked":[],"picked":"Underhanded Strike","floor":2.0},{"not_picked":["Deflect"],"picked":"SKIP","floor":3.0},{"not_picked":["Quick Slash"],"picked":"SKIP","floor":5.0},{"not_picked":[],"picked":"Acrobatics","floor":6.0},{"not_picked":["Poisoned Stab"],"picked":"SKIP","floor":8.0},{"not_picked":["Crippling Poison"],"picked":"SKIP","floor":13.0},{"not_picked":[],"picked":"Crippling Poison","floor":13.0},{"not_picked":[],"picked":"Eviscerate","floor":14.0},{"not_picked":[],"picked":"Backflip+1","floor":18.0},{"not_picked":[],"picked":"Dash","floor":20.0},{"not_picked":["Setup"],"picked":"SKIP","floor":24.0},{"not_picked":["Setup"],"picked":"SKIP","floor":25.0},{"not_picked":[],"picked":"Dodge and Roll","floor":27.0},{"not_picked":["Bane"],"picked":"SKIP","floor":29.0},{"not_picked":["Underhanded Strike"],"picked":"SKIP","floor":31.0},{"not_picked":[],"picked":"Phantasmal Killer","floor":33.0},{"not_picked":["Backflip"],"picked":"SKIP","floor":35.0},{"not_picked":[],"picked":"Trip+1","floor":39.0},{"not_picked":["Expertise+1"],"picked":"SKIP","floor":41.0},{"not_picked":["Backflip+1"],"picked":"SKIP","floor":44.0},{"not_picked":[],"picked":"Underhanded Strike","floor":45.0},{"not_picked":["Terror+1"],"picked":"SKIP","floor":46.0},{"not_picked":["Adrenaline+1"],"picked":"SKIP","floor":48.0},{"not_picked":["Reflex+1"],"picked":"SKIP","floor":54.0}],"player_experience":1218524,"relics_obtained":[{"floor":6.0,"key":"InkBottle"},{"floor":8.0,"key":"Paper Crane"},{"floor":9.0,"key":"Matryoshka"},{"floor":22.0,"key":"Necronomicon"},{"floor":26.0,"key":"Dream Catcher"},{"floor":26.0,"key":"Lantern"},{"floor":28.0,"key":"Bird Faced Urn"},{"floor":28.0,"key":"Eternal Feather"},{"floor":29.0,"key":"Oddly Smooth Stone"},{"floor":41.0,"key":"White Beast Statue"},{"floor":43.0,"key":"The Courier"},{"floor":44.0,"key":"Happy Flower"},{"floor":48.0,"key":"Sundial"},{"floor":54.0,"key":"Pantograph"}],"event_choices":[{"damage_healed":0.0,"max_hp_gain":0.0,"max_hp_loss":0.0,"gold_gain":0.0,"cards_transformed":["Strike_G"],"event_name":"Transmorgrifier","player_choice":"Transformed","floor":11.0,"gold_loss":0.0,"damage_taken":0.0,"cards_obtained":["Terror"]},{"damage_healed":0.0,"max_hp_gain":0.0,"max_hp_loss":0.0,"gold_gain":275.0,"event_name":"Golden Shrine","player_choice":"Desecrate","floor":19.0,"gold_loss":0.0,"damage_taken":0.0,"cards_obtained":["Regret"]},{"damage_healed":0.0,"max_hp_gain":0.0,"max_hp_loss":0.0,"gold_gain":0.0,"event_name":"Cursed Tome","player_choice":"Obtained Book","floor":22.0,"gold_loss":0.0,"damage_taken":16.0},{"damage_healed":0.0,"max_hp_gain":0.0,"max_hp_loss":0.0,"gold_gain":0.0,"event_name":"Colosseum","player_choice":"Fight","floor":28.0,"gold_loss":0.0,"damage_taken":0.0},{"damage_healed":0.0,"max_hp_gain":0.0,"max_hp_loss":0.0,"gold_gain":0.0,"event_name":"Colosseum","player_choice":"Fought Nobs","floor":28.0,"gold_loss":0.0,"damage_taken":0.0},{"cards_removed":["Strike_G"],"damage_healed":0.0,"max_hp_gain":0.0,"max_hp_loss":0.0,"gold_gain":0.0,"event_name":"Bonfire Elementals","player_choice":"Offered Basic","floor":30.0,"gold_loss":0.0,"damage_taken":0.0},{"cards_removed":["Defend_G"],"damage_healed":0.0,"max_hp_gain":0.0,"max_hp_loss":0.0,"gold_gain":0.0,"event_name":"Falling","player_choice":"Removed Skill","floor":37.0,"gold_loss":0.0,"damage_taken":0.0},{"damage_healed":0.0,"max_hp_gain":0.0,"max_hp_loss":0.0,"gold_gain":0.0,"event_name":"Tomb of Lord Red Mask","player_choice":"Paid","floor":38.0,"gold_loss":31.0,"damage_taken":0.0,"relics_obtained":["Red Mask"]},{"damage_healed":0.0,"max_hp_gain":0.0,"max_hp_loss":0.0,"gold_gain":0.0,"event_name":"SensoryStone","player_choice":"Memory 3","floor":39.0,"gold_loss":0.0,"damage_taken":10.0}],"is_beta":false,"boss_relics":[{"not_picked":["WristBlade","Velvet Choker"],"picked":"Runic Dome"},{"not_picked":["Calling Bell","Fusion Hammer"],"picked":"Snecko Eye"}],"items_purged_floors":[21,36],"is_endless":false,"potions_floor_spawned":[1,3,13,14,16,20,25,28,31,33,44,45,46,48,54],"ascension_level":14}}