{"host":"54xlu8utfq6njvlm","time":1607658792,"event":{"mods":["Aspiration","Bard","BaseMod","Beaked The Cultist","Better Altar","Better Match","Better Note","Better Sensory Stone","Better Skull","Better Third Choice","BetterRewards","CCEM","Colored Map","Conspire","Friendly Minions","GifTheSpireLib","Halation","Hermit","Highlight Path","Infinite Spire","Jorbs\u0027s Wanderer Trilogy","Koishi","Marisa????????","Minty Spire (QoL Compilation)","Permanent Neow","Remilia??????","Replay The Spire","Shade Mod","Shop Mod","Spicy Shops","StSLib","Stuff the Spire","The Animator","The Bug Knight","The Cursed","The Jungle","The Mystic","The Servant 0.9.4","The Witch","Unceasing Turn Reminder","everything is the same but u backflip on backflip"],"gold_per_floor":[110,35,35,35,35,35,60,60,60,80,99,99,31,31,31,135,135,152,163,163,177,177,177,177,177,177],"floor_reached":25,"playtime":1386,"items_purged":[],"score":367,"play_id":"fd650851-c39c-4de6-bb5d-4118feaa9f8c","local_time":"20201210205312","is_ascension_mode":false,"campfire_choices":[{"data":"BottledTime","floor":6,"key":"SMITH"},{"floor":8,"key":"REST"},{"data":"Hightail","floor":12,"key":"SMITH"},{"floor":24,"key":"REST"},{"data":"Defy","floor":24,"key":"SMITH"}],"circlet_count":0,"master_deck":["Defend_S+1","KidneyShot","Exchange","Hightail+1","DoubleEdge+1","BottledTime+1","Potential+1","Defy+1","SurpressingFire","Contraction","SilverBlades+1","Burn","LightFlow+1","ReplayTheSpireMod:Splinters","ReplayTheSpireMod:Compounding Headache","Spin+1","Collapse+1"],"relics":["Uniform","Mercury Hourglass","halation:Diary","Tiny Chest","Golden Egg","halation:WeightlessCrab","Kintsugi","Blood Vial","infinitespire:Magic Flask"],"acts_visited":["Exordium","TheCity"],"potions_floor_usage":[16,23],"damage_taken":[{"damage":7,"enemies":"2 Louse","floor":1,"turns":2},{"damage":14,"enemies":"Gremlin Nob","floor":7,"turns":4},{"damage":0,"enemies":"Cultist","floor":10,"turns":3},{"damage":0,"enemies":"Small Slimes","floor":11,"turns":3},{"damage":0,"enemies":"The Guardian","floor":16,"turns":14},{"damage":15,"enemies":"Chosen","floor":18,"turns":4},{"damage":17,"enemies":"Shell Parasite","floor":19,"turns":4},{"damage":3,"enemies":"Shelled Parasite and Fungi","floor":21,"turns":6},{"damage":4,"enemies":"Book of Stabbing","floor":23,"turns":3},{"damage":27,"enemies":"Slavers","floor":25,"turns":1}],"seed_played":"4849145446847505931","potions_obtained":[{"floor":11,"key":"Languid Potion"},{"floor":16,"key":"SmokeBomb"}],"is_trial":false,"path_per_floor":["M","?","?","?","T","R","E","R","T","M","M","R","$","?","R_BF","B",null,"M","M","?","M","T","E","R","E"],"character_chosen":"THE_SERVANT","items_purchased":["halation:Diary","Hightail","DoubleEdge","SilverBlades"],"campfire_rested":2,"item_purchase_floors":[0,0,0,13],"current_hp_per_floor":[44,44,44,44,44,44,30,49,49,49,49,49,49,49,65,65,65,50,33,8,7,7,5,24,0,0],"gold":177,"neow_bonus":"","is_daily":false,"chose_seed":false,"campfire_upgraded":3,"win_rate":0.0,"timestamp":1607658792,"path_taken":["M","?","?","?","?","R","E","R","T","?","M","R","$","?","R_BF","BOSS","M","M","?","M","?","E","R","E"],"items_purchased_type":["Relic","Card","Card","Card"],"build_version":"2020-11-30","purchased_purges":0,"victory":false,"max_hp_per_floor":[65,65,65,65,65,65,65,65,65,65,65,65,65,65,65,65,65,65,65,65,65,65,65,65,65,65],"card_choices":[{"not_picked":["StarChef","ShatteredReality"],"picked":"BottledTime","floor":1},{"not_picked":["GearUp","Rewind"],"picked":"Defy","floor":7},{"not_picked":["RealityMarble","Ricochet"],"picked":"SurpressingFire","floor":10},{"not_picked":["Spin","DoubleEdge"],"picked":"Contraction","floor":11},{"not_picked":["MurderousAura","Deny"],"picked":"LightFlow","floor":16},{"not_picked":["StarChef","Rewind","Potential"],"picked":"SKIP","floor":18},{"not_picked":["Hightail","FanOfKnives"],"picked":"Spin+1","floor":19},{"not_picked":["RealityMarble+1","Alleviate+1"],"picked":"Collapse+1","floor":21}],"player_experience":203759,"relics_obtained":[{"floor":5,"key":"Golden Egg"},{"floor":7,"key":"halation:WeightlessCrab"},{"floor":22,"key":"infinitespire:Magic Flask"}],"event_choices":[{"damage_healed":0,"gold_gain":0,"player_choice":"3","damage_taken":0,"max_hp_gain":0,"max_hp_loss":0,"event_name":"betterMatch:BetterMatch","floor":2,"gold_loss":0,"cards_obtained":[]},{"damage_healed":49,"gold_gain":0,"player_choice":"Embrace Burn","damage_taken":0,"max_hp_gain":0,"max_hp_loss":65,"event_name":"betterThird:BetterShining","floor":14,"gold_loss":0},{"damage_healed":0,"gold_gain":0,"player_choice":"UP RE ","damage_taken":29,"relics_obtained":["Blood Vial"],"max_hp_gain":0,"max_hp_loss":0,"event_name":"betterSkull:BetterSkull","floor":20,"gold_loss":0,"cards_upgraded":["Defend_S"]}],"is_beta":false,"boss_relics":[{"not_picked":["halation:PinkAlligatorPlush","Replay:Drink Me"],"picked":"Kintsugi"}],"items_purged_floors":[],"is_endless":false,"potions_floor_spawned":[11,16],"killed_by":"Slavers","ascension_level":0}}