{"host":"2psfthmeyefnuu1p","time":1607694599,"event":{"mods":["Aspiration","BaseMod","Challenge The Spire","Conspire","Downfall","GungeonMod","Hermit","Minty Spire (QoL Compilation)","Quick Restart","Replay The Spire","RumiaBox-露米娅的神秘盒子","Spicy Shops","StSLib","The Bladedancer","The Cursed","The Gatherer","The Jungle","The Runesmith","Uncapped","[IsaacMod]以撒尖塔","vexMod","【功能Mod】混沌之环修复补丁","篝火指南"],"gold_per_floor":[110,110,128,87,87,87,87,48,48,75,75,103,103,118,12,114,114,133,81,81,81,96,121,12,41,64,64,64],"floor_reached":27,"playtime":1439,"items_purged":[],"score":294,"play_id":"8321eb40-1f97-4448-a514-e72201016da3","local_time":"20201211214959","is_ascension_mode":true,"campfire_choices":[{"floor":13,"key":"RECALL"}],"circlet_count":0,"master_deck":["Strike_B","Strike_B","Strike_B","Defend_B","Defend_B","Defend_B","Defend_B","Zap","Dualcast","DoctorFetus","ReplayTheSpireMod:Calculation Training","conspire:SharedLibrary+1","Amplify","Lockon","Barrage","Panache","Capacitor","Defragment","BasicCrystalCard","aspiration:Polymerization","Lockon","Crystallizer","Rainbow","ElectricPowerLearning","Mirror Shield","Static Discharge","Defragment","Defragment","Ball Lightning","Shame","conspire:Rain+1","Barrage+1","Capacitor","Hello World+1"],"relics":["Cracked Core","HushsDoor","SteamSale","NeowsBlessing","BargainBundle","conspire:InfiniteJournal","aspiration:HummingbirdHeart","MagicDraw1","Potion Belt","Replay:Grab Bag","Coffee Dripper","SlaversCollar","Molten Egg 2","aspiration:DSix","Lee\u0027s Waffle","Oddly Smooth Stone","ReplayFunnel"],"acts_visited":["Exordium","TheCity"],"potions_floor_usage":[16,23,23,27],"damage_taken":[{"damage":0,"enemies":"Jaw Worm","floor":1,"turns":1},{"damage":0,"enemies":"Cultist","floor":3,"turns":1},{"damage":0,"enemies":"3 Sentries","floor":10,"turns":1},{"damage":14,"enemies":"Lagavulin","floor":12,"turns":5},{"damage":0,"enemies":"Small Slimes","floor":14,"turns":3},{"damage":34,"enemies":"Hexaghost","floor":16,"turns":8},{"damage":34,"enemies":"Chosen","floor":18,"turns":7},{"damage":9,"enemies":"conspire:FuzzyDice","floor":22,"turns":6},{"damage":29,"enemies":"Slavers","floor":23,"turns":5},{"damage":42,"enemies":"Gremlin Leader","floor":25,"turns":6},{"damage":34,"enemies":"3 Cultists","floor":27,"turns":5}],"seed_played":"5495799427949302533","potions_obtained":[{"floor":12,"key":"Milkshake"},{"floor":14,"key":"Weak Potion"},{"floor":16,"key":"Death Potion"},{"floor":18,"key":"Venom Potion"},{"floor":22,"key":"Strength Potion"}],"is_trial":false,"path_per_floor":["M","$","M","$","?","R","?","R","T","E","?","E","R","M","R","B",null,"M","$","?","?","M","E","R","E","T","M"],"character_chosen":"DEFECT","items_purchased":["BargainBundle","conspire:SharedLibrary+1","Amplify","Lockon","Barrage","Panache","conspire:InfiniteJournal","Defragment","Potion Belt","Crystallizer","ElectricPowerLearning","Mirror Shield","FairyPotion","Defragment","Ball Lightning","Lee\u0027s Waffle","Capacitor"],"campfire_rested":0,"item_purchase_floors":[2,2,2,2,2,2,4,8,15,15,17,17,17,19,19,24,24],"current_hp_per_floor":[75,75,75,75,75,75,80,80,80,80,80,66,66,66,66,32,68,34,34,34,34,25,20,75,33,33,0,0],"gold":64,"neow_bonus":"THREE_ENEMY_KILL","is_daily":false,"chose_seed":false,"campfire_upgraded":0,"win_rate":0.0,"timestamp":1607694599,"path_taken":["M","$","M","$","?","R","?","R","T","E","?","E","R","M","R","BOSS","M","$","?","?","M","E","R","E","T","M"],"items_purchased_type":["Relic","Undefined","Card","Card","Card","Card","Relic","Card","Relic","Card","Card","Card","Potion","Card","Card","Relic","Card"],"build_version":"2020-11-30","purchased_purges":0,"victory":false,"max_hp_per_floor":[75,75,75,75,75,75,80,80,80,80,80,80,80,80,80,80,68,68,68,68,68,68,68,75,75,75,75,75],"card_choices":[{"not_picked":[],"picked":"DoctorFetus","floor":0},{"not_picked":["Coolheaded","Hologram"],"picked":"ReplayTheSpireMod:Calculation Training","floor":1},{"not_picked":["Streamline","Distribution"],"picked":"Capacitor","floor":3},{"not_picked":["Cancel","Storm"],"picked":"BasicCrystalCard","floor":10},{"not_picked":["Reprogram","Stack"],"picked":"aspiration:Polymerization","floor":12},{"not_picked":["ReplaySort","Stack"],"picked":"Lockon","floor":14},{"not_picked":["Thunder Strike","Machine Learning"],"picked":"Rainbow","floor":16},{"not_picked":["Beam Cell","Force Field"],"picked":"Static Discharge","floor":18},{"not_picked":["Panic Button","Tempest+1"],"picked":"conspire:Rain+1","floor":22},{"not_picked":["ReplaySolidLightProjector","BasicCrystalCard"],"picked":"Barrage+1","floor":23},{"not_picked":["Auto Shields","Chill+1"],"picked":"Hello World+1","floor":25}],"player_experience":136379,"relics_obtained":[{"floor":10,"key":"aspiration:HummingbirdHeart"},{"floor":12,"key":"MagicDraw1"},{"floor":23,"key":"aspiration:DSix"},{"floor":25,"key":"Oddly Smooth Stone"},{"floor":26,"key":"ReplayFunnel"}],"event_choices":[{"damage_healed":0,"gold_gain":0,"player_choice":"Donut","damage_taken":0,"max_hp_gain":5,"max_hp_loss":0,"event_name":"Big Fish","floor":7,"gold_loss":0},{"cards_removed":["Strike_B"],"damage_healed":0,"gold_gain":0,"player_choice":"Purged","damage_taken":0,"max_hp_gain":0,"max_hp_loss":0,"event_name":"Purifier","floor":11,"gold_loss":0},{"damage_healed":0,"gold_gain":0,"player_choice":"Stole Relic","damage_taken":0,"relics_obtained":["Molten Egg 2"],"max_hp_gain":0,"max_hp_loss":0,"event_name":"Addict","floor":20,"gold_loss":0,"cards_obtained":["Shame"]},{"damage_healed":0,"gold_gain":0,"player_choice":"Ignored","damage_taken":0,"max_hp_gain":0,"max_hp_loss":0,"event_name":"Ghosts","floor":21,"gold_loss":0}],"is_beta":false,"boss_relics":[{"not_picked":["aspiration:SilentSkillbook","Replay:Drink Me"],"picked":"Replay:Grab Bag"},{"not_picked":["Velvet Choker","Busted Crown"],"picked":"Coffee Dripper"},{"not_picked":["vexMod:FluxCapacitor","Sozu"],"picked":"SlaversCollar"},{"not_picked":[]}],"items_purged_floors":[],"is_endless":false,"potions_floor_spawned":[12,14,16,18,22],"killed_by":"3 Cultists","ascension_level":1}}