{"host":"fea6kdxvty5fzy91","time":1607724904,"event":{"mods":["A Magickal Journey","AchievementEnabler","BaseMod","Better Third Choice","BetterRewards","Colored Map","Colored Powertips","Custom Start","DeckTracker","Googly Eyes","Highlight Path","Minty Spire (QoL Compilation)","Quick Restart","Rare Cards Sparkle","StSLib","The IronCluck","everything is the same but u backflip on backflip","slay the spire mod where everything is the same but ironclad has a cowboy hat"],"gold_per_floor":[217,237,248,267,286,301,312,312,312,331,366,366,239,256,256,355,355,374,374,374,386,417,429,466,478,513,525,552,583,595,199,199,296,296,309,326,340,340,358,358,358],"floor_reached":40,"playtime":2162,"items_purged":["Strike_P","Shame"],"score":394,"play_id":"46b1280a-0e75-45b7-9ae7-d9193b73271f","local_time":"20201211151504","is_ascension_mode":false,"campfire_choices":[{"data":"Eruption","floor":8,"key":"SMITH"},{"data":"Ragnarok","floor":12,"key":"SMITH"},{"floor":15,"key":"REST"},{"data":"Wallop","floor":23,"key":"SMITH"},{"data":"CrushJoints","floor":27,"key":"SMITH"},{"data":"WreathOfFlame","floor":30,"key":"SMITH"},{"floor":32,"key":"REST"}],"circlet_count":0,"master_deck":["Strike_P","Strike_P","Strike_P","Defend_P","Defend_P","Defend_P","Defend_P","Eruption+1","Vigilance","FlurryOfBlows","Ragnarok+1","CrushJoints+1","Swivel","Conclude","ThirdEye","WreathOfFlame+1","FollowUp","Wallop+1","Injury","Panache","CurseOfTheBell","Tantrum+1","SandsOfTime"],"relics":["PureWater","Shuriken","Lizard Tail","Cursed Key","MawBank","Anchor","CultistMask","Orichalcum","Pen Nib","Calling Bell","Blood Vial","Letter Opener","Du-Vu Doll"],"acts_visited":["Exordium","TheCity","TheBeyond"],"potions_floor_usage":[3,16,16,22,33,33,37],"damage_taken":[{"damage":14,"enemies":"2 Louse","floor":1,"turns":3},{"damage":0,"enemies":"Small Slimes","floor":2,"turns":2},{"damage":0,"enemies":"Cultist","floor":3,"turns":2},{"damage":1,"enemies":"Exordium Wildlife","floor":4,"turns":3},{"damage":10,"enemies":"Looter","floor":5,"turns":2},{"damage":0,"enemies":"2 Fungi Beasts","floor":6,"turns":2},{"damage":0,"enemies":"3 Louse","floor":7,"turns":2},{"damage":17,"enemies":"Exordium Wildlife","floor":10,"turns":2},{"damage":5,"enemies":"Lagavulin","floor":11,"turns":5},{"damage":8,"enemies":"Exordium Thugs","floor":14,"turns":2},{"damage":29,"enemies":"The Guardian","floor":16,"turns":5},{"damage":5,"enemies":"Shell Parasite","floor":18,"turns":3},{"damage":10,"enemies":"3 Byrds","floor":22,"turns":2},{"damage":21,"enemies":"Shelled Parasite and Fungi","floor":28,"turns":6},{"damage":15,"enemies":"3 Cultists","floor":29,"turns":4},{"damage":30,"enemies":"Automaton","floor":33,"turns":5},{"damage":5,"enemies":"3 Darklings","floor":35,"turns":3},{"damage":3,"enemies":"3 Shapes","floor":36,"turns":3},{"damage":46,"enemies":"Maw","floor":37,"turns":4},{"damage":29,"enemies":"Spire Growth","floor":39,"turns":4},{"damage":112,"enemies":"Nemesis","floor":40,"turns":4}],"seed_played":"-8310651974914549256","potions_obtained":[{"floor":1,"key":"AttackPotion"},{"floor":2,"key":"EssenceOfSteel"},{"floor":6,"key":"Swift Potion"},{"floor":7,"key":"SkillPotion"},{"floor":14,"key":"Strength Potion"},{"floor":16,"key":"StancePotion"},{"floor":28,"key":"Block Potion"},{"floor":29,"key":"FearPotion"},{"floor":36,"key":"DistilledChaos"}],"is_trial":false,"path_per_floor":["M","M","M","M","M","M","M","R","T","M","E","R","$","M","R","B",null,"M","?","?","?","M","R","T","?","T","R","M","M","R","$","R","B",null,"M","M","M","?","M","E"],"character_chosen":"WATCHER","items_purchased":["FollowUp","Pen Nib","Panache"],"campfire_rested":2,"item_purchase_floors":[13,31,31],"current_hp_per_floor":[58,58,58,57,47,47,47,47,47,30,25,25,25,17,38,9,72,67,67,67,67,57,57,57,57,57,57,36,21,21,21,42,12,72,67,66,22,22,33,0,0],"gold":358,"neow_bonus":"HUNDRED_GOLD","is_daily":false,"chose_seed":false,"campfire_upgraded":5,"win_rate":0.0,"timestamp":1607724904,"path_taken":["M","M","M","M","M","M","M","R","T","M","E","R","$","M","R","BOSS","M","?","?","?","M","R","?","?","T","R","M","M","R","$","R","BOSS","M","?","M","?","M","E"],"items_purchased_type":["Card","Relic","Card"],"build_version":"2020-11-30","purchased_purges":2,"victory":false,"max_hp_per_floor":[72,72,72,72,72,72,72,72,72,72,72,72,72,72,72,72,72,72,72,72,72,72,72,72,72,72,72,72,72,72,72,72,72,72,72,72,72,72,72,72,72],"card_choices":[{"not_picked":["Nirvana","EmptyBody","FlyingSleeves"],"picked":"SKIP","floor":1},{"not_picked":["TalkToTheHand","Sanctity"],"picked":"FlurryOfBlows","floor":2},{"not_picked":["ClearTheMind","WheelKick"],"picked":"Ragnarok","floor":3},{"not_picked":["Nirvana","MentalFortress"],"picked":"CrushJoints","floor":4},{"not_picked":["Protect","SashWhip"],"picked":"Swivel","floor":5},{"not_picked":["MentalFortress","Meditate"],"picked":"Conclude","floor":6},{"not_picked":["JustLucky","BowlingBash"],"picked":"ThirdEye","floor":7},{"not_picked":["PathToVictory","Crescendo","Pray"],"picked":"SKIP","floor":10},{"not_picked":["ThirdEye","CarveReality"],"picked":"WreathOfFlame","floor":11},{"not_picked":["EmptyFist","CutThroughFate","ThirdEye"],"picked":"SKIP","floor":14},{"not_picked":["EmptyMind","Protect","FollowUp"],"picked":"SKIP","floor":18},{"not_picked":["Nirvana","Pray","Crescendo"],"picked":"SKIP","floor":22},{"not_picked":["Adaptation","Consecrate+1","TalkToTheHand"],"picked":"SKIP","floor":28},{"not_picked":["Protect","Wireheading","BattleHymn"],"picked":"SKIP","floor":29},{"not_picked":["EmptyFist+1","Wallop+1","WindmillStrike+1"],"picked":"SKIP","floor":35},{"not_picked":["FlyingSleeves","EmptyMind+1"],"picked":"Tantrum+1","floor":36},{"not_picked":["SignatureMove","EmptyMind","LikeWater"],"picked":"SKIP","floor":37},{"not_picked":["Evaluate","CrushJoints"],"picked":"SandsOfTime","floor":39}],"player_experience":279736,"relics_obtained":[{"floor":9,"key":"Shuriken"},{"floor":11,"key":"Lizard Tail"},{"floor":24,"key":"Anchor"},{"floor":26,"key":"Orichalcum"},{"floor":34,"key":"Blood Vial"},{"floor":34,"key":"Letter Opener"},{"floor":34,"key":"Du-Vu Doll"}],"event_choices":[{"damage_healed":0,"gold_gain":0,"player_choice":"Read","damage_taken":0,"max_hp_gain":0,"max_hp_loss":0,"event_name":"The Library","floor":19,"gold_loss":0,"cards_obtained":["Wallop"]},{"damage_healed":0,"gold_gain":0,"player_choice":"Opened","damage_taken":0,"relics_obtained":["MawBank"],"max_hp_gain":0,"max_hp_loss":0,"event_name":"The Mausoleum","floor":20,"gold_loss":0},{"damage_healed":0,"gold_gain":0,"player_choice":"Ignored","damage_taken":0,"max_hp_gain":0,"max_hp_loss":0,"event_name":"Ghosts","floor":21,"gold_loss":0},{"damage_healed":0,"gold_gain":0,"player_choice":"Trade","damage_taken":0,"relics_obtained":["CultistMask"],"max_hp_gain":0,"max_hp_loss":0,"event_name":"FaceTrader","floor":25,"gold_loss":0},{"damage_healed":0,"gold_gain":0,"player_choice":"Ignored","damage_taken":0,"max_hp_gain":0,"max_hp_loss":0,"event_name":"Tomb of Lord Red Mask","floor":38,"gold_loss":0}],"is_beta":false,"boss_relics":[{"not_picked":["Sozu","SacredBark"],"picked":"Cursed Key"},{"not_picked":["Astrolabe","Black Star"],"picked":"Calling Bell"}],"items_purged_floors":[13,31],"is_endless":false,"potions_floor_spawned":[1,2,6,7,14,16,28,29,36],"killed_by":"Nemesis","ascension_level":0}}