{"host":"2se5dq1do2gp0x9k","time":1607668516,"event":{"mods":["AchievementEnabler","BaseMod","Block Reminder","Colored Map","Colored Powertips","Minty Spire (QoL Compilation)","Relic Stats","StSLib","SuperFastMode"],"gold_per_floor":[110,129,139,119,133,133,152,152,175,207,219,57,68,96,96,172,172,191,208,208,19,19,19,50,60,60,60,70,89,89,106,106,182,182,198,198,198,215,231,231,231,231,231],"floor_reached":42,"playtime":1648,"items_purged":["Strike_B"],"score":889,"play_id":"1057abd7-a2ef-4a2b-9fad-9859a86973c3","local_time":"20201210223516","is_ascension_mode":true,"campfire_choices":[{"data":"Apotheosis","floor":6.0,"key":"SMITH"},{"floor":8.0,"key":"REST"},{"floor":15.0,"key":"REST"},{"floor":23.0,"key":"REST"},{"floor":27.0,"key":"REST"},{"floor":30.0,"key":"REST"},{"floor":32.0,"key":"REST"},{"floor":40.0,"key":"REST"}],"circlet_count":0,"master_deck":["AscendersBane","Strike_B","Strike_B","Defend_B","Defend_B","Defend_B","Defend_B","Zap","Dualcast","Apotheosis+1","Compile Driver","Streamline","Undo","Ball Lightning","Glacier","Coolheaded","Defragment","Chaos","Fission","Barrage","Compile Driver","Defragment","Hologram","Recycle","Turbo","Cold Snap","Coolheaded+1","White Noise","Electrodynamics","Fission","Compile Driver","Barrage","Secret Weapon","Magnetism","Discovery"],"relics":["Cracked Core","Vajra","Nunchaku","Potion Belt","Nuclear Battery","PreservedInsect","Mango","Inserter"],"acts_visited":["Exordium","TheCity","TheBeyond"],"potions_floor_usage":[42],"damage_taken":[{"damage":0.0,"enemies":"Cultist","floor":1.0,"turns":3.0},{"damage":14.0,"enemies":"Small Slimes","floor":2.0,"turns":3.0},{"damage":8.0,"enemies":"2 Louse","floor":3.0,"turns":3.0},{"damage":3.0,"enemies":"Exordium Thugs","floor":5.0,"turns":5.0},{"damage":4.0,"enemies":"Large Slime","floor":7.0,"turns":5.0},{"damage":14.0,"enemies":"3 Sentries","floor":10.0,"turns":5.0},{"damage":2.0,"enemies":"3 Louse","floor":11.0,"turns":3.0},{"damage":5.0,"enemies":"Exordium Wildlife","floor":13.0,"turns":4.0},{"damage":15.0,"enemies":"Gremlin Nob","floor":14.0,"turns":4.0},{"damage":20.0,"enemies":"Slime Boss","floor":16.0,"turns":8.0},{"damage":11.0,"enemies":"Shell Parasite","floor":18.0,"turns":4.0},{"damage":16.0,"enemies":"2 Thieves","floor":19.0,"turns":5.0},{"damage":26.0,"enemies":"Slavers","floor":24.0,"turns":4.0},{"damage":7.0,"enemies":"3 Cultists","floor":25.0,"turns":4.0},{"damage":26.0,"enemies":"Shelled Parasite and Fungi","floor":28.0,"turns":4.0},{"damage":3.0,"enemies":"Snecko","floor":29.0,"turns":5.0},{"damage":6.0,"enemies":"Snake Plant","floor":31.0,"turns":3.0},{"damage":52.0,"enemies":"Collector","floor":33.0,"turns":12.0},{"damage":10.0,"enemies":"3 Shapes","floor":35.0,"turns":5.0},{"damage":4.0,"enemies":"3 Darklings","floor":38.0,"turns":2.0},{"damage":25.0,"enemies":"Sphere and 2 Shapes","floor":39.0,"turns":5.0},{"damage":49,"enemies":"Nemesis","floor":42,"turns":5}],"seed_played":"-2662672748058082030","potions_obtained":[{"floor":1.0,"key":"FearPotion"},{"floor":4.0,"key":"DistilledChaos"},{"floor":5.0,"key":"Fire Potion"},{"floor":16.0,"key":"PowerPotion"},{"floor":18.0,"key":"SteroidPotion"},{"floor":24.0,"key":"Dexterity Potion"},{"floor":33.0,"key":"SpeedPotion"},{"floor":39.0,"key":"DistilledChaos"}],"is_trial":false,"path_per_floor":["M","M","M","?","M","R","M","R","T","E","M","$","M","E","R","B",null,"M","M","?","$","?","R","E","M","T","R","M","M","R","M","R","B",null,"M","?","?","M","M","R","?","E"],"character_chosen":"DEFECT","items_purchased":["Defragment","Defragment","Hologram","Recycle"],"campfire_rested":7,"item_purchase_floors":[12,21,21,21],"current_hp_per_floor":[46,32,24,24,21,21,17,38,38,24,22,22,17,2,23,3,54,43,27,27,27,27,48,22,15,29,54,28,25,50,44,69,17,68,58,58,58,54,29,54,44,0,0],"gold":231,"neow_bonus":"RANDOM_COLORLESS_2","is_daily":false,"chose_seed":false,"campfire_upgraded":1,"win_rate":0.0,"timestamp":1607668516,"path_taken":["M","M","?","?","M","R","M","R","T","E","M","$","?","E","R","BOSS","M","M","?","$","?","R","E","M","T","R","M","M","R","M","R","BOSS","M","?","?","M","?","R","?","E"],"items_purchased_type":["Card","Card","Card","Card"],"build_version":"2020-11-30","purchased_purges":1,"victory":false,"max_hp_per_floor":[71,71,71,71,71,71,71,71,71,71,71,71,71,71,71,71,71,71,71,71,71,71,71,71,71,85,85,85,85,85,85,85,85,85,85,85,85,85,85,85,85,85,85],"relic_stats":{"Nunchaku":[11],"Inserter":[8],"counters":[22,101],"PreservedInsect":50,"obtain_stats":[{"Potion Belt":14,"Nunchaku":10,"Inserter":34,"Vajra":9,"Mango":26,"PreservedInsect":24,"Cracked Core":0,"Nuclear Battery":17},{"Potion Belt":9,"Nunchaku":6,"Inserter":18,"Vajra":5,"Mango":14,"PreservedInsect":13,"Cracked Core":0,"Nuclear Battery":10},{"Potion Belt":35,"Nunchaku":24,"Inserter":84,"Vajra":19,"Mango":60,"PreservedInsect":56,"Cracked Core":0,"Nuclear Battery":43}]},"card_choices":[{"not_picked":["Violence","Sadistic Nature"],"picked":"Apotheosis","floor":0.0},{"not_picked":["White Noise","Turbo"],"picked":"Compile Driver","floor":1.0},{"not_picked":["Conserve Battery","Sweeping Beam"],"picked":"Streamline","floor":2.0},{"not_picked":["Steam","Sweeping Beam"],"picked":"Undo","floor":3.0},{"not_picked":["Capacitor","Streamline","Blizzard"],"picked":"SKIP","floor":5.0},{"not_picked":["Compile Driver","Leap"],"picked":"Ball Lightning","floor":7.0},{"not_picked":["Sweeping Beam","Undo"],"picked":"Glacier","floor":10.0},{"not_picked":["Compile Driver","Hello World"],"picked":"Coolheaded","floor":11.0},{"not_picked":["Rip and Tear","Stack","Ball Lightning"],"picked":"SKIP","floor":13.0},{"not_picked":["Meteor Strike","Steam"],"picked":"Chaos","floor":14.0},{"not_picked":["Amplify","Meteor Strike"],"picked":"Fission","floor":16.0},{"not_picked":["Beam Cell","Leap"],"picked":"Barrage","floor":18.0},{"not_picked":["Sweeping Beam","Steam"],"picked":"Compile Driver","floor":19.0},{"not_picked":["Redo+1","Rip and Tear"],"picked":"Turbo","floor":24.0},{"not_picked":["Aggregate","Double Energy"],"picked":"Cold Snap","floor":25.0},{"not_picked":["Barrage","Loop"],"picked":"Coolheaded+1","floor":28.0},{"not_picked":["Auto Shields","Barrage"],"picked":"White Noise","floor":29.0},{"not_picked":["Reboot","Lockon","FTL"],"picked":"SKIP","floor":31.0},{"not_picked":["All For One","Meteor Strike"],"picked":"Electrodynamics","floor":33.0},{"not_picked":["Storm","Scrape","Lockon"],"picked":"SKIP","floor":35.0},{"not_picked":["Go for the Eyes","Stack"],"picked":"Compile Driver","floor":38.0},{"not_picked":["Beam Cell+1","Redo"],"picked":"Barrage","floor":39.0},{"not_picked":["Mind Blast","Purity"],"picked":"Secret Weapon","floor":41.0},{"not_picked":["Forethought","Purity"],"picked":"Magnetism","floor":41.0},{"not_picked":["Transmutation","Madness"],"picked":"Discovery","floor":41.0}],"player_experience":3600483,"relics_obtained":[{"floor":9.0,"key":"Vajra"},{"floor":10.0,"key":"Nunchaku"},{"floor":14.0,"key":"Potion Belt"},{"floor":24.0,"key":"PreservedInsect"},{"floor":26.0,"key":"Mango"}],"event_choices":[{"damage_healed":0.0,"max_hp_gain":0.0,"max_hp_loss":0.0,"gold_gain":0.0,"event_name":"The Woman in Blue","player_choice":"Bought 1 Potion","floor":4.0,"gold_loss":0.0,"damage_taken":0.0},{"damage_healed":0.0,"max_hp_gain":0.0,"max_hp_loss":0.0,"gold_gain":0.0,"event_name":"The Mausoleum","player_choice":"Ignored","floor":20.0,"gold_loss":0.0,"damage_taken":0.0},{"cards_removed":["Strike_B"],"damage_healed":0.0,"max_hp_gain":0.0,"max_hp_loss":0.0,"gold_gain":0.0,"event_name":"Back to Basics","player_choice":"Elegance","floor":22.0,"gold_loss":0.0,"damage_taken":0.0},{"damage_healed":0.0,"max_hp_gain":0.0,"max_hp_loss":0.0,"gold_gain":0.0,"event_name":"Mysterious Sphere","player_choice":"Ignored","floor":36.0,"gold_loss":0.0,"damage_taken":0.0},{"damage_healed":0.0,"max_hp_gain":0.0,"max_hp_loss":0.0,"gold_gain":0.0,"event_name":"Duplicator","player_choice":"Copied","floor":37.0,"gold_loss":0.0,"damage_taken":0.0,"cards_obtained":["Fission"]},{"damage_healed":0.0,"max_hp_gain":0.0,"max_hp_loss":0.0,"gold_gain":0.0,"event_name":"SensoryStone","player_choice":"Memory 3","floor":41.0,"gold_loss":0.0,"damage_taken":10.0}],"is_beta":false,"boss_relics":[{"not_picked":["Philosopher\u0027s Stone","SacredBark"],"picked":"Nuclear Battery"},{"not_picked":["Calling Bell","Pandora\u0027s Box"],"picked":"Inserter"}],"items_purged_floors":[12],"is_endless":false,"potions_floor_spawned":[1,5,7,10,16,18,24,33,39],"killed_by":"Nemesis","ascension_level":20}}