{"host":"sabve5zmqufxyc5o","time":1607698683,"event":{"mods":["2.2 Compatiblity","AchievementEnabler","Act Like it!","BaseMod","Block Reminder","Colored Map","Colored Powertips","DeckTracker","KOR Keyword Fix","Keyboard Shortcuts","Minty Spire (QoL Compilation)","Quick Restart","Rare Cards Sparkle","Relic Stats","StSLib","SuperFastMode"],"gold_per_floor":[118,118,131,1,21,52,52,79,115,145,115,127,96,108,108,187,187,203,229,279,295,54,54,82,145,145,163,163,38,49,64,64,135,185,203,253,271,121,171,171,196,246,246,263,274,274,99,116,116,116],"floor_reached":51,"playtime":1511,"items_purged":["Strike_B","Strike_B","Strike_B","Strike_B","Zap"],"score":1473,"play_id":"906f2e1c-04ed-4a1d-8d61-b6248dce8792","local_time":"20201211235803","is_ascension_mode":true,"campfire_choices":[{"floor":7.0,"key":"REST"},{"floor":12.0,"key":"REST"},{"data":"Defragment","floor":15.0,"key":"SMITH"},{"floor":23.0,"key":"REST"},{"data":"Coolheaded","floor":28.0,"key":"SMITH"},{"floor":32.0,"key":"REST"},{"floor":40.0,"key":"REST"},{"data":"Coolheaded","floor":46.0,"key":"SMITH"},{"floor":49.0,"key":"REST"}],"circlet_count":0,"master_deck":["AscendersBane","Defend_B+1","Defend_B","Defend_B","Defend_B","Dualcast","Cold Snap","Coolheaded+1","Defragment+1","Turbo+1","Cold Snap","Cold Snap","Coolheaded+1","Blizzard+1","Biased Cognition","Defragment","Coolheaded+1","BootSequence","Defragment+1","Go for the Eyes","Seek","Self Repair+1","White Noise"],"relics":["FrozenCore","SsserpentHead","PreservedInsect","MawBank","Omamori","War Paint","Frozen Egg 2","Tiny House","Orichalcum","Dream Catcher"],"acts_visited":["Exordium","TheCity","TheBeyond"],"potions_floor_usage":[50],"damage_taken":[{"damage":0.0,"enemies":"2 Louse","floor":1.0,"turns":2.0},{"damage":0.0,"enemies":"Cultist","floor":3.0,"turns":3.0},{"damage":0.0,"enemies":"Small Slimes","floor":5.0,"turns":4.0},{"damage":26.0,"enemies":"3 Sentries","floor":6.0,"turns":12.0},{"damage":19.0,"enemies":"Gremlin Nob","floor":8.0,"turns":4.0},{"damage":27.0,"enemies":"Gremlin Gang","floor":10.0,"turns":8.0},{"damage":11.0,"enemies":"Exordium Thugs","floor":11.0,"turns":5.0},{"damage":3.0,"enemies":"Large Slime","floor":14.0,"turns":6.0},{"damage":10.0,"enemies":"The Guardian","floor":16.0,"turns":15.0},{"damage":12.0,"enemies":"Shell Parasite","floor":18.0,"turns":12.0},{"damage":12.0,"enemies":"2 Thieves","floor":19.0,"turns":4.0},{"damage":2.0,"enemies":"Snake Plant","floor":21.0,"turns":8.0},{"damage":20.0,"enemies":"Gremlin Leader","floor":24.0,"turns":8.0},{"damage":17.0,"enemies":"3 Cultists","floor":25.0,"turns":7.0},{"damage":0.0,"enemies":"Snecko","floor":27.0,"turns":11.0},{"damage":0.0,"enemies":"Snake Plant","floor":30.0,"turns":8.0},{"damage":0.0,"enemies":"Centurion and Healer","floor":31.0,"turns":10.0},{"damage":0.0,"enemies":"Champ","floor":33.0,"turns":23.0},{"damage":2.0,"enemies":"Orb Walker","floor":35.0,"turns":7.0},{"damage":24.0,"enemies":"3 Shapes","floor":37.0,"turns":10.0},{"damage":13.0,"enemies":"Nemesis","floor":41.0,"turns":15.0},{"damage":18.0,"enemies":"Transient","floor":44.0,"turns":6.0},{"damage":18.0,"enemies":"4 Shapes","floor":45.0,"turns":9.0},{"damage":26.0,"enemies":"3 Darklings","floor":48.0,"turns":6.0},{"damage":45,"enemies":"Donu and Deca","floor":50,"turns":14}],"seed_played":"-8473520625431655852","potions_obtained":[{"floor":1.0,"key":"EntropicBrew"},{"floor":10.0,"key":"EssenceOfSteel"},{"floor":14.0,"key":"GamblersBrew"},{"floor":16.0,"key":"PotionOfCapacity"},{"floor":19.0,"key":"SkillPotion"},{"floor":24.0,"key":"DuplicationPotion"},{"floor":25.0,"key":"ColorlessPotion"},{"floor":31.0,"key":"AttackPotion"},{"floor":33.0,"key":"FocusPotion"},{"floor":34.0,"key":"Block Potion"},{"floor":45.0,"key":"AttackPotion"}],"is_trial":false,"path_per_floor":["M","?","M","$","M","E","R","E","T","M","M","R","$","M","R","B",null,"M","M","?","M","$","R","E","M","T","M","R","$","M","M","R","B",null,"M","?","M","$","?","R","E","T","T","M","M","R","$","M","R","B",null],"character_chosen":"DEFECT","items_purchased":["Defragment","Turbo","Blizzard","Defragment","Coolheaded"],"campfire_rested":6,"item_purchase_floors":[4,4,13,22,22],"current_hp_per_floor":[71,71,71,71,71,45,68,49,49,22,11,34,34,31,31,21,64,52,40,40,38,38,61,41,24,24,24,24,24,24,24,47,47,75,73,73,49,49,49,72,69,69,69,51,43,43,43,27,50,15],"gold":116,"neow_bonus":"TEN_PERCENT_HP_BONUS","is_daily":false,"chose_seed":false,"campfire_upgraded":3,"win_rate":0.0,"timestamp":1607698683,"path_taken":["M","?","M","?","M","E","R","E","T","M","M","R","$","M","R","BOSS","M","?","?","M","$","R","E","?","T","M","R","$","M","M","R","BOSS","M","?","M","$","?","R","E","?","T","M","M","R","$","M","R","BOSS"],"items_purchased_type":["Card","Card","Card","Card","Card"],"build_version":"2020-11-30","purchased_purges":5,"victory":true,"max_hp_per_floor":[78,78,78,78,78,78,78,78,78,78,78,78,78,78,78,78,78,78,78,78,78,78,78,78,78,78,78,78,78,78,78,78,78,83,83,83,83,83,79,79,79,79,79,79,79,79,79,79,79,79],"relic_stats":{"SsserpentHead":350,"Dream Catcher":1,"counters":[25,217],"PreservedInsect":121,"War Paint":["Defend_B","Turbo"],"Orichalcum":[12],"MawBank":60,"obtain_stats":[{"SsserpentHead":2,"Dream Catcher":43,"Tiny House":34,"PreservedInsect":6,"Omamori":9,"War Paint":24,"Frozen Egg 2":26,"Orichalcum":41,"Cracked Core":0,"MawBank":8,"FrozenCore":17},{"SsserpentHead":1,"Dream Catcher":21,"Tiny House":18,"PreservedInsect":4,"Omamori":5,"War Paint":13,"Frozen Egg 2":14,"Orichalcum":21,"Cracked Core":0,"MawBank":5,"FrozenCore":9},{"SsserpentHead":2,"Dream Catcher":182,"Tiny House":150,"PreservedInsect":21,"Omamori":25,"War Paint":91,"Frozen Egg 2":98,"Orichalcum":182,"Cracked Core":0,"MawBank":25,"FrozenCore":59}],"FrozenCore":[36]},"card_choices":[{"not_picked":["Steam Power","Tempest"],"picked":"Cold Snap","floor":1.0},{"not_picked":["Double Energy","Redo"],"picked":"Coolheaded","floor":3.0},{"not_picked":["Sweeping Beam","Steam Power"],"picked":"Cold Snap","floor":5.0},{"not_picked":["Fusion","Creative AI"],"picked":"Cold Snap","floor":6.0},{"not_picked":["Conserve Battery","Rebound","Hello World"],"picked":"SKIP","floor":8.0},{"not_picked":["Turbo","Hologram"],"picked":"Coolheaded","floor":10.0},{"not_picked":["Hello World","Sweeping Beam","Barrage"],"picked":"SKIP","floor":11.0},{"not_picked":["Beam Cell","Redo","Hologram"],"picked":"SKIP","floor":14.0},{"not_picked":["Reprogram","Steam","Chaos"],"picked":"SKIP","floor":18.0},{"not_picked":["Stack","Redo","Sweeping Beam"],"picked":"SKIP","floor":19.0},{"not_picked":["Steam","Conserve Battery"],"picked":"Biased Cognition","floor":21.0},{"not_picked":["Capacitor","Rebound"],"picked":"BootSequence","floor":24.0},{"not_picked":["Compile Driver","Steam","Reinforced Body"],"picked":"SKIP","floor":25.0},{"not_picked":["Genetic Algorithm","Sweeping Beam"],"picked":"Defragment+1","floor":27.0},{"not_picked":["Leap","Turbo","Conserve Battery+1"],"picked":"SKIP","floor":30.0},{"not_picked":["Leap","Electrodynamics+1"],"picked":"Go for the Eyes","floor":31.0},{"not_picked":["Machine Learning+1","Biased Cognition+1"],"picked":"Seek","floor":33.0},{"not_picked":["Fusion","Rebound+1","Gash+1"],"picked":"SKIP","floor":35.0},{"not_picked":["Fusion","Rebound+1","Gash+1"],"picked":"SKIP","floor":35.0},{"not_picked":["Undo","Stack"],"picked":"Self Repair+1","floor":37.0},{"not_picked":["Lockon","Auto Shields"],"picked":"White Noise","floor":41.0},{"not_picked":["Conserve Battery+1","Force Field+1","Hologram+1"],"picked":"SKIP","floor":44.0},{"not_picked":["Rebound+1","Static Discharge+1","Multi-Cast"],"picked":"SKIP","floor":45.0},{"not_picked":["Leap","Rebound","Ball Lightning"],"picked":"SKIP","floor":48.0}],"player_experience":758676,"relics_obtained":[{"floor":6.0,"key":"PreservedInsect"},{"floor":8.0,"key":"MawBank"},{"floor":9.0,"key":"Omamori"},{"floor":24.0,"key":"War Paint"},{"floor":26.0,"key":"Frozen Egg 2"},{"floor":41.0,"key":"Orichalcum"},{"floor":43.0,"key":"Dream Catcher"}],"event_choices":[{"damage_healed":0.0,"max_hp_gain":0.0,"max_hp_loss":0.0,"gold_gain":0.0,"event_name":"FaceTrader","player_choice":"Trade","floor":2.0,"gold_loss":0.0,"damage_taken":0.0,"relics_obtained":["SsserpentHead"]},{"damage_healed":0.0,"max_hp_gain":0.0,"max_hp_loss":0.0,"gold_gain":0.0,"event_name":"Accursed Blacksmith","player_choice":"Forge","floor":20.0,"gold_loss":0.0,"damage_taken":0.0,"cards_upgraded":["Blizzard"]},{"damage_healed":0.0,"max_hp_gain":0.0,"max_hp_loss":0.0,"gold_gain":0.0,"event_name":"Mysterious Sphere","player_choice":"Ignored","floor":36.0,"gold_loss":0.0,"damage_taken":0.0},{"damage_healed":0.0,"max_hp_gain":0.0,"max_hp_loss":4.0,"gold_gain":0.0,"event_name":"Winding Halls","player_choice":"Max HP","floor":39.0,"gold_loss":0.0,"damage_taken":0.0}],"is_beta":false,"boss_relics":[{"not_picked":["Fusion Hammer","Astrolabe"],"picked":"FrozenCore"},{"not_picked":["Black Star","Snecko Eye"],"picked":"Tiny House"}],"items_purged_floors":[4,22,29,38,47],"is_endless":false,"potions_floor_spawned":[1,10,14,16,19,24,25,31,33,35,45],"ascension_level":18}}