{"host":"3j2m8n0ywf988fwb","time":1607671818,"event":{"mods":["Aspiration","BaseMod","Beaked The Cultist","Better Altar","Better Match","Better Note","Better Sensory Stone","Better Skull","Better Third Choice","CCEM","Colored Map","Colored Powertips","Conspire","Energized Spire","GifTheSpireLib","Googly Eyes","Halation","Highlight Path","Hubris","Jedi Mod","Marisa????????","Marked Mod","Mimic Mod","Minty Spire (QoL Compilation)","Random Character Button","Relic Stats","Replay The Spire","Robot Space Explorer","Shop Mod","Somnambulant","StSLib","Stuff the Spire","The Bug Knight","The Hierophant","The Runesmith","TheFirefly","Unceasing Turn Reminder","everything is the same but u backflip on backflip"],"gold_per_floor":[119,119,119,119,137,137,167,167,206,206,190,72,141,157,157,107,107],"floor_reached":16,"playtime":802,"items_purged":[],"score":140,"play_id":"3908196b-3e31-41ec-83b2-a26c5cb36e3d","local_time":"20201211013018","is_ascension_mode":true,"campfire_choices":[{"data":"HollowMod:FocusHealStart","floor":6,"key":"SMITH"},{"data":"HollowMod:MothsMistake","floor":10,"key":"SMITH"},{"floor":15,"key":"REST"}],"circlet_count":0,"master_deck":["HollowMod:NailStrikeStart","HollowMod:NailStrikeStart","HollowMod:NailStrikeStart","HollowMod:NailStrikeStart","HollowMod:QuickDashStart","HollowMod:QuickDashStart","HollowMod:QuickDashStart","HollowMod:QuickDashStart","HollowMod:FocusHealStart+1","HollowMod:PogoStrike","HollowMod:InfectedAttack+1","Pummel","HollowMod:MothsMistake+1","HollowMod:ChannelNail","HollowMod:InfectedAttack+1","HollowMod:InfectedCysts","HollowMod:MothsMistake","HollowMod:NewJinnsSoul"],"relics":["HollowMod:VesselMask","NeowsBlessing","halation:StarCompass","hubris:Icosahedron","hubris:DisguiseKit","conspire:BottledYoYo","SsserpentHead","Whetstone"],"acts_visited":["Exordium"],"potions_floor_usage":[],"damage_taken":[{"damage":0,"enemies":"Cultist","floor":1,"turns":1},{"damage":0,"enemies":"Jaw Worm","floor":5,"turns":1},{"damage":0,"enemies":"3 Sentries","floor":7,"turns":1},{"damage":6,"enemies":"2 Louse","floor":9,"turns":7},{"damage":51,"enemies":"Lagavulin","floor":11,"turns":7},{"damage":8,"enemies":"2 Louse","floor":13,"turns":2},{"damage":20,"enemies":"2 Fungi Beasts","floor":14,"turns":4},{"damage":79,"enemies":"Fading Forest","floor":16,"turns":11}],"seed_played":"3987766571821900822","potions_obtained":[{"floor":7,"key":"jedi:wingpotion"},{"floor":13,"key":"Swift Potion"},{"floor":14,"key":"BlessingOfTheForge"}],"is_trial":false,"path_per_floor":["M","?","?","?","M","R","E","?","MIM","R","E","$","M","M","R","B"],"character_chosen":"THE_BUGKNIGHT","items_purchased":["HollowMod:InfectedCysts","HollowMod:MothsMistake"],"campfire_rested":1,"item_purchase_floors":[12,12],"current_hp_per_floor":[75,75,75,75,75,75,75,75,75,75,36,36,28,18,40,0,0],"gold":107,"neow_bonus":"THREE_ENEMY_KILL","is_daily":false,"chose_seed":false,"campfire_upgraded":2,"win_rate":0.0,"timestamp":1607671818,"path_taken":["M","?","?","?","M","R","E","?","MIM","R","E","$","?","M","R","BOSS"],"items_purchased_type":["Card","Card"],"build_version":"2020-11-30","purchased_purges":0,"victory":false,"max_hp_per_floor":[75,75,75,75,75,75,75,75,75,75,75,75,75,75,75,75,75],"relic_stats":{"SsserpentHead":50,"counters":[8,34],"Whetstone":["HollowMod:InfectedAttack","HollowMod:InfectedAttack"],"obtain_stats":[{"hubris:DisguiseKit":4,"SsserpentHead":8,"hubris:Icosahedron":3,"NeowsBlessing":0,"HollowMod:VesselMask":0,"conspire:BottledYoYo":7,"Whetstone":11,"halation:StarCompass":2},{"hubris:DisguiseKit":1,"SsserpentHead":3,"hubris:Icosahedron":1,"NeowsBlessing":0,"HollowMod:VesselMask":0,"conspire:BottledYoYo":3,"Whetstone":5,"halation:StarCompass":1},{"hubris:DisguiseKit":1,"SsserpentHead":3,"hubris:Icosahedron":1,"NeowsBlessing":0,"HollowMod:VesselMask":0,"conspire:BottledYoYo":3,"Whetstone":17,"halation:StarCompass":1}]},"card_choices":[{"not_picked":["HollowMod:DashSlash","HollowMod:LifebloodCocoon"],"picked":"HollowMod:InfectedAttack","floor":1},{"not_picked":["HollowMod:SharpenedNail","HollowMod:LifebloodCocoon","HollowMod:MawleksShell"],"picked":"Pummel","floor":5},{"not_picked":["HollowMod:GoodIntentions","HollowMod:VengefulSpirit","ReplayTheSpireMod:Corrosion Curse"],"picked":"HollowMod:MothsMistake","floor":7},{"not_picked":["HollowMod:HuntersJournal","HollowMod:ElderbugsWisdom","Havoc"],"picked":"HollowMod:ChannelNail","floor":9},{"not_picked":["HollowMod:BaldurShell","HollowMod:HuntersJournal","jedi:fear"],"picked":"HollowMod:InfectedAttack","floor":11},{"not_picked":["HollowMod:SoulShaman","HollowMod:CornifersMapStart","Warcry"],"picked":"HollowMod:NewJinnsSoul","floor":13},{"not_picked":["HollowMod:LifebloodCocoon","HollowMod:HowlingWraiths","HollowMod:BaldurShell","Clash"],"picked":"SKIP","floor":14}],"player_experience":960292,"relics_obtained":[{"floor":7,"key":"conspire:BottledYoYo"},{"floor":11,"key":"Whetstone"}],"event_choices":[{"damage_healed":0,"gold_gain":0,"player_choice":"Trade","damage_taken":0,"relics_obtained":["SsserpentHead"],"max_hp_gain":0,"max_hp_loss":0,"event_name":"FaceTrader","floor":8,"gold_loss":0}],"is_beta":false,"boss_relics":[],"items_purged_floors":[],"is_endless":false,"potions_floor_spawned":[7,13,14],"killed_by":"Fading Forest","ascension_level":1}}