{"host":"aeidq2c3auzxo1yh","time":1607722709,"event":{"mods":["AchievementEnabler","BaseMod","Colored Map","Colored Powertips","Minty Spire (QoL Compilation)","Relic Stats","StSLib"],"gold_per_floor":[109,124,124,49,64,64,97,109,109,189,219,219,248,5,5,81,81,92,92,109,109,109,109,109],"floor_reached":23,"playtime":929,"items_purged":[],"score":439,"play_id":"a6e7ff60-c28e-4cb4-9a76-607429d560ff","local_time":"20201212023829","is_ascension_mode":true,"campfire_choices":[{"data":"Wild Strike","floor":6.0,"key":"SMITH"},{"data":"Whirlwind","floor":12,"key":"SMITH"},{"data":"Bash","floor":15,"key":"SMITH"}],"circlet_count":0,"master_deck":["AscendersBane","Defend_R","Defend_R","Defend_R","Defend_R","Bash+1","Sever Soul","Wild Strike+1","Whirlwind+1","Wild Strike","Shrug It Off","Metallicize","Berserk","Carnage","Writhe","Flame Barrier","Bite","Bite","Bite","Bite","Bite"],"relics":["Burning Blood","Happy Flower","Eternal Feather","Girya","White Beast Statue","Champion Belt","Gambling Chip","Pen Nib","SacredBark","Orichalcum","Enchiridion"],"acts_visited":["Exordium","TheCity"],"potions_floor_usage":[7,13,16,16],"damage_taken":[{"damage":4.0,"enemies":"Small Slimes","floor":1.0,"turns":3.0},{"damage":2.0,"enemies":"Jaw Worm","floor":2.0,"turns":3.0},{"damage":0.0,"enemies":"2 Louse","floor":5.0,"turns":3.0},{"damage":25,"enemies":"Lagavulin","floor":7,"turns":4},{"damage":4,"enemies":"Large Slime","floor":8,"turns":5},{"damage":6,"enemies":"Gremlin Nob","floor":11,"turns":3},{"damage":33,"enemies":"Lagavulin","floor":13,"turns":6},{"damage":10,"enemies":"Hexaghost","floor":16,"turns":8},{"damage":22,"enemies":"Spheric Guardian","floor":18,"turns":4},{"damage":16,"enemies":"2 Thieves","floor":20,"turns":5},{"damage":40,"enemies":"Gremlin Leader","floor":23,"turns":5}],"seed_played":"755238963818733381","potions_obtained":[{"floor":2.0,"key":"Strength Potion"},{"floor":5.0,"key":"EssenceOfSteel"},{"floor":7,"key":"EssenceOfSteel"},{"floor":13,"key":"SkillPotion"},{"floor":16,"key":"LiquidBronze"},{"floor":18,"key":"FairyPotion"},{"floor":20,"key":"CultistPotion"}],"is_trial":false,"path_per_floor":["M","M","?","?","M","R","E","M","T","T","E","R","E","$","R","B",null,"M","?","M","?","?","E"],"character_chosen":"IRONCLAD","items_purchased":["Pen Nib","Metallicize"],"campfire_rested":0,"item_purchase_floors":[14,14],"current_hp_per_floor":[70,74,67,67,73,73,54,56,56,56,56,62,35,35,44,40,66,50,50,40,19,19,0,0],"gold":109,"neow_bonus":"RANDOM_COMMON_RELIC","is_daily":false,"chose_seed":false,"campfire_upgraded":3,"win_rate":0.0,"timestamp":1607722709,"path_taken":["M","M","?","?","M","R","E","M","T","?","E","R","E","?","R","BOSS","M","?","M","?","?","E"],"items_purchased_type":["Relic","Card"],"build_version":"2020-11-30","purchased_purges":0,"victory":false,"max_hp_per_floor":[75,75,75,75,75,75,75,75,75,75,75,75,75,75,75,75,75,75,75,75,75,52,52,52],"relic_stats":{"Happy Flower":[16],"counters":[11,49],"Gambling Chip":[15],"Eternal Feather":15,"Pen Nib":[3],"Champion Belt":[4],"Orichalcum":[36],"obtain_stats":[{"Girya":9,"Happy Flower":0,"Gambling Chip":13,"SacredBark":17,"Enchiridion":21,"Eternal Feather":7,"Pen Nib":14,"Champion Belt":11,"Orichalcum":19,"Burning Blood":0,"White Beast Statue":10},{"Girya":5,"Happy Flower":0,"Gambling Chip":7,"SacredBark":8,"Enchiridion":10,"Eternal Feather":4,"Pen Nib":7,"Champion Belt":6,"Orichalcum":9,"Burning Blood":0,"White Beast Statue":5},{"Girya":18,"Happy Flower":0,"Gambling Chip":27,"SacredBark":35,"Enchiridion":44,"Eternal Feather":13,"Pen Nib":27,"Champion Belt":21,"Orichalcum":39,"Burning Blood":0,"White Beast Statue":18}],"Burning Blood":60},"card_choices":[{"not_picked":["Wild Strike","Combust"],"picked":"Sever Soul","floor":1.0},{"not_picked":["Thunderclap","Armaments","Seeing Red"],"picked":"SKIP","floor":2.0},{"not_picked":["Power Through","Shockwave"],"picked":"Wild Strike","floor":5.0},{"not_picked":["Pummel","Clothesline"],"picked":"Whirlwind","floor":7},{"not_picked":["Heavy Blade","Perfected Strike"],"picked":"Wild Strike","floor":8},{"not_picked":["Anger","Barricade","Heavy Blade"],"picked":"SKIP","floor":11},{"not_picked":["Pommel Strike","Armaments"],"picked":"Shrug It Off","floor":13},{"not_picked":["Feed","Fiend Fire"],"picked":"Berserk","floor":16},{"not_picked":["Wild Strike","Warcry"],"picked":"Carnage","floor":18},{"not_picked":["Headbutt","Warcry"],"picked":"Flame Barrier","floor":20}],"player_experience":841629,"relics_obtained":[{"floor":7,"key":"Eternal Feather"},{"floor":9,"key":"Girya"},{"floor":10,"key":"White Beast Statue"},{"floor":11,"key":"Champion Belt"},{"floor":13,"key":"Gambling Chip"},{"floor":21,"key":"Enchiridion"}],"event_choices":[{"cards_removed":["Strike_R"],"damage_healed":0.0,"max_hp_gain":0.0,"max_hp_loss":0.0,"gold_gain":0.0,"event_name":"Golden Wing","player_choice":"Card Removal","floor":3.0,"gold_loss":0.0,"damage_taken":7.0},{"cards_removed":["Strike_R"],"damage_healed":0.0,"max_hp_gain":0.0,"max_hp_loss":0.0,"gold_gain":0.0,"event_name":"The Cleric","player_choice":"Card Removal","floor":4.0,"gold_loss":75.0,"damage_taken":0.0},{"damage_healed":0,"gold_gain":0,"player_choice":"Opened","damage_taken":0,"relics_obtained":["Orichalcum"],"max_hp_gain":0,"max_hp_loss":0,"event_name":"The Mausoleum","floor":19,"gold_loss":0,"cards_obtained":["Writhe"]},{"damage_healed":0,"gold_gain":0,"player_choice":"Obtained Book","damage_taken":21,"max_hp_gain":0,"max_hp_loss":0,"event_name":"Cursed Tome","floor":21,"gold_loss":0},{"damage_healed":0,"gold_gain":0,"player_choice":"Became a vampire","damage_taken":0,"max_hp_gain":0,"max_hp_loss":23,"event_name":"Vampires","floor":22,"gold_loss":0,"cards_obtained":["Bite","Bite","Bite","Bite","Bite"]}],"is_beta":false,"boss_relics":[{"not_picked":["Fusion Hammer","Runic Cube"],"picked":"SacredBark"}],"items_purged_floors":[],"is_endless":false,"potions_floor_spawned":[2,5,7,8,11,13,16,18,20],"killed_by":"Gremlin Leader","ascension_level":20}}