{"host":"cjhtzh7tp54jdfyv","time":1607721740,"event":{"mods":["BaseMod","Minty Spire (QoL Compilation)"],"gold_per_floor":[110,121,141,151,161,192,192,227,227,227,238,252,272,297,297,375,375,411,446,446,491,535,572,623,664,690,362,362,412,471,518,518,622,622,670,712,439,439,457,515,561,616,666,729,776,820,880,922,922,922,922,922],"floor_reached":51,"playtime":5489,"items_purged":["Strike_P+1","Strike_P+1"],"score":2157,"play_id":"5c4bd2d4-d52a-4906-97e3-03cd25ea9691","local_time":"20201211162220","is_ascension_mode":true,"campfire_choices":[{"data":"EmptyFist","floor":7.0,"key":"SMITH"},{"floor":10,"key":"REST"},{"data":"TalkToTheHand","floor":15,"key":"SMITH"},{"floor":28,"key":"REST"},{"data":"Tantrum","floor":32,"key":"SMITH"},{"floor":49,"key":"RECALL"}],"circlet_count":0,"master_deck":["AscendersBane","Strike_P+1","Defend_P+1","Defend_P+1","Defend_P+1","Defend_P+1","Eruption+1","Vigilance+1","EmptyFist+1","BowlingBash+1","LessonLearned+1","Adaptation+1","TalkToTheHand+1","Wish+1","CutThroughFate+1","WaveOfTheHand+1","DeceiveReality+1","FlurryOfBlows+1","Halt+1","Adaptation+1","Tantrum+1","Trip+1","Halt+1","Wireheading+1","Panacea+1","FlurryOfBlows+1","ClearTheMind+1","Crescendo+1"],"relics":["Busted Crown","TeardropLocket","HornCleat","Gremlin Horn","Frozen Egg 2","Runic Pyramid","War Paint","Regal Pillow","Shuriken","Fusion Hammer","Mummified Hand","Incense Burner","Dream Catcher","CeramicFish"],"acts_visited":["Exordium","TheCity","TheBeyond"],"potions_floor_usage":[14,16,22,24,30,37,46,48,50,50],"damage_taken":[{"damage":0.0,"enemies":"Cultist","floor":1.0,"turns":3.0},{"damage":0.0,"enemies":"Small Slimes","floor":2.0,"turns":2.0},{"damage":0.0,"enemies":"2 Louse","floor":3.0,"turns":1.0},{"damage":6.0,"enemies":"Exordium Wildlife","floor":4.0,"turns":3.0},{"damage":3.0,"enemies":"Blue Slaver","floor":5.0,"turns":2.0},{"damage":10.0,"enemies":"3 Sentries","floor":6.0,"turns":4.0},{"damage":15,"enemies":"Lagavulin","floor":8,"turns":4},{"damage":0,"enemies":"Large Slime","floor":11,"turns":4},{"damage":0,"enemies":"Looter","floor":12,"turns":2},{"damage":4,"enemies":"Blue Slaver","floor":13,"turns":4},{"damage":0,"enemies":"3 Sentries","floor":14,"turns":4},{"damage":0,"enemies":"Slime Boss","floor":16,"turns":3},{"damage":1,"enemies":"3 Byrds","floor":18,"turns":6},{"damage":8,"enemies":"Shell Parasite","floor":19,"turns":6},{"damage":0,"enemies":"Snecko","floor":21,"turns":5},{"damage":14,"enemies":"Shelled Parasite and Fungi","floor":22,"turns":4},{"damage":11,"enemies":"Snake Plant","floor":23,"turns":6},{"damage":16,"enemies":"Slavers","floor":24,"turns":10},{"damage":0,"enemies":"Centurion and Healer","floor":25,"turns":4},{"damage":1,"enemies":"Chosen and Byrds","floor":29,"turns":4},{"damage":0,"enemies":"Gremlin Leader","floor":30,"turns":3},{"damage":0,"enemies":"Snecko","floor":31,"turns":5},{"damage":0,"enemies":"Automaton","floor":33,"turns":7},{"damage":4,"enemies":"3 Darklings","floor":35,"turns":4},{"damage":10,"enemies":"3 Shapes","floor":36,"turns":3},{"damage":0,"enemies":"Sphere and 2 Shapes","floor":39,"turns":4},{"damage":18,"enemies":"Giant Head","floor":40,"turns":7},{"damage":5,"enemies":"Transient","floor":41,"turns":6},{"damage":3,"enemies":"Nemesis","floor":42,"turns":5},{"damage":0,"enemies":"Giant Head","floor":44,"turns":5},{"damage":0,"enemies":"Maw","floor":45,"turns":5},{"damage":0,"enemies":"Writhing Mass","floor":46,"turns":4},{"damage":8,"enemies":"Nemesis","floor":47,"turns":7},{"damage":8,"enemies":"Transient","floor":48,"turns":6},{"damage":0,"enemies":"Time Eater","floor":50,"turns":10},{"damage":8,"enemies":"Donu and Deca","floor":51,"turns":1}],"seed_played":"3497078337515861501","potions_obtained":[{"floor":4.0,"key":"SpeedPotion"},{"floor":5.0,"key":"AttackPotion"},{"floor":11,"key":"FearPotion"},{"floor":12,"key":"SkillPotion"},{"floor":16,"key":"LiquidMemories"},{"floor":18,"key":"Strength Potion"},{"floor":21,"key":"Ancient Potion"},{"floor":23,"key":"Regen Potion"},{"floor":29,"key":"Fruit Juice"},{"floor":31,"key":"ColorlessPotion"},{"floor":33,"key":"Ancient Potion"},{"floor":42,"key":"AttackPotion"},{"floor":47,"key":"DuplicationPotion"},{"floor":48,"key":"GamblersBrew"}],"is_trial":false,"path_per_floor":["M","M","M","M","M","E","R","E","T","R","M","M","M","E","R","B",null,"M","M","?","M","M","M","E","M","T","$","R","M","E","M","R","B",null,"M","M","$","?","M","E","M","E","T","E","M","M","E","M","R","B","B"],"character_chosen":"WATCHER","items_purchased":["Adaptation+1","Tantrum","Trip","Wireheading+1","StancePotion"],"campfire_rested":2,"item_purchase_floors":[27,27,27,37,37],"current_hp_per_floor":[61,61,61,55,52,42,42,27,27,47,47,47,43,43,43,43,62,61,53,53,53,39,28,27,27,27,27,62,61,61,61,61,61,66,62,52,57,47,47,29,24,21,21,21,21,21,13,5,5,5,0,0],"gold":922,"neow_bonus":"BOSS_RELIC","is_daily":false,"chose_seed":false,"campfire_upgraded":3,"win_rate":0.0,"timestamp":1607721740,"path_taken":["M","M","M","M","M","E","R","E","T","R","M","M","M","E","R","BOSS","M","M","?","M","M","M","E","?","T","$","R","M","E","M","R","BOSS","M","M","$","?","M","E","M","E","T","E","M","M","E","M","R","BOSS","BOSS"],"items_purchased_type":["Card","Card","Card","Card","Potion"],"build_version":"2020-11-30","purchased_purges":2,"victory":false,"max_hp_per_floor":[68,68,68,68,68,68,68,68,68,68,68,68,68,68,68,68,68,68,68,68,68,68,68,68,68,68,68,68,68,68,68,68,68,68,68,68,73,73,73,73,73,73,73,73,73,73,73,73,73,73,73,73],"card_choices":[{"not_picked":["Crescendo"],"picked":"SKIP","floor":1.0},{"not_picked":[],"picked":"EmptyFist","floor":2.0},{"not_picked":["FlyingSleeves"],"picked":"SKIP","floor":3.0},{"not_picked":[],"picked":"BowlingBash","floor":4.0},{"not_picked":[],"picked":"LessonLearned","floor":5.0},{"not_picked":["SignatureMove"],"picked":"SKIP","floor":6.0},{"not_picked":[],"picked":"Adaptation","floor":8},{"not_picked":["WindmillStrike"],"picked":"SKIP","floor":11},{"not_picked":[],"picked":"TalkToTheHand","floor":12},{"not_picked":["FollowUp"],"picked":"SKIP","floor":13},{"not_picked":["FlyingSleeves"],"picked":"SKIP","floor":14},{"not_picked":[],"picked":"Wish","floor":16},{"not_picked":["Prostrate"],"picked":"SKIP","floor":18},{"not_picked":[],"picked":"CutThroughFate","floor":19},{"not_picked":["PathToVictory"],"picked":"SKIP","floor":21},{"not_picked":[],"picked":"DeceiveReality","floor":22},{"not_picked":[],"picked":"FlurryOfBlows","floor":23},{"not_picked":["Protect"],"picked":"SKIP","floor":24},{"not_picked":[],"picked":"Halt","floor":25},{"not_picked":["Protect"],"picked":"SKIP","floor":29},{"not_picked":[],"picked":"Halt","floor":30},{"not_picked":["Indignation"],"picked":"SKIP","floor":31},{"not_picked":["Sanctity"],"picked":"SKIP","floor":35},{"not_picked":["Fasting2+1"],"picked":"SKIP","floor":36},{"not_picked":[],"picked":"Panacea","floor":38},{"not_picked":["ThirdEye"],"picked":"SKIP","floor":39},{"not_picked":[],"picked":"FlurryOfBlows+1","floor":40},{"not_picked":["Indignation+1"],"picked":"SKIP","floor":41},{"not_picked":["Alpha"],"picked":"SKIP","floor":42},{"not_picked":["ThirdEye"],"picked":"SKIP","floor":44},{"not_picked":[],"picked":"ClearTheMind","floor":45},{"not_picked":[],"picked":"Crescendo","floor":46},{"not_picked":["FollowUp"],"picked":"SKIP","floor":47},{"not_picked":["Establishment+1"],"picked":"SKIP","floor":48}],"player_experience":4136239,"relics_obtained":[{"floor":6.0,"key":"TeardropLocket"},{"floor":8,"key":"HornCleat"},{"floor":9,"key":"Gremlin Horn"},{"floor":14,"key":"Frozen Egg 2"},{"floor":24,"key":"War Paint"},{"floor":26,"key":"Regal Pillow"},{"floor":30,"key":"Shuriken"},{"floor":40,"key":"Mummified Hand"},{"floor":42,"key":"Incense Burner"},{"floor":44,"key":"Dream Catcher"},{"floor":47,"key":"CeramicFish"}],"event_choices":[{"damage_healed":0,"gold_gain":0,"cards_transformed":["Strike_P"],"player_choice":"Transformed","damage_taken":0,"max_hp_gain":0,"max_hp_loss":0,"event_name":"Transmorgrifier","floor":20,"gold_loss":0,"cards_obtained":["WaveOfTheHand"]},{"damage_healed":0,"gold_gain":0,"player_choice":"Memory 3","damage_taken":10,"max_hp_gain":0,"max_hp_loss":0,"event_name":"SensoryStone","floor":38,"gold_loss":0}],"is_beta":false,"boss_relics":[{"not_picked":["Cursed Key","Runic Dome"],"picked":"Runic Pyramid"},{"not_picked":["Black Star","Snecko Eye"],"picked":"Fusion Hammer"}],"items_purged_floors":[27,37],"is_endless":false,"potions_floor_spawned":[4,5,11,12,13,16,18,21,23,29,31,33,39,40,42,44,45,47,48],"killed_by":"Donu and Deca","ascension_level":20}}