{"host":"g3js2eermvvpeiqn","time":1607714455,"event":{"mods":["BaseMod","DeckTracker","Downfall","Minty Spire (QoL Compilation)","Quick Restart","StSLib"],"gold_per_floor":[113,113,113,124,124,124,142,92,115,131,152,152,171,90,90,214,214,227,227,227,243,264,297,297,297,297,310,310,326,326,350,350,470,470,489,185,248,248,261,261,261,286,312,16,40,81,81,81,81,81],"floor_reached":51,"playtime":2574,"items_purged":["Strike_P","Defend_P"],"score":831,"play_id":"24627e54-233f-4bba-9889-27a7c4b3fb0c","local_time":"20201211132055","is_ascension_mode":true,"campfire_choices":[{"data":"ForeignInfluence","floor":6.0,"key":"SMITH"},{"floor":12.0,"key":"REST"},{"floor":15.0,"key":"REST"},{"floor":25.0,"key":"REST"},{"floor":28.0,"key":"REST"},{"floor":30.0,"key":"REST"},{"data":"SignatureMove","floor":32.0,"key":"SMITH"},{"floor":40.0,"key":"REST"},{"floor":47,"key":"RECALL"},{"floor":49,"key":"REST"}],"circlet_count":0,"master_deck":["Strike_P","Strike_P","Strike_P","Defend_P+1","Defend_P+1","Eruption+1","Vigilance","ForeignInfluence+1","EmptyFist","Prostrate+1","EmptyBody+1","EmptyMind+1","Pray+1","Vault+1","Brilliance","SignatureMove+1","Crescendo+1","Prostrate+1","Vault+1","CurseOfTheBell"],"relics":["PureWater","NeowsBlessing","Toxic Egg 2","Golden Idol","PreservedInsect","VioletLotus","Art of War","Eternal Feather","Singing Bowl","Calling Bell","Ancient Tea Set","TeardropLocket","Girya","Lantern","Dead Branch","Centennial Puzzle","War Paint","Omamori"],"acts_visited":["Exordium","TheCity","TheBeyond"],"potions_floor_usage":[45,45,50,50],"damage_taken":[{"damage":0.0,"enemies":"Cultist","floor":1.0,"turns":2.0},{"damage":0.0,"enemies":"2 Louse","floor":4.0,"turns":1.0},{"damage":0.0,"enemies":"Small Slimes","floor":7.0,"turns":1.0},{"damage":17.0,"enemies":"Blue Slaver","floor":10.0,"turns":3.0},{"damage":15.0,"enemies":"Exordium Thugs","floor":11.0,"turns":4.0},{"damage":12.0,"enemies":"Gremlin Gang","floor":13.0,"turns":3.0},{"damage":44.0,"enemies":"The Guardian","floor":16.0,"turns":8.0},{"damage":10.0,"enemies":"Chosen","floor":18.0,"turns":5.0},{"damage":5.0,"enemies":"3 Byrds","floor":21.0,"turns":4.0},{"damage":30.0,"enemies":"Snake Plant","floor":22.0,"turns":4.0},{"damage":13.0,"enemies":"Slavers","floor":23.0,"turns":5.0},{"damage":28.0,"enemies":"Snecko","floor":27.0,"turns":5.0},{"damage":15.0,"enemies":"Shelled Parasite and Fungi","floor":29.0,"turns":4.0},{"damage":10.0,"enemies":"3 Cultists","floor":31.0,"turns":5.0},{"damage":65.0,"enemies":"Champ","floor":33.0,"turns":11.0},{"damage":26.0,"enemies":"3 Shapes","floor":35.0,"turns":6.0},{"damage":16.0,"enemies":"Mind Bloom Boss Battle","floor":37.0,"turns":4.0},{"damage":33.0,"enemies":"3 Darklings","floor":39.0,"turns":6.0},{"damage":0.0,"enemies":"Sphere and 2 Shapes","floor":42.0,"turns":3.0},{"damage":0,"enemies":"Jaw Worm Horde","floor":45,"turns":1},{"damage":0,"enemies":"Nemesis","floor":46,"turns":3},{"damage":64,"enemies":"Donu and Deca","floor":50,"turns":9}],"seed_played":"-7495318267213373953","potions_obtained":[{"floor":7.0,"key":"SteroidPotion"},{"floor":10.0,"key":"Swift Potion"},{"floor":13.0,"key":"SteroidPotion"},{"floor":18.0,"key":"SneckoOil"},{"floor":22.0,"key":"Explosive Potion"},{"floor":29.0,"key":"Block Potion"},{"floor":35.0,"key":"SmokeBomb"},{"floor":39.0,"key":"FearPotion"},{"floor":42.0,"key":"LiquidMemories"},{"floor":45,"key":"hexamod:EctoCoolerPotion"}],"is_trial":false,"path_per_floor":["M","T","?","M","?","R","M","?","T","M","M","R","M","$","R","B",null,"M","?","?","M","M","E","T","R","T","M","R","M","R","M","R","B",null,"M","$","?","?","M","R","?","M","T","$","M","E","R","?","R","B",null],"character_chosen":"WATCHER","items_purchased":["Vault+1","Lantern","LiquidMemories","War Paint","AttackPotion"],"campfire_rested":7,"item_purchase_floors":[14,36,36,44,44],"current_hp_per_floor":[72,72,72,72,72,72,72,72,72,55,40,61,49,49,70,26,72,62,62,62,57,27,14,14,47,47,21,55,42,76,68,78,13,78,54,54,40,40,9,46,46,48,48,48,50,52,64,64,90,26],"gold":81,"neow_bonus":"THREE_ENEMY_KILL","is_daily":false,"chose_seed":false,"campfire_upgraded":2,"win_rate":0.0,"timestamp":1607714455,"path_taken":["M","?","?","M","?","R","M","?","T","M","M","R","M","$","R","BOSS","M","?","?","?","?","E","?","R","T","M","R","M","R","M","R","BOSS","M","$","?","?","M","R","?","?","T","$","M","E","R","?","R","BOSS"],"items_purchased_type":["Card","Relic","Potion","Relic","Potion"],"build_version":"2020-11-30","purchased_purges":2,"victory":true,"max_hp_per_floor":[72,72,72,72,72,72,72,72,72,72,72,72,72,72,72,72,72,72,72,72,72,72,72,72,72,72,74,74,76,76,78,78,78,78,80,80,82,82,84,84,84,86,86,86,88,90,90,90,90,90],"card_choices":[{"not_picked":["PathToVictory","ThirdEye"],"picked":"ForeignInfluence","floor":1.0},{"not_picked":["CrushJoints","JustLucky"],"picked":"EmptyFist","floor":4.0},{"not_picked":["Tantrum","PathToVictory+1"],"picked":"Prostrate+1","floor":7.0},{"not_picked":["SashWhip","EmptyFist"],"picked":"EmptyBody+1","floor":10.0},{"not_picked":["JustLucky","Protect+1"],"picked":"EmptyMind+1","floor":11.0},{"not_picked":["Consecrate","EmptyBody+1"],"picked":"Pray+1","floor":13.0},{"not_picked":["Alpha+1","Vault+1"],"picked":"Brilliance","floor":16.0},{"not_picked":["InnerPeace+1","ReachHeaven"],"picked":"WreathOfFlame+1","floor":18.0},{"not_picked":["BowlingBash+1","Indignation+1"],"picked":"Crescendo+1","floor":21.0},{"not_picked":["Collect+1","Halt+1","InnerPeace+1"],"picked":"SKIP","floor":22.0},{"not_picked":["SandsOfTime","Consecrate+1"],"picked":"Prostrate+1","floor":23.0},{"not_picked":["ReachHeaven+1","Wallop","FlyingSleeves"],"picked":"Singing Bowl","floor":27.0},{"not_picked":["WaveOfTheHand+1","ClearTheMind+1","EmptyFist"],"picked":"Singing Bowl","floor":29.0},{"not_picked":["Consecrate","FlyingSleeves+1","BowlingBash"],"picked":"Singing Bowl","floor":31.0},{"not_picked":["Wish+1","Establishment"],"picked":"Vault+1","floor":33.0},{"not_picked":["FlurryOfBlows","Wallop+1","Protect+1"],"picked":"Singing Bowl","floor":35.0},{"not_picked":["WaveOfTheHand+1","Blasphemy+1","Weave+1"],"picked":"Singing Bowl","floor":37.0},{"not_picked":["ThirdEye+1","Meditate+1","Protect+1"],"picked":"Singing Bowl","floor":39.0},{"not_picked":["FlurryOfBlows+1","JustLucky+1","WreathOfFlame+1"],"picked":"Singing Bowl","floor":42.0},{"not_picked":["Protect+1","Halt+1","FearNoEvil"],"picked":"Singing Bowl","floor":45},{"not_picked":["JustLucky+1","DevaForm","EmptyBody+1"],"picked":"Singing Bowl","floor":46}],"player_experience":1432958,"relics_obtained":[{"floor":2.0,"key":"Toxic Egg 2"},{"floor":9.0,"key":"PreservedInsect"},{"floor":23.0,"key":"Art of War"},{"floor":24.0,"key":"Eternal Feather"},{"floor":26.0,"key":"Singing Bowl"},{"floor":34.0,"key":"Ancient Tea Set"},{"floor":34.0,"key":"TeardropLocket"},{"floor":34.0,"key":"Girya"},{"floor":37.0,"key":"Dead Branch"},{"floor":43.0,"key":"Centennial Puzzle"},{"floor":46,"key":"Omamori"}],"event_choices":[{"damage_healed":0.0,"max_hp_gain":0.0,"max_hp_loss":0.0,"gold_gain":0.0,"event_name":"Living Wall","player_choice":"Grow","floor":3.0,"gold_loss":0.0,"damage_taken":0.0,"cards_upgraded":["Eruption"]},{"damage_healed":0.0,"max_hp_gain":0.0,"max_hp_loss":0.0,"gold_gain":0.0,"event_name":"Golden Idol","player_choice":"Take Wound","floor":5.0,"gold_loss":0.0,"damage_taken":0.0,"relics_obtained":["Golden Idol"],"cards_obtained":["Injury"]},{"cards_removed":["Injury"],"damage_healed":0.0,"max_hp_gain":0.0,"max_hp_loss":0.0,"gold_gain":0.0,"event_name":"The Cleric","player_choice":"Card Removal","floor":8.0,"gold_loss":50.0,"damage_taken":0.0},{"damage_healed":0.0,"max_hp_gain":0.0,"max_hp_loss":0.0,"gold_gain":0.0,"event_name":"The Library","player_choice":"Read","floor":19.0,"gold_loss":0.0,"damage_taken":0.0,"cards_obtained":["SignatureMove"]},{"cards_removed":["Defend_P"],"damage_healed":0.0,"max_hp_gain":0.0,"max_hp_loss":0.0,"gold_gain":0.0,"event_name":"Bonfire Elementals","player_choice":"Offered Basic","floor":20.0,"gold_loss":0.0,"damage_taken":0.0},{"damage_healed":0.0,"max_hp_gain":0.0,"max_hp_loss":0.0,"gold_gain":0.0,"event_name":"MindBloom","player_choice":"Fight","floor":37.0,"gold_loss":0.0,"damage_taken":0.0},{"damage_healed":0.0,"max_hp_gain":0.0,"max_hp_loss":0.0,"gold_gain":0.0,"event_name":"Tomb of Lord Red Mask","player_choice":"Ignored","floor":38.0,"gold_loss":0.0,"damage_taken":0.0},{"cards_removed":["Regret"],"damage_healed":0.0,"max_hp_gain":0.0,"max_hp_loss":0.0,"gold_gain":0.0,"event_name":"NoteForYourself","player_choice":"Took Card","floor":41.0,"gold_loss":0.0,"damage_taken":0.0,"cards_obtained":["Regret"]},{"cards_removed":["WreathOfFlame"],"damage_healed":0,"gold_gain":0,"player_choice":"Purged","damage_taken":0,"max_hp_gain":0,"max_hp_loss":0,"event_name":"Purifier","floor":48,"gold_loss":0}],"is_beta":false,"boss_relics":[{"not_picked":["Fusion Hammer","Snecko Eye"],"picked":"VioletLotus"},{"not_picked":["Busted Crown","Coffee Dripper"],"picked":"Calling Bell"}],"items_purged_floors":[36,44],"is_endless":false,"potions_floor_spawned":[7,10,13,18,22,29,35,39,42,45],"ascension_level":2}}