{"host":"wsi8noc0n5jxahbu","time":1607711855,"event":{"mods":["BaseMod","Better Altar","Better Match","Better Note","Better Sensory Stone","Better Skull","Better Third Choice","BetterRewards","Colored Map","Custom Start","Highlight Path","Minty Spire (QoL Compilation)","Permanent Neow","Relic Filter","StSLib"],"gold_per_floor":[112,125,200,215,228,253,253,253,253,284,305,341,355,210,210,330,330,343,343,361,382,19,19,50,50,50,50,68,68,68],"floor_reached":29,"playtime":8184,"items_purged":["Injury","Gash"],"score":265,"play_id":"36404732-af86-4802-8971-5814af5246cf","local_time":"20201211133735","is_ascension_mode":false,"campfire_choices":[{"floor":7,"key":"REST"},{"floor":15,"key":"REST"},{"data":"Madness","floor":23,"key":"SMITH"},{"data":"Sunder","floor":25,"key":"SMITH"},{"floor":27,"key":"REST"}],"circlet_count":0,"master_deck":["Zap","Dualcast","Stack","Rip and Tear","Conserve Battery","Sunder","Electrodynamics","Conserve Battery","Madness+1","Echo Form","Chaos","Sunder+1","Chaos","Undo","Static Discharge","Streamline","Echo Form","Leap+1","Tempest","Discovery","Self Repair","Secret Technique","Sunder+1","Cold Snap+1"],"relics":["Cracked Core","Lantern","Boot","Golden Idol","Darkstone Periapt","Smiling Mask","InkBottle","Pandora\u0027s Box","Cables","Ginger"],"acts_visited":["Exordium","TheCity"],"potions_floor_usage":[6,12,16,16,20,29,29],"damage_taken":[{"damage":0,"enemies":"Small Slimes","floor":1,"turns":3},{"damage":2,"enemies":"2 Louse","floor":2,"turns":3},{"damage":0,"enemies":"Cultist","floor":4,"turns":3},{"damage":1,"enemies":"Red Slaver","floor":5,"turns":2},{"damage":24,"enemies":"Lagavulin","floor":6,"turns":5},{"damage":14,"enemies":"Gremlin Nob","floor":10,"turns":3},{"damage":5,"enemies":"3 Louse","floor":11,"turns":2},{"damage":11,"enemies":"3 Sentries","floor":12,"turns":3},{"damage":8,"enemies":"Looter","floor":13,"turns":3},{"damage":28,"enemies":"Hexaghost","floor":16,"turns":7},{"damage":2,"enemies":"Chosen","floor":18,"turns":5},{"damage":0,"enemies":"3 Byrds","floor":20,"turns":4},{"damage":0,"enemies":"Snecko","floor":21,"turns":4},{"damage":32,"enemies":"Slavers","floor":24,"turns":4},{"damage":0,"enemies":"3 Cultists","floor":28,"turns":4},{"damage":12,"enemies":"Colosseum Slavers","floor":29,"turns":2},{"damage":21,"enemies":"Colosseum Nobs","floor":29,"turns":3}],"seed_played":"-5774902922295293682","potions_obtained":[{"floor":4,"key":"FearPotion"},{"floor":10,"key":"Dexterity Potion"},{"floor":11,"key":"PowerPotion"},{"floor":13,"key":"Regen Potion"},{"floor":16,"key":"Fire Potion"},{"floor":20,"key":"ColorlessPotion"},{"floor":24,"key":"FearPotion"},{"floor":28,"key":"CultistPotion"}],"is_trial":false,"path_per_floor":["M","M","?","M","M","E","R","?","T","E","M","E","M","$","R","B",null,"M","?","M","M","$","R","E","R","T","R","M","?"],"character_chosen":"DEFECT","items_purchased":["Madness","Discovery","Self Repair","Secret Technique"],"campfire_rested":3,"item_purchase_floors":[14,22,22,22],"current_hp_per_floor":[75,73,62,62,61,37,59,59,59,45,40,29,21,21,43,30,75,73,73,73,73,73,73,48,48,48,70,70,37,37],"gold":68,"neow_bonus":"RANDOM_COMMON_RELIC","is_daily":false,"chose_seed":false,"campfire_upgraded":2,"win_rate":0.0,"timestamp":1607711855,"path_taken":["M","M","?","M","M","E","R","?","T","E","M","E","M","$","R","BOSS","M","?","?","M","$","R","E","R","T","R","M","?"],"items_purchased_type":["Card","Card","Card","Card"],"build_version":"2020-11-30","purchased_purges":2,"victory":false,"max_hp_per_floor":[75,75,75,75,75,75,75,75,75,75,75,75,75,75,75,75,75,75,75,75,75,75,75,75,75,75,75,75,75,75],"card_choices":[{"not_picked":["Stack","Rebound","Beam Cell"],"picked":"SKIP","floor":1},{"not_picked":["Rebound","Beam Cell"],"picked":"Stack","floor":1},{"not_picked":["Beam Cell","Conserve Battery"],"picked":"Rip and Tear","floor":2},{"not_picked":["Self Repair","BootSequence"],"picked":"Conserve Battery","floor":4},{"not_picked":["Ball Lightning","Leap"],"picked":"Sunder","floor":5},{"not_picked":["Loop","Buffer"],"picked":"Electrodynamics","floor":6},{"not_picked":["Rebound","Steam","Compile Driver"],"picked":"SKIP","floor":10},{"not_picked":["Sunder","Reprogram","Hologram"],"picked":"SKIP","floor":11},{"not_picked":["Hello World","BootSequence"],"picked":"Conserve Battery","floor":12},{"not_picked":["Steam","Hologram","Genetic Algorithm"],"picked":"SKIP","floor":13},{"not_picked":["Rainbow","Reboot"],"picked":"Echo Form","floor":16},{"not_picked":["Turbo+1","Sweeping Beam"],"picked":"Leap+1","floor":18},{"not_picked":["White Noise","Sweeping Beam","Compile Driver"],"picked":"SKIP","floor":20},{"not_picked":["Beam Cell","Lockon"],"picked":"Tempest","floor":21},{"not_picked":["Streamline","Barrage"],"picked":"Sunder+1","floor":24},{"not_picked":["Rebound","Gash"],"picked":"Cold Snap+1","floor":28}],"player_experience":383829,"relics_obtained":[{"floor":6,"key":"Boot"},{"floor":9,"key":"Darkstone Periapt"},{"floor":10,"key":"Smiling Mask"},{"floor":12,"key":"InkBottle"},{"floor":24,"key":"Cables"},{"floor":26,"key":"Ginger"}],"event_choices":[{"damage_healed":0,"gold_gain":75,"player_choice":"Gold","damage_taken":11,"max_hp_gain":0,"max_hp_loss":0,"event_name":"betterThird:BetterGoop","floor":3,"gold_loss":0},{"damage_healed":0,"gold_gain":0,"player_choice":"Take Wound","damage_taken":0,"relics_obtained":["Golden Idol"],"max_hp_gain":0,"max_hp_loss":0,"event_name":"Golden Idol","floor":8,"gold_loss":0,"cards_obtained":["Injury"]},{"damage_healed":0,"gold_gain":0,"player_choice":"Ignored","damage_taken":0,"max_hp_gain":0,"max_hp_loss":0,"event_name":"betterNote:BetterNote","floor":19,"gold_loss":0,"cards_obtained":["LessonLearned"]},{"damage_healed":0,"gold_gain":0,"player_choice":"Fight","damage_taken":0,"max_hp_gain":0,"max_hp_loss":0,"event_name":"Colosseum","floor":29,"gold_loss":0},{"damage_healed":0,"gold_gain":0,"player_choice":"Fought Nobs","damage_taken":0,"max_hp_gain":0,"max_hp_loss":0,"event_name":"Colosseum","floor":29,"gold_loss":0}],"is_beta":false,"boss_relics":[{"not_picked":["Philosopher\u0027s Stone","Empty Cage"],"picked":"Pandora\u0027s Box"}],"items_purged_floors":[14,22],"is_endless":false,"potions_floor_spawned":[4,10,11,13,16,20,24,28,29],"killed_by":"Colosseum Nobs","ascension_level":0}}