{"host":"on8rz1ayhhz269sg","time":1607656511,"event":{"mods":["BaseMod","Hermit","Minty Spire (QoL Compilation)","StSLib","The Cursed"],"gold_per_floor":[111,123,142,103,53,53,80,80,133,144,144,158,175,192,192,296,296,280,66,66,79,79,79,89,89,89,109,109,109,122,18,18,117,117,134,184,201,216,50,50,66,66,90,100,100,118,118,130,130,130],"floor_reached":51,"playtime":4191,"items_purged":[],"score":628,"play_id":"fa0fb568-a302-45d0-93eb-28248e4b8e7c","local_time":"20201211111511","is_ascension_mode":false,"campfire_choices":[{"data":"TheCursedMod:LuckyCharm","floor":6.0,"key":"SMITH"},{"floor":8.0,"key":"REST"},{"floor":15.0,"key":"REST"},{"floor":23.0,"key":"REST"},{"floor":25.0,"key":"REST"},{"floor":29.0,"key":"REST"},{"floor":32.0,"key":"REST"},{"floor":40.0,"key":"REST"},{"floor":42.0,"key":"REST"},{"floor":45,"key":"REST"},{"floor":47,"key":"REST"},{"floor":49,"key":"REST"}],"circlet_count":0,"master_deck":["TheCursedMod:Strike_TheCursed+1","TheCursedMod:Strike_TheCursed+1","TheCursedMod:Strike_TheCursed+1","TheCursedMod:Defend_TheCursed+1","TheCursedMod:Defend_TheCursed+1","TheCursedMod:Defend_TheCursed+1","TheCursedMod:Defend_TheCursed+1","TheCursedMod:CursedWand+1","TheCursedMod:CleanUpWorkshop","TheCursedMod:Dregs","TheCursedMod:CircleOfCorruption","TheCursedMod:Evocation","TheCursedMod:LuckyCharm+1","TheCursedMod:HellsGateOpen","TheCursedMod:Hemoplague","TheCursedMod:CursedMace","TheCursedMod:SmokeScreen","TheCursedMod:Hemoplague","TheCursedMod:SpitefulStrike","TheCursedMod:UltimatePain","TheCursedMod:LuckyCharm","TheCursedMod:HellfireBreathing","Sadistic Nature","TheCursedMod:CircleOfCorruption+1","TheCursedMod:SoulCrush+1","TheCursedMod:BlessingInDisguise+1","TheCursedMod:RapidMovement","TheCursedMod:SurpriseAttack","TheCursedMod:LuckyCharm","TheCursedMod:NeowsMight","TheCursedMod:ReleasedStrength+1","TheCursedMod:Obscuration+1","TheCursedMod:Torture+1","TheCursedMod:CursedBlade+1","TheCursedMod:AbyssShockwave","TheCursedMod:HellsGateOpen","TheCursedMod:CursedShiv","TheCursedMod:SpreadPlague+1","TheCursedMod:VitalStrike+1","TheCursedMod:DoubleShield","TheCursedMod:SaltUponWound+1"],"relics":["TheCursedMod:BlackMagic101","Boot","Omamori","CultistMask","TheCursedMod:OminousMark","MutagenicStrength","Bottled Lightning","TheCursedMod:FourLeafCloverCharm","Peace Pipe","Bag of Preparation"],"acts_visited":["Exordium","TheCity","TheBeyond"],"potions_floor_usage":[48,50,50],"damage_taken":[{"damage":0.0,"enemies":"Jaw Worm","floor":1.0,"turns":3.0},{"damage":0.0,"enemies":"Small Slimes","floor":2.0,"turns":4.0},{"damage":0.0,"enemies":"Cultist","floor":3.0,"turns":4.0},{"damage":29.0,"enemies":"Gremlin Nob","floor":7.0,"turns":5.0},{"damage":19.0,"enemies":"3 Louse","floor":10.0,"turns":3.0},{"damage":0.0,"enemies":"2 Fungi Beasts","floor":12.0,"turns":5.0},{"damage":10.0,"enemies":"Looter","floor":13.0,"turns":3.0},{"damage":3.0,"enemies":"Large Slime","floor":14.0,"turns":5.0},{"damage":16.0,"enemies":"The Guardian","floor":16.0,"turns":10.0},{"damage":31.0,"enemies":"2 Thieves","floor":18.0,"turns":4.0},{"damage":15.0,"enemies":"Shell Parasite","floor":21.0,"turns":5.0},{"damage":34.0,"enemies":"Shelled Parasite and Fungi","floor":24.0,"turns":5.0},{"damage":20.0,"enemies":"Centurion and Healer","floor":27.0,"turns":7.0},{"damage":7.0,"enemies":"Sentry and Sphere","floor":30.0,"turns":5.0},{"damage":34.0,"enemies":"Champ","floor":33.0,"turns":12.0},{"damage":19.0,"enemies":"Orb Walker","floor":35.0,"turns":4.0},{"damage":5.0,"enemies":"Mind Bloom Boss Battle","floor":36.0,"turns":6.0},{"damage":18.0,"enemies":"3 Shapes","floor":37.0,"turns":4.0},{"damage":33.0,"enemies":"Jaw Worm Horde","floor":38.0,"turns":5.0},{"damage":39.0,"enemies":"3 Darklings","floor":41.0,"turns":5.0},{"damage":9,"enemies":"Spire Growth","floor":44,"turns":5},{"damage":10,"enemies":"4 Shapes","floor":46,"turns":3},{"damage":9,"enemies":"Sphere and 2 Shapes","floor":48,"turns":6},{"damage":47,"enemies":"Donu and Deca","floor":50,"turns":8}],"seed_played":"-5995632807994065652","potions_obtained":[{"floor":2.0,"key":"ColorlessPotion"},{"floor":3.0,"key":"FairyPotion"},{"floor":13.0,"key":"Strength Potion"},{"floor":30.0,"key":"SneckoOil"},{"floor":38.0,"key":"LiquidBronze"},{"floor":41.0,"key":"SkillPotion"},{"floor":46,"key":"AttackPotion"},{"floor":48,"key":"Strength Potion"}],"is_trial":false,"path_per_floor":["M","M","M","$","?","R","E","R","T","M","?","M","M","M","R","B",null,"M","$","?","M","?","R","M","R","T","M","?","R","M","$","R","B",null,"M","?","M","M","$","R","M","R","T","M","R","M","R","M","R","B",null],"character_chosen":"THE_CURSED","items_purchased":["TheCursedMod:HellsGateOpen","TheCursedMod:HellfireBreathing","Sadistic Nature","TheCursedMod:SurpriseAttack","TheCursedMod:LuckyCharm","TheCursedMod:AbyssShockwave","TheCursedMod:HellsGateOpen","TheCursedMod:CursedShiv"],"campfire_rested":11,"item_purchase_floors":[4,19,19,31,31,39,39,39],"current_hp_per_floor":[75,75,75,75,75,75,46,68,68,49,49,49,39,36,58,42,75,44,44,44,29,29,51,17,39,39,19,19,41,34,34,56,22,75,56,51,33,22,22,44,5,27,27,18,40,30,52,43,65,18],"gold":130,"neow_bonus":"UPGRADE_CARD","is_daily":false,"chose_seed":false,"campfire_upgraded":1,"win_rate":0.0,"timestamp":1607656511,"path_taken":["M","M","M","$","?","R","E","R","T","M","?","M","?","M","R","BOSS","M","$","?","M","?","R","M","R","T","M","?","R","M","$","R","BOSS","M","?","M","M","$","R","M","R","T","M","R","M","R","M","R","BOSS"],"items_purchased_type":["Card","Card","Card","Card","Card","Card","Card","Card"],"build_version":"2020-11-30","purchased_purges":0,"victory":true,"max_hp_per_floor":[75,75,75,75,75,75,75,75,75,75,75,75,75,75,75,75,75,75,75,75,75,75,75,75,75,75,75,75,75,75,75,75,75,75,75,75,75,75,75,75,75,75,75,75,75,75,75,75,75,75],"card_choices":[{"not_picked":["TheCursedMod:CursedBlade","TheCursedMod:RapidMovement"],"picked":"TheCursedMod:CircleOfCorruption","floor":1.0},{"not_picked":["TheCursedMod:CursedAmulet","TheCursedMod:Wield"],"picked":"TheCursedMod:Evocation","floor":2.0},{"not_picked":["TheCursedMod:RapidMovement","TheCursedMod:CircleOfFlame"],"picked":"TheCursedMod:LuckyCharm","floor":3.0},{"not_picked":["TheCursedMod:CursedAmulet","TheCursedMod:SoulCrush"],"picked":"TheCursedMod:Hemoplague","floor":7.0},{"not_picked":["TheCursedMod:Stigma","TheCursedMod:Stretching"],"picked":"TheCursedMod:CursedMace","floor":10.0},{"not_picked":["TheCursedMod:CircleOfFlame","TheCursedMod:SpreadPlague"],"picked":"TheCursedMod:SmokeScreen","floor":12.0},{"not_picked":["TheCursedMod:SurpriseAttack","TheCursedMod:CursedMace"],"picked":"TheCursedMod:Hemoplague","floor":13.0},{"not_picked":["TheCursedMod:CircleOfFocus","TheCursedMod:SpreadPlague"],"picked":"TheCursedMod:SpitefulStrike","floor":14.0},{"not_picked":["TheCursedMod:AntiAging","TheCursedMod:NeowsMight"],"picked":"TheCursedMod:UltimatePain","floor":16.0},{"not_picked":["TheCursedMod:CircleOfFocus","TheCursedMod:RavingStaff"],"picked":"TheCursedMod:LuckyCharm","floor":18.0},{"not_picked":["TheCursedMod:TacticalStrike","TheCursedMod:SurpriseAttack"],"picked":"TheCursedMod:CircleOfCorruption+1","floor":21.0},{"not_picked":["TheCursedMod:CursedAmulet","TheCursedMod:SurpriseAttack+1"],"picked":"TheCursedMod:SoulCrush+1","floor":24.0},{"not_picked":["TheCursedMod:LuckyCharm","TheCursedMod:CircleOfBlood"],"picked":"TheCursedMod:BlessingInDisguise+1","floor":27.0},{"not_picked":["TheCursedMod:Wield","TheCursedMod:CursedStaff"],"picked":"TheCursedMod:RapidMovement","floor":30.0},{"not_picked":["TheCursedMod:DarkBarrier","TheCursedMod:ShockAndAwe"],"picked":"TheCursedMod:NeowsMight","floor":33.0},{"not_picked":["TheCursedMod:CircleOfCorruption","TheCursedMod:CursedStaff"],"picked":"TheCursedMod:ReleasedStrength+1","floor":35.0},{"not_picked":["TheCursedMod:CircleOfBlood","TheCursedMod:ReleasedKnowledge"],"picked":"TheCursedMod:Obscuration+1","floor":36.0},{"not_picked":["TheCursedMod:FuryStrike+1","TheCursedMod:SoulCrush"],"picked":"TheCursedMod:Torture+1","floor":37.0},{"not_picked":["TheCursedMod:BloodBarrier","TheCursedMod:SurpriseAttack+1"],"picked":"TheCursedMod:CursedBlade+1","floor":38.0},{"not_picked":["TheCursedMod:TacticalStrike+1","TheCursedMod:AshesToAshes+1"],"picked":"TheCursedMod:SpreadPlague+1","floor":41.0},{"not_picked":["TheCursedMod:AbyssShockwave","TheCursedMod:CircleOfWindfury"],"picked":"TheCursedMod:VitalStrike+1","floor":44},{"not_picked":["TheCursedMod:WearCloak","TheCursedMod:PrepareRite"],"picked":"TheCursedMod:DoubleShield","floor":46},{"not_picked":["TheCursedMod:RavingStaff","TheCursedMod:SurpriseAttack+1"],"picked":"TheCursedMod:SaltUponWound+1","floor":48}],"player_experience":115752,"relics_obtained":[{"floor":7.0,"key":"Boot"},{"floor":9.0,"key":"Omamori"},{"floor":26.0,"key":"Bottled Lightning"},{"floor":36.0,"key":"Peace Pipe"},{"floor":43.0,"key":"Bag of Preparation"}],"event_choices":[{"cards_removed":["TheCursedMod:Strike_TheCursed"],"damage_healed":0.0,"max_hp_gain":0.0,"max_hp_loss":0.0,"gold_gain":0.0,"event_name":"The Cleric","player_choice":"Card Removal","floor":5.0,"gold_loss":50.0,"damage_taken":0.0},{"damage_healed":0.0,"max_hp_gain":0.0,"max_hp_loss":0.0,"gold_gain":0.0,"event_name":"FaceTrader","player_choice":"Trade","floor":11.0,"gold_loss":0.0,"damage_taken":0.0,"relics_obtained":["CultistMask"]},{"damage_healed":0.0,"max_hp_gain":0.0,"max_hp_loss":0.0,"gold_gain":0.0,"event_name":"Drug Dealer","player_choice":"Inject Mutagens","floor":20.0,"gold_loss":0.0,"damage_taken":0.0,"relics_obtained":["MutagenicStrength"]},{"damage_healed":0.0,"max_hp_gain":0.0,"max_hp_loss":0.0,"gold_gain":0.0,"event_name":"Forgotten Altar","player_choice":"Smashed Altar","floor":22.0,"gold_loss":0.0,"damage_taken":0.0,"cards_obtained":["Decay"]},{"damage_healed":0.0,"max_hp_gain":0.0,"max_hp_loss":0.0,"gold_gain":0.0,"event_name":"Back to Basics","player_choice":"Simplicity","floor":28.0,"gold_loss":0.0,"damage_taken":0.0,"cards_upgraded":["TheCursedMod:Strike_TheCursed","TheCursedMod:Strike_TheCursed","TheCursedMod:Strike_TheCursed","TheCursedMod:Defend_TheCursed","TheCursedMod:Defend_TheCursed","TheCursedMod:Defend_TheCursed","TheCursedMod:Defend_TheCursed"]},{"damage_healed":0.0,"max_hp_gain":0.0,"max_hp_loss":0.0,"gold_gain":0.0,"event_name":"MindBloom","player_choice":"Fight","floor":36.0,"gold_loss":0.0,"damage_taken":0.0}],"is_beta":false,"boss_relics":[{"not_picked":["Empty Cage","Philosopher\u0027s Stone"],"picked":"TheCursedMod:OminousMark"},{"not_picked":["SlaversCollar","Pandora\u0027s Box"],"picked":"TheCursedMod:FourLeafCloverCharm"}],"items_purged_floors":[],"is_endless":false,"potions_floor_spawned":[2,3,13,30,38,41,46,48],"ascension_level":0}}