{"host":"4np54w3ai1r5lqo1","time":1607727328,"event":{"mods":["BaseMod","Colored Map","Minty Spire (QoL Compilation)"],"gold_per_floor":[109,59,78,104,104,142,142,178,249,274,297,47,61,79,79,205,205,223,223,223,223,241,241,253,110,110,141,153,180,180,192,192,296,296,314,314,414,40,57,57,68,93,118,118,150,160,175,195,195,195],"floor_reached":51,"playtime":1749,"items_purged":[],"score":1101,"play_id":"d8a919d4-2399-489c-a035-f6f58fc4e652","local_time":"20201211205528","is_ascension_mode":true,"campfire_choices":[{"data":"Fission","floor":7,"key":"SMITH"},{"data":"White Noise","floor":15,"key":"SMITH"},{"data":"Storm","floor":23,"key":"SMITH"},{"data":"Fission","floor":30,"key":"SMITH"},{"floor":32,"key":"REST"},{"data":"Biased Cognition","floor":40,"key":"SMITH"},{"data":"Buffer","floor":44,"key":"SMITH"},{"data":"Hologram","floor":49,"key":"SMITH"}],"circlet_count":0,"master_deck":["Strike_B","Strike_B","Strike_B","Strike_B","Defend_B","Defend_B","Defend_B","Zap","Dualcast","White Noise+1","Beam Cell","Fission+1","Beam Cell","Conserve Battery","Capacitor","Storm+1","Defragment","Buffer+1","Go for the Eyes","Defragment","Biased Cognition","Tempest+1","Hologram+1","BootSequence","Core Surge","Self Repair","Cold Snap+1","Stack+1","Fission+1","BootSequence+1","Biased Cognition+1","Conserve Battery+1","Enlightenment","Capacitor","Reinforced Body","Parasite","BootSequence","Double Energy","Buffer","Heatsinks+1","Hologram+1"],"relics":["Cracked Core","NeowsBlessing","MealTicket","Bloody Idol","The Courier","Pear","Question Card","Philosopher\u0027s Stone","Enchiridion","Ice Cream","Torii","Bag of Preparation","Runic Pyramid","Mummified Hand","Chemical X","Strawberry","Eternal Feather"],"acts_visited":["Exordium","TheCity","TheBeyond"],"potions_floor_usage":[8,8,8,24,29,29,33,50],"damage_taken":[{"damage":0,"enemies":"2 Louse","floor":1,"turns":1},{"damage":0,"enemies":"Jaw Worm","floor":3,"turns":1},{"damage":0,"enemies":"Lagavulin","floor":6,"turns":1},{"damage":12,"enemies":"3 Sentries","floor":8,"turns":7},{"damage":0,"enemies":"Cultist","floor":10,"turns":2},{"damage":0,"enemies":"Looter","floor":11,"turns":2},{"damage":11,"enemies":"2 Fungi Beasts","floor":13,"turns":4},{"damage":10,"enemies":"Exordium Thugs","floor":14,"turns":4},{"damage":0,"enemies":"Slime Boss","floor":16,"turns":7},{"damage":0,"enemies":"Spheric Guardian","floor":18,"turns":3},{"damage":7,"enemies":"Chosen","floor":22,"turns":3},{"damage":38,"enemies":"Snake Plant","floor":24,"turns":4},{"damage":4,"enemies":"Gremlin Leader","floor":27,"turns":3},{"damage":1,"enemies":"Chosen and Byrds","floor":28,"turns":3},{"damage":56,"enemies":"Slavers","floor":29,"turns":3},{"damage":20,"enemies":"3 Cultists","floor":31,"turns":4},{"damage":42,"enemies":"Automaton","floor":33,"turns":9},{"damage":0,"enemies":"Orb Walker","floor":35,"turns":3},{"damage":0,"enemies":"3 Shapes","floor":39,"turns":2},{"damage":0,"enemies":"Writhing Mass","floor":41,"turns":4},{"damage":0,"enemies":"Reptomancer","floor":42,"turns":3},{"damage":0,"enemies":"Giant Head","floor":45,"turns":6},{"damage":0,"enemies":"Jaw Worm Horde","floor":46,"turns":1},{"damage":0,"enemies":"Transient","floor":47,"turns":5},{"damage":0,"enemies":"Writhing Mass","floor":48,"turns":4},{"damage":16,"enemies":"Donu and Deca","floor":50,"turns":6}],"seed_played":"7767309024847717383","potions_obtained":[{"floor":1,"key":"EssenceOfSteel"},{"floor":3,"key":"EssenceOfSteel"},{"floor":6,"key":"Energy Potion"},{"floor":10,"key":"Regen Potion"},{"floor":16,"key":"Dexterity Potion"},{"floor":18,"key":"Regen Potion"},{"floor":24,"key":"PotionOfCapacity"},{"floor":41,"key":"FearPotion"},{"floor":42,"key":"Weak Potion"},{"floor":47,"key":"SpeedPotion"}],"is_trial":false,"path_per_floor":["M","?","M","T","?","E","R","E","T","M","M","$","M","M","R","B",null,"M","?","?","?","M","R","M","$","T","E","M","E","R","M","R","B",null,"M","?","?","$","M","R","M","E","T","R","E","M","M","M","R","B",null],"character_chosen":"DEFECT","items_purchased":["Storm","Defragment","Buffer","Core Surge","Self Repair","Mummified Hand","Chemical X","Capacitor"],"campfire_rested":1,"item_purchase_floors":[12,12,12,25,25,38,38,38],"current_hp_per_floor":[75,75,75,75,57,57,57,55,55,55,55,70,59,49,49,49,85,85,69,69,69,67,67,34,49,49,57,68,34,34,19,44,14,85,85,85,85,85,85,85,85,92,92,92,92,92,92,92,92,83],"gold":195,"neow_bonus":"THREE_ENEMY_KILL","is_daily":false,"chose_seed":false,"campfire_upgraded":7,"win_rate":0.0,"timestamp":1607727328,"path_taken":["M","?","M","?","?","E","R","E","T","M","M","$","M","M","R","BOSS","M","?","?","?","M","R","M","?","T","E","M","E","R","M","R","BOSS","M","?","?","$","M","R","M","E","T","R","E","M","M","M","R","BOSS"],"items_purchased_type":["Card","Card","Card","Card","Card","Relic","Relic","Card"],"build_version":"2020-11-30","purchased_purges":0,"victory":true,"max_hp_per_floor":[75,75,75,75,75,75,75,85,85,85,85,85,85,85,85,85,85,85,85,85,85,85,85,85,85,85,85,85,85,85,85,85,85,85,85,85,85,85,85,85,85,92,92,92,92,92,92,92,92,92],"card_choices":[{"not_picked":["Capacitor","Redo"],"picked":"White Noise","floor":1},{"not_picked":["Steam","Rebound"],"picked":"Beam Cell","floor":3},{"not_picked":["Barrage","BootSequence"],"picked":"Fission","floor":6},{"not_picked":["Leap","Consume"],"picked":"Beam Cell","floor":8},{"not_picked":["Loop","Coolheaded","Rebound"],"picked":"Conserve Battery","floor":10},{"not_picked":["Stack","Steam","Turbo"],"picked":"Capacitor","floor":11},{"not_picked":["Compile Driver","Barrage","Conserve Battery"],"picked":"Go for the Eyes","floor":13},{"not_picked":["Self Repair","Ball Lightning","Sweeping Beam"],"picked":"Defragment","floor":14},{"not_picked":["Multi-Cast","Creative AI","Hyperbeam"],"picked":"Biased Cognition","floor":16},{"not_picked":["Go for the Eyes","Genetic Algorithm","Cold Snap"],"picked":"Tempest+1","floor":18},{"not_picked":["Storm","Compile Driver","Sweeping Beam+1"],"picked":"Hologram","floor":22},{"not_picked":["Doom and Gloom","Ball Lightning","Steam"],"picked":"BootSequence","floor":24},{"not_picked":["Melter+1","Redo","Hologram"],"picked":"Cold Snap+1","floor":27},{"not_picked":["Hologram","Redo","Defragment"],"picked":"Stack+1","floor":28},{"not_picked":["Compile Driver","Hologram+1","Core Surge"],"picked":"Fission","floor":29},{"not_picked":["Turbo","Tempest","Darkness"],"picked":"BootSequence+1","floor":31},{"not_picked":["All For One","Seek","Hyperbeam"],"picked":"Biased Cognition","floor":33},{"not_picked":["Streamline","Hello World","Gash"],"picked":"Conserve Battery+1","floor":35},{"not_picked":["Forethought","Panache","PanicButton"],"picked":"Enlightenment","floor":36},{"not_picked":["Streamline","Hologram","Redo"],"picked":"Reinforced Body","floor":39},{"not_picked":["Sweeping Beam","Coolheaded","Hologram"],"picked":"BootSequence","floor":41},{"not_picked":["Go for the Eyes","Fusion+1","Rip and Tear+1","Self Repair"],"picked":"SKIP","floor":42},{"not_picked":["Compile Driver+1","Streamline","Genetic Algorithm"],"picked":"Double Energy","floor":45},{"not_picked":["Stack","Darkness","Doom and Gloom+1"],"picked":"Buffer","floor":46},{"not_picked":["Melter+1","Compile Driver","Redo"],"picked":"Heatsinks+1","floor":47},{"not_picked":["Recycle","Barrage","Blizzard+1"],"picked":"Hologram+1","floor":48}],"player_experience":441703,"relics_obtained":[{"floor":4,"key":"MealTicket"},{"floor":6,"key":"The Courier"},{"floor":8,"key":"Pear"},{"floor":9,"key":"Question Card"},{"floor":19,"key":"Enchiridion"},{"floor":26,"key":"Ice Cream"},{"floor":27,"key":"Torii"},{"floor":29,"key":"Bag of Preparation"},{"floor":42,"key":"Strawberry"},{"floor":45,"key":"Eternal Feather"}],"event_choices":[{"cards_removed":["Defend_B"],"damage_healed":0,"gold_gain":0,"player_choice":"Card Removal","damage_taken":0,"max_hp_gain":0,"max_hp_loss":0,"event_name":"The Cleric","floor":2,"gold_loss":50},{"damage_healed":0,"gold_gain":0,"player_choice":"Take Damage","damage_taken":18,"relics_obtained":["Golden Idol"],"max_hp_gain":0,"max_hp_loss":0,"event_name":"Golden Idol","floor":5,"gold_loss":0},{"damage_healed":0,"gold_gain":0,"player_choice":"Obtained Book","damage_taken":16,"max_hp_gain":0,"max_hp_loss":0,"event_name":"Cursed Tome","floor":19,"gold_loss":0},{"damage_healed":0,"gold_gain":0,"player_choice":"Gave Idol","damage_taken":0,"relics_obtained":["Bloody Idol"],"max_hp_gain":0,"max_hp_loss":0,"event_name":"Forgotten Altar","floor":20,"relics_lost":["Golden Idol"],"gold_loss":0},{"damage_healed":0,"gold_gain":0,"player_choice":"Ignored","damage_taken":0,"max_hp_gain":0,"max_hp_loss":0,"event_name":"The Mausoleum","floor":21,"gold_loss":0},{"damage_healed":0,"gold_gain":0,"player_choice":"Memory 1","damage_taken":0,"max_hp_gain":0,"max_hp_loss":0,"event_name":"SensoryStone","floor":36,"gold_loss":0},{"damage_healed":0,"gold_gain":100,"player_choice":"Pray","damage_taken":0,"max_hp_gain":0,"max_hp_loss":0,"event_name":"Golden Shrine","floor":37,"gold_loss":0}],"is_beta":false,"boss_relics":[{"not_picked":["FrozenCore","SacredBark"],"picked":"Philosopher\u0027s Stone"},{"not_picked":["Nuclear Battery","Velvet Choker"],"picked":"Runic Pyramid"}],"items_purged_floors":[],"is_endless":false,"potions_floor_spawned":[1,3,6,10,16,18,24,28,41,42,47],"ascension_level":4}}