{"host":"hfxp6ue4pvwo3fit","time":1607683164,"event":{"mods":["AchievementEnabler","BaseMod","Colored Map","Colored Powertips","Highlight Path","Minty Spire (QoL Compilation)","StSLib","SuperFastMode"],"gold_per_floor":[114,114,131,148,167,167,202,202,202,212,247,273,132,152,152,259,259,284,329,374,270,270,270,308,308,332,122,140,140,140,159,159,271,321,335,355,372,391,402,434,434,471,471,471,471,502,502,502,502,502],"floor_reached":51,"playtime":2267,"items_purged":[],"score":1242,"play_id":"fb6e1c36-13b7-48ca-a3f0-67847e22baa3","local_time":"20201211043924","is_ascension_mode":true,"campfire_choices":[{"data":"Consecrate","floor":6,"key":"SMITH"},{"data":"Eruption","floor":8,"key":"SMITH"},{"data":"ReachHeaven","floor":15,"key":"SMITH"},{"data":"Ghostly","floor":23,"key":"SMITH"},{"data":"Ghostly","floor":25,"key":"SMITH"},{"floor":30,"key":"DIG"},{"floor":32,"key":"DIG"},{"floor":41,"key":"DIG"},{"floor":44,"key":"DIG"},{"floor":47,"key":"DIG"},{"floor":49,"key":"DIG"}],"circlet_count":0,"master_deck":["Defend_P+1","Defend_P+1","Defend_P+1","Defend_P+1","Eruption+1","Vigilance+1","Prostrate+1","SandsOfTime+1","Consecrate+1","EmptyBody+1","CrushJoints+1","CutThroughFate+1","CutThroughFate+1","ReachHeaven+1","Blasphemy+1","FlurryOfBlows+1","Ghostly+1","Ghostly+1","Ghostly+1","Ghostly+1","Ghostly+1","Bite+1","Bite+1","Bite+1","Bite+1","Bite+1","JustLucky+1","JustLucky+1","Conclude+1","CutThroughFate+1","Consecrate+1","Omniscience+1","FollowUp+1","Prostrate+1","CutThroughFate+1"],"relics":["SlaversCollar","Yang","The Courier","CeramicFish","Whetstone","Runic Pyramid","Shovel","Tiny Chest","Kunai","Du-Vu Doll","Toy Ornithopter","Tiny House","Pen Nib","Oddly Smooth Stone","InkBottle","Pantograph","Blood Vial","Mark of the Bloom","Potion Belt","StrikeDummy","Bottled Lightning"],"acts_visited":["Exordium","TheCity","TheBeyond"],"potions_floor_usage":[11,11,16,50,50,50],"damage_taken":[{"damage":0,"enemies":"Jaw Worm","floor":1,"turns":3},{"damage":0,"enemies":"Cultist","floor":3,"turns":3},{"damage":4,"enemies":"Small Slimes","floor":4,"turns":4},{"damage":1,"enemies":"Blue Slaver","floor":5,"turns":4},{"damage":8,"enemies":"Lagavulin","floor":7,"turns":6},{"damage":0,"enemies":"2 Fungi Beasts","floor":10,"turns":3},{"damage":8,"enemies":"Gremlin Nob","floor":11,"turns":3},{"damage":0,"enemies":"3 Louse","floor":12,"turns":3},{"damage":5,"enemies":"Blue Slaver","floor":14,"turns":2},{"damage":12,"enemies":"Hexaghost","floor":16,"turns":7},{"damage":8,"enemies":"3 Byrds","floor":18,"turns":4},{"damage":18,"enemies":"Slavers","floor":24,"turns":5},{"damage":0,"enemies":"Chosen","floor":28,"turns":3},{"damage":2,"enemies":"3 Cultists","floor":31,"turns":6},{"damage":15,"enemies":"Champ","floor":33,"turns":8},{"damage":2,"enemies":"3 Darklings","floor":35,"turns":2},{"damage":0,"enemies":"Orb Walker","floor":36,"turns":3},{"damage":1,"enemies":"Sphere and 2 Shapes","floor":37,"turns":5},{"damage":1,"enemies":"Jaw Worm Horde","floor":38,"turns":5},{"damage":3,"enemies":"Writhing Mass","floor":39,"turns":6},{"damage":16,"enemies":"Nemesis","floor":40,"turns":5},{"damage":0,"enemies":"Reptomancer","floor":42,"turns":5},{"damage":0,"enemies":"Nemesis","floor":46,"turns":5},{"damage":0,"enemies":"Donu and Deca","floor":50,"turns":6}],"seed_played":"-3744226740246825249","potions_obtained":[{"floor":3,"key":"Swift Potion"},{"floor":4,"key":"GamblersBrew"},{"floor":7,"key":"ColorlessPotion"},{"floor":10,"key":"FearPotion"},{"floor":11,"key":"Fire Potion"},{"floor":14,"key":"BlessingOfTheForge"},{"floor":24,"key":"Block Potion"},{"floor":34,"key":"EntropicBrew"}],"is_trial":false,"path_per_floor":["M","?","M","M","M","R","E","R","T","M","E","M","$","M","R","B",null,"M","?","?","$","?","R","E","R","T","$","M","$","R","M","R","B",null,"M","M","M","M","M","E","R","E","T","R","?","E","R","?","R","B",null],"character_chosen":"WATCHER","items_purchased":["ReachHeaven","Whetstone","JustLucky","JustLucky","Conclude","Kunai"],"campfire_rested":0,"item_purchase_floors":[13,13,21,21,21,27],"current_hp_per_floor":[65,72,72,68,67,67,59,59,59,59,51,51,51,46,46,34,63,55,36,25,25,25,25,11,11,11,11,17,17,17,25,25,14,27,29,30,30,29,30,14,14,24,24,24,24,24,24,24,24,24],"gold":502,"neow_bonus":"BOSS_RELIC","is_daily":false,"chose_seed":false,"campfire_upgraded":5,"win_rate":0.0,"timestamp":1607683164,"path_taken":["M","?","M","M","M","R","E","R","T","M","E","M","$","M","R","BOSS","M","?","?","$","?","R","E","R","T","?","M","$","R","M","R","BOSS","M","M","M","M","M","E","R","E","T","R","?","E","R","?","R","BOSS"],"items_purchased_type":["Card","Relic","Card","Card","Card","Relic"],"build_version":"2020-11-30","purchased_purges":0,"victory":true,"max_hp_per_floor":[72,72,72,72,72,72,72,72,72,72,72,72,72,72,72,72,72,72,36,25,25,25,25,25,25,25,25,25,25,25,25,25,25,30,30,30,30,30,30,30,30,30,30,30,30,30,30,28,28,28],"card_choices":[{"not_picked":["EmptyBody","Indignation"],"picked":"Prostrate","floor":1},{"not_picked":["Swivel","Indignation"],"picked":"SandsOfTime","floor":3},{"not_picked":["Meditate","ForeignInfluence","BowlingBash"],"picked":"SKIP","floor":4},{"not_picked":["Vengeance","Weave"],"picked":"Consecrate","floor":5},{"not_picked":["Halt","Wish"],"picked":"EmptyBody","floor":7},{"not_picked":["Study","EmptyBody"],"picked":"CrushJoints","floor":10},{"not_picked":["Halt","PathToVictory"],"picked":"CutThroughFate","floor":11},{"not_picked":["Protect","EmptyBody"],"picked":"CutThroughFate","floor":12},{"not_picked":["DeceiveReality","Establishment","ForeignInfluence"],"picked":"SKIP","floor":14},{"not_picked":["DeusExMachina","ConjureBlade"],"picked":"Blasphemy","floor":16},{"not_picked":["ThirdEye+1","Indignation"],"picked":"FlurryOfBlows+1","floor":18},{"not_picked":["WaveOfTheHand+1","FlyingSleeves"],"picked":"CutThroughFate+1","floor":24},{"not_picked":["Crescendo","FlyingSleeves+1","Evaluate"],"picked":"SKIP","floor":28},{"not_picked":["FlyingSleeves","Evaluate"],"picked":"Consecrate+1","floor":31},{"not_picked":["Judgement","Blasphemy"],"picked":"Omniscience","floor":33},{"not_picked":["Adaptation+1","FlurryOfBlows","Conclude+1"],"picked":"SKIP","floor":35},{"not_picked":["CrushJoints","JustLucky"],"picked":"FollowUp","floor":36},{"not_picked":["Protect+1","Consecrate+1","Evaluate"],"picked":"SKIP","floor":37},{"not_picked":["EmptyBody","MentalFortress+1"],"picked":"Prostrate+1","floor":38},{"not_picked":["Consecrate","SandsOfTime","InnerPeace+1"],"picked":"SKIP","floor":39},{"not_picked":["DevaForm","WaveOfTheHand+1","Crescendo+1"],"picked":"SKIP","floor":40},{"not_picked":["FearNoEvil","Pray"],"picked":"CutThroughFate","floor":42},{"not_picked":["EmptyFist","BowlingBash+1","FlurryOfBlows+1"],"picked":"SKIP","floor":46}],"player_experience":356364,"relics_obtained":[{"floor":7,"key":"Yang"},{"floor":9,"key":"The Courier"},{"floor":11,"key":"CeramicFish"},{"floor":24,"key":"Shovel"},{"floor":26,"key":"Tiny Chest"},{"floor":30,"key":"Du-Vu Doll"},{"floor":32,"key":"Toy Ornithopter"},{"floor":40,"key":"Pen Nib"},{"floor":41,"key":"Oddly Smooth Stone"},{"floor":42,"key":"InkBottle"},{"floor":43,"key":"Pantograph"},{"floor":44,"key":"Blood Vial"},{"floor":46,"key":"Potion Belt"},{"floor":47,"key":"StrikeDummy"},{"floor":49,"key":"Bottled Lightning"}],"event_choices":[{"damage_healed":7,"gold_gain":0,"player_choice":"Full Heal","damage_taken":0,"max_hp_gain":0,"max_hp_loss":0,"event_name":"Wheel of Change","floor":2,"gold_loss":0},{"damage_healed":0,"gold_gain":0,"player_choice":"Became a Ghost","damage_taken":0,"max_hp_gain":0,"max_hp_loss":36,"event_name":"Ghosts","floor":19,"gold_loss":0,"cards_obtained":["Ghostly","Ghostly","Ghostly","Ghostly","Ghostly"]},{"damage_healed":0,"gold_gain":0,"player_choice":"Became a vampire","damage_taken":0,"max_hp_gain":0,"max_hp_loss":11,"event_name":"Vampires","floor":20,"gold_loss":0,"cards_obtained":["Bite","Bite","Bite","Bite","Bite"]},{"damage_healed":0,"gold_gain":0,"player_choice":"Simplicity","damage_taken":0,"max_hp_gain":0,"max_hp_loss":0,"event_name":"Back to Basics","floor":22,"gold_loss":0,"cards_upgraded":["Defend_P","Defend_P","Defend_P","Defend_P"]},{"damage_healed":0,"gold_gain":0,"player_choice":"Upgrade","damage_taken":0,"relics_obtained":["Mark of the Bloom"],"max_hp_gain":0,"max_hp_loss":0,"event_name":"MindBloom","floor":45,"gold_loss":0,"cards_upgraded":["Vigilance","Prostrate","EmptyBody","CrushJoints","CutThroughFate","Blasphemy","Ghostly","Ghostly","Ghostly","Bite","Bite","Bite","Bite","Bite","JustLucky","JustLucky","Conclude","Omniscience","FollowUp","CutThroughFate"]},{"damage_healed":0,"gold_gain":0,"player_choice":"Max HP","damage_taken":0,"max_hp_gain":0,"max_hp_loss":2,"event_name":"Winding Halls","floor":48,"gold_loss":0}],"is_beta":false,"boss_relics":[{"not_picked":["Black Star","Astrolabe"],"picked":"Runic Pyramid"},{"not_picked":["Runic Dome","Velvet Choker"],"picked":"Tiny House"}],"items_purged_floors":[],"is_endless":false,"potions_floor_spawned":[3,4,7,10,11,14,24,33,35,37,38,40],"ascension_level":6}}