{"host":"kux12pw67lc1ca9q","time":1607698535,"event":{"mods":["2.2 Compatiblity","Act Like it!","Ascension Unlocker","Aspiration","BaseMod","Better Altar","Better Match","Better Sensory Stone","Better Skull","Better Third Choice","BetterRewards","Block Reminder","CCEM","Displayed Cursed Tome","Elementarium","Energized Spire","Gensokyo","GifTheSpireLib","Hallownest","Hermit","Infinite Spire","JesterMod","Jorbs\u0027s Wanderer Trilogy","Marisa????????","Marked Mod","Menagerie","Minty Spire (QoL Compilation)","Pale of the Ancients","Permanent Neow","Potionbrewer","Quick Restart","Reimu??????","Replay The Spire","SCP261 Mod","Shade Mod","Shop Mod","Spicy Shops","Spikes Relics","StSLib","Stuff the Spire","The Bug Knight","The Cursed","The Death Knight","The Factory","The Hayseed","The Hierophant","The Judge","The Juggle","The Jungle","The Mystic","The Necromancer","The Runesmith","The Witch","Virulent Crown","thorton","vexMod"],"gold_per_floor":[117,47,47,10,22,50,61,61,87,114,114,131,131,163,163,240,240,250,268,286,71,85,118,118,144,144,173,186,186,186,186,186,264,264,278,278,114,114,126,158,158,170,196,213,41,54,82,1,1,1,1,1,1,1,30,10],"floor_reached":57,"playtime":2819,"items_purged":[],"score":2596,"play_id":"8a1abb55-fbb4-45a4-94fc-d86199a9ee66","local_time":"20201211145535","is_ascension_mode":true,"campfire_choices":[{"floor":11,"key":"REST"},{"data":"infinitespire:SevenWalls","floor":13,"key":"SMITH"},{"data":"infinitespire:Pacifist","floor":15,"key":"PURGE"},{"data":"WordoMod:SacRite","floor":24,"key":"SMITH"},{"floor":29,"key":"RECALL"},{"data":"WordoMod:DarkForm","floor":32,"key":"SMITH"},{"data":"StuffTheSpire:Harmony","floor":49,"key":"SMITH"},{"data":"WordoMod:BoundlessGreed","floor":53,"key":"SMITH"}],"circlet_count":0,"master_deck":["AscendersBane","WordoMod:StrikeCard","WordoMod:StrikeCard","WordoMod:StrikeCard","WordoMod:StrikeCard","WordoMod:DefendCard","WordoMod:DefendCard","WordoMod:DefendCard","WordoMod:Accursed","WordoMod:IllWill","Master of Strategy+1","WordoMod:Malice","Spreading Infection","infinitespire:SevenWalls+1","WordoMod:MementoMori","WordoMod:MementoMori","WordoMod:Exorcism","CommonCold","WordoMod:Retaliate","WordoMod:Cataclysm","Injury","WordoMod:DarkForm+1","AbeCurse","StuffTheSpire:CelestialWarden","Clumsy","StuffTheSpire:Rapture","WordoMod:LanternFlame+1","WordoMod:BreakChains","WordoMod:Parry+1","WordoMod:BoundlessGreed+1","StuffTheSpire:CelestialWarden","WordoMod:BadMemories+1","WordoMod:SacRite+1","WordoMod:GivesYouHell+1","StuffTheSpire:Harmony+1","WordoMod:Repent","StuffTheSpire:CuriosityCurse","StuffTheSpire:BrainWave","Amnesia","StuffTheSpire:Vigor","WordoMod:WipingAllOut","Writhe","StuffTheSpire:Innocence","WordoMod:SecondChance+1","Spreading Infection","StuffTheSpire:Rapture","WordoMod:BoundlessGreed+1","Poor:ReiMu","StuffTheSpire:CelestialWarden"],"relics":["WordoMod:Obsidian","WordoMod:Effigy","infinitespire:Eraser","HollowMod:PaleOreRelic","Nunchaku","vexMod:Dragonfruit","aspiration:SeaSaltIceCream","StuffTheSpire:Saxophone","Abe\u0027s Treasure","vexMod:Cooldron","Letter Opener","Tea:ReiMu","StrikeDummy","PureWhite:ReiMu","Bag of Preparation","Sandwich","Lizard Tail","MealTicket","Membership Card","Bronze Scales","PreservedInsect","StuffTheSpire:HeavyRock"],"acts_visited":["Gensokyo:Gensokyo","Gensokyo:Gensokyo","TheBeyond","TheEnding"],"potions_floor_usage":[6,16,18,22,22,27,27,28,28,35,40,50,51,51,56,56,56,56],"damage_taken":[{"damage":2,"enemies":"Gensokyo:2_Kodama","floor":1,"turns":3},{"damage":3,"enemies":"Gensokyo:Gryphon","floor":5,"turns":3},{"damage":7,"enemies":"Gensokyo:Cirno","floor":6,"turns":5},{"damage":1,"enemies":"Gensokyo:3_Fairies","floor":7,"turns":4},{"damage":15,"enemies":"Gensokyo:Aya","floor":10,"turns":6},{"damage":0,"enemies":"Gensokyo:VengefulSpirit","floor":12,"turns":2},{"damage":0,"enemies":"Gensokyo:Cirno","floor":14,"turns":5},{"damage":7,"enemies":"Gensokyo:Yukari","floor":16,"turns":9},{"damage":9,"enemies":"Shell Parasite","floor":18,"turns":3},{"damage":0,"enemies":"theJungle:GiantWrat","floor":19,"turns":3},{"damage":16,"enemies":"theJungle:Snecko_Cultist_And_Trap","floor":20,"turns":5},{"damage":0,"enemies":"theJungle:Lyon","floor":22,"turns":4},{"damage":0,"enemies":"theJungle:2_Phrogs","floor":23,"turns":4},{"damage":0,"enemies":"theJungle:Cassacara","floor":25,"turns":5},{"damage":0,"enemies":"theJungle:MamaSnecko","floor":27,"turns":4},{"damage":0,"enemies":"theJungle:2_Snecko_Cultists","floor":28,"turns":2},{"damage":16,"enemies":"theJungle:TotemBoss","floor":33,"turns":5},{"damage":0,"enemies":"Orb Walker","floor":35,"turns":2},{"damage":0,"enemies":"3 Darklings","floor":39,"turns":2},{"damage":0,"enemies":"Giant Head","floor":40,"turns":5},{"damage":0,"enemies":"Transient","floor":42,"turns":6},{"damage":0,"enemies":"4 Shapes","floor":44,"turns":2},{"damage":0,"enemies":"Sphere and 2 Shapes","floor":46,"turns":1},{"damage":0,"enemies":"HollowMod:StalkingDevout","floor":47,"turns":2},{"damage":9,"enemies":"Donu and Deca","floor":50,"turns":4},{"damage":66,"enemies":"Replay:Hell Engine","floor":51,"turns":7},{"damage":7,"enemies":"Shield and Spear","floor":55,"turns":3},{"damage":56,"enemies":"The Heart","floor":56,"turns":5}],"seed_played":"1108922709609181908","potions_obtained":[{"floor":1,"key":"Elixir"},{"floor":10,"key":"potionbrewer:BarricadePotion"},{"floor":12,"key":"Energy Potion"},{"floor":19,"key":"potionbrewer:NoxiousPotion"},{"floor":20,"key":"Block Potion"},{"floor":25,"key":"EntropicBrew"},{"floor":27,"key":"EntropicBrew"},{"floor":33,"key":"EntropicBrew"},{"floor":35,"key":"EntropicBrew"},{"floor":46,"key":"EntropicBrew"},{"floor":55,"key":"EntropicBrew"}],"is_trial":false,"path_per_floor":["M","?","?","$","M","E","M","T","T","E","R","M","R","E","R","B",null,"M","M","M","$","M","E","R","E","T","E","M","R","?","?","R","B",null,"M","?","$","?","M","E","?","M","T","M","$","M","E","$","R","B","B",null,"R","$","E","B",null],"character_chosen":"JUDGE_CLASS","items_purchased":["WordoMod:MementoMori","WordoMod:Parry+1","WordoMod:BoundlessGreed","vexMod:Cooldron","Lizard Tail","Membership Card","PreservedInsect"],"campfire_rested":1,"item_purchase_floors":[4,21,21,21,37,45,48],"current_hp_per_floor":[48,48,48,48,45,38,37,37,37,27,51,51,51,51,51,44,71,62,62,46,46,46,46,46,46,46,58,62,62,62,62,62,56,74,78,80,80,80,80,80,80,80,80,80,80,80,80,80,80,79,27,67,80,80,77,37],"gold":10,"neow_bonus":"RANDOM_COLORLESS_2","is_daily":false,"chose_seed":false,"campfire_upgraded":5,"win_rate":0.0,"timestamp":1607698535,"path_taken":["M","?","?","?","?","E","M","?","T","E","R","M","R","E","R","BOSS","M","M","M","$","?","E","R","E","T","E","M","R","?","?","R","BOSS","M","?","$","?","M","E","?","M","T","M","$","?","E","?","R","BOSS","BOSS","R","$","E","BOSS"],"items_purchased_type":["Card","Potion","Card","Relic","Relic","Relic","Relic"],"build_version":"2020-11-30","purchased_purges":0,"victory":true,"max_hp_per_floor":[75,75,75,75,75,75,75,75,75,80,80,80,80,80,80,80,80,80,80,80,80,80,80,80,80,80,80,80,80,80,80,80,80,80,80,80,80,80,80,80,80,80,80,80,80,80,80,80,80,80,80,80,80,80,80,80],"card_choices":[{"not_picked":["ReplayTheSpireMod:Necrogeddon","Magnetism"],"picked":"Master of Strategy","floor":0},{"not_picked":["WordoMod:Reading","WordoMod:Combo"],"picked":"WordoMod:Malice","floor":1},{"not_picked":["infinitespire:Fortify","infinitespire:Collect"],"picked":"infinitespire:SevenWalls","floor":3},{"not_picked":["WordoMod:Combo","WordoMod:Sacrilege"],"picked":"WordoMod:Exorcism","floor":5},{"not_picked":["TheSimpletonMod:Nettles","Doubt"],"picked":"CommonCold","floor":6},{"not_picked":["WordoMod:Combo","WordoMod:AfflictedWeapon"],"picked":"WordoMod:Retaliate","floor":6},{"not_picked":["WordoMod:Unchained","WordoMod:Combo"],"picked":"WordoMod:Cataclysm","floor":7},{"not_picked":["WordoMod:Spite","WordoMod:UltimateSacrifice","WordoMod:Retaliate"],"picked":"SKIP","floor":10},{"not_picked":["Hallownest:curseDreamersLament","Pain"],"picked":"Injury","floor":12},{"not_picked":["WordoMod:FalseDiagnosis","WordoMod:ThornedFist","WordoMod:Malice"],"picked":"SKIP","floor":12},{"not_picked":["WordoMod:Exorcism","WordoMod:HoldTheFort","WordoMod:BeneathTheMask"],"picked":"SKIP","floor":14},{"not_picked":["WordoMod:GreatSeal","WordoMod:ConjureTheDamned"],"picked":"WordoMod:DarkForm","floor":16},{"not_picked":["TheSimpletonMod:Frostbite","TheSimpletonMod:Gnats"],"picked":"Clumsy","floor":18},{"not_picked":["WordoMod:BadMemories","WordoMod:Taunt"],"picked":"WordoMod:LanternFlame+1","floor":18},{"not_picked":["WordoMod:ScatterAshes","WordoMod:HoldTheFort","WordoMod:Exorcism"],"picked":"SKIP","floor":19},{"not_picked":["WordoMod:ICurseThee+1","WordoMod:Resurrection"],"picked":"WordoMod:BreakChains","floor":20},{"not_picked":["WordoMod:Accursed","Languid"],"picked":"Elementarium:StickyTar","floor":22},{"not_picked":["WordoMod:MementoMori","WordoMod:InfectiousCulture"],"picked":"WordoMod:BadMemories+1","floor":22},{"not_picked":["WordoMod:Spite","WordoMod:MentalFortitude"],"picked":"WordoMod:SacRite","floor":23},{"not_picked":["WordoMod:HighwayToHell","WordoMod:BreakChains"],"picked":"WordoMod:GivesYouHell+1","floor":25},{"not_picked":["Looming Evil","CloudedMind"],"picked":"Elementarium:StickyTar","floor":27},{"not_picked":["WordoMod:Parry","WordoMod:ProfanedFlame"],"picked":"WordoMod:Repent","floor":27},{"not_picked":["WordoMod:SacRite","WordoMod:FamousTechnique+1","WordoMod:CurseBuckler"],"picked":"SKIP","floor":28},{"not_picked":["Notoriety","Poor:ReiMu"],"picked":"Amnesia","floor":35},{"not_picked":["WordoMod:Cremate","WordoMod:Malice"],"picked":"WordoMod:WipingAllOut","floor":35},{"not_picked":["WordoMod:Unchained","WordoMod:Resurrection+1","WordoMod:BurdenOfSin+1"],"picked":"SKIP","floor":39},{"not_picked":["WordoMod:Unchained","WordoMod:MementoMori+1","WordoMod:PurgeDisease"],"picked":"SKIP","floor":40},{"not_picked":["WordoMod:Miasma","WordoMod:Exorcism","WordoMod:Repent"],"picked":"SKIP","floor":42},{"not_picked":["WordoMod:Miasma","WordoMod:Exorcism","WordoMod:Repent"],"picked":"SKIP","floor":42},{"not_picked":["WordoMod:Repent","WordoMod:SacRite"],"picked":"WordoMod:SecondChance+1","floor":44},{"not_picked":["WordoMod:MentalFortitude+1","WordoMod:AfflictedWeapon","WordoMod:Taunt"],"picked":"SKIP","floor":46},{"not_picked":["Intolerance","TheSimpletonMod:Nettles"],"picked":"Spreading Infection","floor":47},{"not_picked":["WordoMod:Repent","WordoMod:Taunt"],"picked":"WordoMod:BoundlessGreed+1","floor":47},{"not_picked":["WordoMod:FoggyMind","Pain"],"picked":"Poor:ReiMu","floor":55},{"not_picked":["WordoMod:Vulgarity+1","WordoMod:Resurrection","WordoMod:Retaliate"],"picked":"SKIP","floor":55}],"player_experience":1330587,"relics_obtained":[{"floor":6,"key":"infinitespire:Eraser"},{"floor":8,"key":"HollowMod:PaleOreRelic"},{"floor":9,"key":"Nunchaku"},{"floor":10,"key":"vexMod:Dragonfruit"},{"floor":14,"key":"aspiration:SeaSaltIceCream"},{"floor":23,"key":"Letter Opener"},{"floor":25,"key":"Tea:ReiMu"},{"floor":26,"key":"StrikeDummy"},{"floor":27,"key":"PureWhite:ReiMu"},{"floor":40,"key":"MealTicket"},{"floor":47,"key":"Bronze Scales"},{"floor":55,"key":"StuffTheSpire:HeavyRock"}],"event_choices":[{"damage_healed":16,"gold_gain":0,"player_choice":"Writhe","damage_taken":0,"max_hp_gain":0,"max_hp_loss":0,"event_name":"Winding Halls","floor":36,"gold_loss":0,"cards_obtained":["Writhe"]},{"cards_removed":["WordoMod:DefendCard"],"damage_healed":0,"gold_gain":0,"player_choice":"Removed Skill","damage_taken":0,"max_hp_gain":0,"max_hp_loss":0,"event_name":"Falling","floor":41,"gold_loss":0}],"is_beta":false,"boss_relics":[{"not_picked":["vexMod:BigBerry","Empty Cage"],"picked":"Abe\u0027s Treasure"},{"not_picked":["energizedSpire:NeverEndingSparkler","Runesmith:UraniumAnvil"],"picked":"Sandwich"}],"items_purged_floors":[],"is_endless":false,"potions_floor_spawned":[1,10,12,14,19,20,25,27,33,35,39,46,55],"ascension_level":20}}