{"host":"rmsq46plbpwfbxcc","time":1607671951,"event":{"mods":["AchievementEnabler","BaseMod","Colored Map","DeckTracker","Minty Spire (QoL Compilation)","Permanent Neow","SuperFastMode"],"gold_per_floor":[109,128,144,162,162,162,162,162],"floor_reached":7,"playtime":165,"items_purged":[],"score":77,"play_id":"c7845cfe-5647-4490-b086-f89c59aa2397","local_time":"20201211163231","is_ascension_mode":true,"campfire_choices":[{"data":"Neutralize","floor":6,"key":"SMITH"}],"circlet_count":0,"master_deck":["AscendersBane","Strike_G","Strike_G","Strike_G","Strike_G","Strike_G","Defend_G","Defend_G","Defend_G","Defend_G","Defend_G","Survivor","Neutralize+1","Deadly Poison","Tactician","Crippling Poison","Infinite Blades"],"relics":["Ring of the Snake","MealTicket","Incense Burner"],"acts_visited":["Exordium"],"potions_floor_usage":[4],"damage_taken":[{"damage":4,"enemies":"Small Slimes","floor":1,"turns":4},{"damage":0,"enemies":"2 Louse","floor":2,"turns":2},{"damage":3,"enemies":"Jaw Worm","floor":3,"turns":4},{"damage":6,"enemies":"3 Louse","floor":4,"turns":4},{"damage":37,"enemies":"Gremlin Nob","floor":7,"turns":4}],"seed_played":"-1024288276288467224","potions_obtained":[{"floor":1,"key":"DuplicationPotion"}],"is_trial":false,"path_per_floor":["M","M","M","M","?","R","E"],"character_chosen":"THE_SILENT","items_purchased":[],"campfire_rested":0,"item_purchase_floors":[],"current_hp_per_floor":[55,55,52,46,35,35,0,0],"gold":162,"neow_bonus":"RANDOM_COMMON_RELIC","is_daily":false,"chose_seed":false,"campfire_upgraded":1,"win_rate":0.0,"timestamp":1607671951,"path_taken":["M","M","M","M","?","R","E"],"items_purchased_type":[],"build_version":"2020-11-30","purchased_purges":0,"victory":false,"max_hp_per_floor":[66,66,66,66,66,66,66,66],"card_choices":[{"not_picked":["Reflex","Prepared"],"picked":"Deadly Poison","floor":1},{"not_picked":["Acrobatics","Deflect"],"picked":"Tactician","floor":2},{"not_picked":["Acrobatics","All Out Attack"],"picked":"Crippling Poison","floor":3},{"not_picked":["Deadly Poison","Dagger Throw"],"picked":"Infinite Blades","floor":4}],"player_experience":1314929,"relics_obtained":[],"event_choices":[{"damage_healed":0,"gold_gain":0,"player_choice":"Success","damage_taken":11,"relics_obtained":["Incense Burner"],"max_hp_gain":0,"max_hp_loss":0,"event_name":"Scrap Ooze","floor":5,"gold_loss":0}],"is_beta":false,"boss_relics":[],"items_purged_floors":[],"is_endless":false,"potions_floor_spawned":[1],"killed_by":"Gremlin Nob","ascension_level":16}}