{"host":"zftkeu5v9gqs3wr3","time":1607718121,"event":{"mods":["Act Like it!","Bard","BaseMod","CapriCore","Elementarium","Gensokyo","Jorbs\u0027s Wanderer Trilogy","Mad Scientist","Minty Spire (QoL Compilation)","Potionbrewer","Rare Cards Sparkle","Shade Mod","StSLib","The Immortal","The Runesmith","TheSwordswoman"],"gold_per_floor":[110,130,130,150,163,163,182,182,182,182,197,220,19,43,43,43,43],"floor_reached":16,"playtime":911,"items_purged":[],"score":96,"play_id":"1a3a3119-519c-4e2c-9768-9774a6da57fd","local_time":"20201211202201","is_ascension_mode":false,"campfire_choices":[{"floor":6,"key":"REST"},{"data":"blazmod:ApexLegends","floor":8,"key":"SMITH"},{"floor":15,"key":"REST"}],"circlet_count":0,"master_deck":["blazmod:Strike","blazmod:Strike","blazmod:Strike","blazmod:Strike","blazmod:Defend","blazmod:Defend","blazmod:Defend","blazmod:Defend","blazmod:ButterflyEffect","blazmod:Kyokasuigetsu","blazmod:FortifiedVigor","blazmod:Observant","blazmod:KatanaStrike","blazmod:ApexLegends+1","blazmod:Unrestrained","blazmod:FortifiedVigor+1","blazmod:Trasient+1","blazmod:Trasient+1","blazmod:SidewaySolace"],"relics":["blazmod:Venustas","NeowsBlessing","Golden Idol","Molten Egg 2","Lantern"],"acts_visited":["Exordium"],"potions_floor_usage":[11,12,16,16,16,16],"damage_taken":[{"damage":0,"enemies":"Small Slimes","floor":1,"turns":1},{"damage":0,"enemies":"Jaw Worm","floor":2,"turns":1},{"damage":0,"enemies":"2 Louse","floor":4,"turns":1},{"damage":19,"enemies":"Looter","floor":5,"turns":4},{"damage":9,"enemies":"Blue Slaver","floor":7,"turns":4},{"damage":0,"enemies":"Exordium Thugs","floor":11,"turns":2},{"damage":10,"enemies":"Looter","floor":12,"turns":3},{"damage":0,"enemies":"Lots of Slimes","floor":14,"turns":2},{"damage":30,"enemies":"The Guardian","floor":16,"turns":4}],"seed_played":"1205924568149968591","potions_obtained":[{"floor":2,"key":"SkillPotion"},{"floor":5,"key":"EntropicBrew"},{"floor":7,"key":"LiquidMemories"},{"floor":11,"key":"Energy Potion"}],"is_trial":false,"path_per_floor":["M","M","?","M","M","R","M","R","T","?","M","M","$","M","R","B"],"character_chosen":"THE_SWORDSWOMAN","items_purchased":["Lantern","blazmod:Trasient+1"],"campfire_rested":2,"item_purchase_floors":[13,13],"current_hp_per_floor":[40,40,37,37,18,29,20,20,20,25,25,15,15,15,27,0,0],"gold":43,"neow_bonus":"THREE_ENEMY_KILL","is_daily":false,"chose_seed":false,"campfire_upgraded":1,"win_rate":0.0,"timestamp":1607718121,"path_taken":["M","M","?","M","M","R","M","R","T","?","M","M","$","M","R","BOSS"],"items_purchased_type":["Relic","Card"],"build_version":"2020-11-30","purchased_purges":0,"victory":false,"max_hp_per_floor":[40,40,37,37,37,37,37,37,37,42,42,42,42,42,42,42,42],"card_choices":[{"not_picked":["blazmod:Valiance","blazmod:Unrestrained"],"picked":"blazmod:FortifiedVigor","floor":1},{"not_picked":["blazmod:Valiance","blazmod:FleetOfFoot"],"picked":"blazmod:Observant","floor":2},{"not_picked":["blazmod:Trasient","blazmod:PhysicalEndurance"],"picked":"blazmod:KatanaStrike","floor":4},{"not_picked":["blazmod:DrippingWaterHollowsStone","blazmod:PhysicalEndurance"],"picked":"blazmod:ApexLegends","floor":5},{"not_picked":["blazmod:Valiance","blazmod:BoulderFlash"],"picked":"blazmod:Unrestrained","floor":7},{"not_picked":["blazmod:DawnflutterDance+1","blazmod:WildButterfly"],"picked":"blazmod:FortifiedVigor+1","floor":11},{"not_picked":["blazmod:ButterFlutter+1","blazmod:BoulderFlash+1"],"picked":"blazmod:Trasient+1","floor":12},{"not_picked":["blazmod:FocusThroughFalls","blazmod:FlashRock"],"picked":"blazmod:SidewaySolace","floor":14}],"player_experience":41090,"relics_obtained":[{"floor":9,"key":"Molten Egg 2"}],"event_choices":[{"damage_healed":0,"gold_gain":0,"player_choice":"Lose Max HP","damage_taken":0,"relics_obtained":["Golden Idol"],"max_hp_gain":0,"max_hp_loss":3,"event_name":"Golden Idol","floor":3,"gold_loss":0},{"damage_healed":0,"gold_gain":0,"player_choice":"Donut","damage_taken":0,"max_hp_gain":5,"max_hp_loss":0,"event_name":"Big Fish","floor":10,"gold_loss":0}],"is_beta":false,"boss_relics":[],"items_purged_floors":[],"is_endless":false,"potions_floor_spawned":[2,5,7,11],"killed_by":"The Guardian","ascension_level":0}}