{"host":"bxdue9bkfm2khp2x","time":1607666408,"event":{"mods":["Aspiration","BaseMod","Better Vampires","Challenge The Spire","Colored Powertips","Conspire","Decade(王小明)","Dota2Spire","Downfall","Highlight Path","Marisa（F雨　魔理沙）","Minty Spire (QoL Compilation)","MostiFishMod","Remilia（蕾米莉亚）","Replay The Spire","RumiaBox-露米娅的神秘盒子","StSLib","Td1madao Mod","The Alterego","The Cursed","The Servant 0.9.4","Waifu the Spire","WarShipGirlsR/战舰少女R mod","Youmu（魂魄妖梦）","noobMod","vexMod","【功能Mod】混沌之环修复补丁","【遗物卡牌】REMEMod","篝火指南"],"gold_per_floor":[218,218,228,238,163,163,193,193,193,223,223,223,236,236,236,335,335,352,352,370,389,389,389,417,60,60,60,109,119,182,196,196,321,321,333,347,337,378,378,378,390,265,265,323,87,134,134,134,134,164],"floor_reached":51,"playtime":2729,"items_purged":["alterego_mod:BigMeatyClaws","alterego_mod:Strike","alterego_mod:Strike","alterego_mod:Strike"],"score":1174,"play_id":"81f182fc-9fbb-43bd-bdc6-45e3205e470b","local_time":"20201211140008","is_ascension_mode":true,"campfire_choices":[{"data":"alterego_mod:BrynhildrsRune","floor":6,"key":"SMITH"},{"data":"alterego_mod:ChallengeComplete","floor":8,"key":"SMITH"},{"data":"New Defend Magic","floor":12,"key":"SMITH"},{"data":"alterego_mod:BeGentle","floor":15,"key":"SMITH"},{"data":"alterego_mod:Birthday","floor":23,"key":"SMITH"},{"data":"alterego_mod:DeftHands","floor":27,"key":"SMITH"},{"data":"alterego_mod:Defend","floor":32,"key":"SMITH"},{"data":"alterego_mod:ChallengeComplete","floor":40,"key":"SMITH"},{"data":"alterego_mod:Defend","floor":47,"key":"SMITH"},{"data":"alterego_mod:Defend","floor":49,"key":"SMITH"}],"circlet_count":0,"master_deck":["AscendersBane","alterego_mod:Strike","alterego_mod:Defend","alterego_mod:Defend+1","alterego_mod:Defend+1","alterego_mod:Defend+1","alterego_mod:BrynhildrsRune+1","New Defend Magic+1","alterego_mod:ChallengeComplete+1","alterego_mod:DeftHands+1","alterego_mod:BeGentle+1","alterego_mod:Birthday+1","alterego_mod:Valkyrie+1","MostiFishMod:SparklingWater+1","alterego_mod:Palingenesis+1","alterego_mod:Weigh+1","alterego_mod:ClassAdvantage+1","alterego_mod:ChallengeComplete+1"],"relics":["alterego_mod:MasochisticConstitution","REME_ComplimentaryCards","DaveBox","ice","CombinedTypeHook","Question Card","vexMod:HeadHunter","Golden Egg","SentryEyes","vexMod:CardConverter","ImportantClient","RhineFirstAidKit","Dota2Spire:PowerTreads","Dota2Spire:HandOfMidas","ImprovedEquipment","ReplayTheSpireMod:Lightbulb","Thread and Needle","Medical Kit"],"acts_visited":["Exordium","TheCity","TheBeyond"],"potions_floor_usage":[33,41,50],"damage_taken":[{"damage":8,"enemies":"Small Slimes","floor":1,"turns":2},{"damage":1,"enemies":"2 Louse","floor":3,"turns":2},{"damage":0,"enemies":"Jaw Worm","floor":4,"turns":3},{"damage":6,"enemies":"Replay:BlueRogue","floor":7,"turns":5},{"damage":2,"enemies":"Gremlin Nob","floor":10,"turns":5},{"damage":0,"enemies":"Looter","floor":13,"turns":2},{"damage":0,"enemies":"Slime Boss","floor":16,"turns":5},{"damage":7,"enemies":"2 Thieves","floor":18,"turns":2},{"damage":3,"enemies":"3 Byrds","floor":20,"turns":2},{"damage":6,"enemies":"Snake Plant","floor":21,"turns":3},{"damage":32,"enemies":"conspire:SneckoGhost","floor":24,"turns":7},{"damage":3,"enemies":"Snecko","floor":28,"turns":4},{"damage":0,"enemies":"3 Cultists","floor":29,"turns":3},{"damage":38,"enemies":"REME_1_Revenger","floor":30,"turns":6},{"damage":0,"enemies":"Sentry and Sphere","floor":31,"turns":4},{"damage":28,"enemies":"Automaton","floor":33,"turns":12},{"damage":0,"enemies":"Orb Walker","floor":35,"turns":2},{"damage":6,"enemies":"3 Shapes","floor":36,"turns":2},{"damage":21,"enemies":"Spire Growth","floor":38,"turns":4},{"damage":0,"enemies":"3 Darklings","floor":41,"turns":3},{"damage":1,"enemies":"Giant Head","floor":44,"turns":8},{"damage":0,"enemies":"Maw","floor":46,"turns":8},{"damage":35,"enemies":"Time Eater","floor":50,"turns":16}],"seed_played":"5394570655940090755","potions_obtained":[{"floor":4,"key":"Elixir"},{"floor":16,"key":"Dexterity Potion"},{"floor":33,"key":"Energy Potion"},{"floor":44,"key":"Toxic Potion"}],"is_trial":false,"path_per_floor":["M","?","M","M","$","R","E","R","T","E","?","R","M","T","R","B",null,"M","?","M","M","?","R","E","$","T","R","M","M","E","M","R","B",null,"M","M","?","M","?","R","M","R","T","E","$","M","R","$","R","B",null],"character_chosen":"The_Alterego","items_purchased":["Dota2Spire:HandOfMidas","MostiFishMod:SparklingWater","Medical Kit"],"campfire_rested":0,"item_purchase_floors":[25,25,45],"current_hp_per_floor":[56,56,70,72,72,72,73,73,73,74,74,74,74,74,74,76,76,77,77,78,73,73,73,52,54,54,54,62,83,55,72,72,71,85,85,80,82,74,74,74,95,95,95,96,96,96,96,96,96,72],"gold":164,"neow_bonus":"HUNDRED_GOLD","is_daily":false,"chose_seed":false,"campfire_upgraded":10,"win_rate":0.0,"timestamp":1607666408,"path_taken":["M","?","M","M","$","R","E","R","T","E","?","R","M","?","R","BOSS","M","?","M","M","?","R","E","$","T","R","M","M","E","M","R","BOSS","M","M","?","M","?","R","M","R","T","E","$","M","R","?","R","BOSS"],"items_purchased_type":["Relic","Card","Relic"],"build_version":"2020-11-30","purchased_purges":4,"victory":true,"max_hp_per_floor":[71,71,72,72,72,72,73,73,73,74,74,74,74,74,74,76,76,77,77,78,79,79,79,80,82,82,82,83,83,86,86,86,89,89,89,90,92,95,95,95,95,95,95,96,96,96,96,96,96,97],"card_choices":[{"not_picked":["alterego_mod:SakuraLabyrinth","alterego_mod:Undulate"],"picked":"alterego_mod:ChallengeComplete","floor":1},{"not_picked":["alterego_mod:Mirror","alterego_mod:HighServant","alterego_mod:GoddessCore"],"picked":"alterego_mod:DeftHands","floor":3},{"not_picked":["alterego_mod:Jiggle","alterego_mod:PerceptionDisorder","alterego_mod:DestructionOfProperty","alterego_mod:GoddessCore"],"picked":"SKIP","floor":4},{"not_picked":["alterego_mod:PerceptionDisorder","alterego_mod:BustOut","alterego_mod:Stockings"],"picked":"alterego_mod:BeGentle","floor":7},{"not_picked":["alterego_mod:PresenceConcealment","alterego_mod:Complex","alterego_mod:Mirror"],"picked":"alterego_mod:Birthday","floor":10},{"not_picked":["alterego_mod:STier","alterego_mod:TrickOrTreatment","alterego_mod:InsideBaseball","alterego_mod:Lift"],"picked":"SKIP","floor":10},{"not_picked":["alterego_mod:TrashNCrash","alterego_mod:Bunnysuit","alterego_mod:Swimsuit","alterego_mod:BusterCard"],"picked":"SKIP","floor":13},{"not_picked":["alterego_mod:PainIsPleasure","alterego_mod:Tantrum","alterego_mod:AlterEgo"],"picked":"alterego_mod:Valkyrie","floor":16},{"not_picked":["alterego_mod:Stockings","alterego_mod:DeftHands","alterego_mod:Mirror","alterego_mod:HighServant"],"picked":"SKIP","floor":18},{"not_picked":["alterego_mod:Cycle+1","alterego_mod:Maid","alterego_mod:Bunnysuit","alterego_mod:BiFurious"],"picked":"SKIP","floor":20},{"not_picked":["alterego_mod:DiscoLights","alterego_mod:PerceptionDisorder","alterego_mod:BiFurious","alterego_mod:Crossover"],"picked":"SKIP","floor":21},{"not_picked":["alterego_mod:STier","alterego_mod:GIGAMILK","alterego_mod:Venus","alterego_mod:InsideBaseball"],"picked":"SKIP","floor":24},{"not_picked":["alterego_mod:Birthday","alterego_mod:SuperDuperMasochism","alterego_mod:MaintainEyeContact","alterego_mod:Vow"],"picked":"SKIP","floor":24},{"not_picked":["alterego_mod:BiFurious","alterego_mod:Mirror","alterego_mod:Punishment","alterego_mod:DiscoLights"],"picked":"SKIP","floor":28},{"not_picked":["alterego_mod:PerceptionDisorder+1","alterego_mod:Cooking","alterego_mod:AlterEgo","alterego_mod:SakuraPetals+1"],"picked":"SKIP","floor":29},{"not_picked":["alterego_mod:Antipathy","alterego_mod:InsideBaseball","alterego_mod:Lift"],"picked":"alterego_mod:Palingenesis","floor":30},{"not_picked":["alterego_mod:SakuraLabyrinth","alterego_mod:Birthday","alterego_mod:PresenceConcealment","alterego_mod:Support"],"picked":"SKIP","floor":30},{"not_picked":["alterego_mod:Skirt+1","alterego_mod:Collar","alterego_mod:Complex+1","alterego_mod:BustOut"],"picked":"SKIP","floor":31},{"not_picked":["alterego_mod:PainIsPleasure","alterego_mod:Alter","alterego_mod:Venus"],"picked":"alterego_mod:Weigh","floor":33},{"not_picked":["alterego_mod:GoddessCore+1","alterego_mod:Birthday+1","alterego_mod:Jiggle+1","alterego_mod:PerceptionDisorder"],"picked":"SKIP","floor":35},{"not_picked":["alterego_mod:Complex+1","alterego_mod:Maid+1","alterego_mod:GoddessCore+1","alterego_mod:Pet"],"picked":"SKIP","floor":36},{"not_picked":[],"picked":"alterego_mod:ClassAdvantage","floor":37},{"not_picked":["alterego_mod:SakuraPetals+1","alterego_mod:DiscoLights","alterego_mod:Birthday"],"picked":"alterego_mod:ChallengeComplete","floor":38},{"not_picked":["alterego_mod:Bloomers","alterego_mod:Bounce","alterego_mod:RidiculouslyBig+1","alterego_mod:Valentines"],"picked":"SKIP","floor":41},{"not_picked":["alterego_mod:GIGAMILK","alterego_mod:SideboobHour","alterego_mod:IdEs","alterego_mod:VirginLaserPalladion"],"picked":"SKIP","floor":44},{"not_picked":["alterego_mod:HighServant","alterego_mod:Bloomers+1","alterego_mod:BusterCard+1","alterego_mod:TrashNCrash"],"picked":"SKIP","floor":44},{"not_picked":["alterego_mod:BiFurious","alterego_mod:HighServant+1","alterego_mod:Undulate","alterego_mod:Swimsuit+1"],"picked":"SKIP","floor":46}],"player_experience":1371770,"relics_obtained":[{"floor":1,"key":"Question Card"},{"floor":7,"key":"vexMod:HeadHunter"},{"floor":9,"key":"Golden Egg"},{"floor":10,"key":"SentryEyes"},{"floor":14,"key":"vexMod:CardConverter"},{"floor":16,"key":"ImportantClient"},{"floor":24,"key":"Dota2Spire:PowerTreads"},{"floor":26,"key":"ImprovedEquipment"},{"floor":30,"key":"ReplayTheSpireMod:Lightbulb"},{"floor":43,"key":"Thread and Needle"}],"event_choices":[{"cards_removed":["alterego_mod:Impale"],"damage_healed":0,"gold_gain":0,"player_choice":"Forget","damage_taken":0,"max_hp_gain":0,"max_hp_loss":0,"event_name":"Living Wall","floor":2,"gold_loss":0},{"damage_healed":0,"gold_gain":0,"player_choice":"Disagree","damage_taken":0,"max_hp_gain":0,"max_hp_loss":0,"event_name":"conspire:LoneGhost","floor":11,"gold_loss":0},{"damage_healed":0,"gold_gain":0,"player_choice":"Leave","damage_taken":0,"max_hp_gain":0,"max_hp_loss":0,"event_name":"conspire:Investor","floor":22,"gold_loss":0},{"damage_healed":0,"gold_gain":0,"player_choice":"Ignored","damage_taken":0,"max_hp_gain":0,"max_hp_loss":0,"event_name":"Mysterious Sphere","floor":39,"gold_loss":0}],"is_beta":false,"boss_relics":[{"not_picked":["ExusiaiGun","Philosopher\u0027s Stone"],"picked":"RhineFirstAidKit"},{"not_picked":["Velvet Choker","aspiration:RunicSpoon","Pandora\u0027s Box"]}],"items_purged_floors":[5,25,42,45],"is_endless":false,"potions_floor_spawned":[4,16,24,28,29,33,38,44,46],"ascension_level":11}}