{"host":"nmjik3bzoelmmajy","time":1607646338,"event":{"mods":["BaseMod","Better Third Choice","Colored Map","DeckTracker","Minty Spire (QoL Compilation)","Quick Restart","Say the Spire","StSLib","SuperFastMode"],"gold_per_floor":[115,132,132,144,144,176,176,201,201,201,201,201],"floor_reached":11,"playtime":307,"items_purged":[],"score":142,"play_id":"0a4cbdec-860f-438b-92fa-d051df4c7b95","local_time":"20201211092538","is_ascension_mode":true,"campfire_choices":[{"data":"Blade Dance","floor":7,"key":"SMITH"}],"circlet_count":0,"master_deck":["AscendersBane","Strike_G","Strike_G","Strike_G","Strike_G","Strike_G+1","Defend_G","Defend_G","Defend_G+1","Defend_G","Defend_G","Survivor","Neutralize","Blade Dance+1","Noxious Fumes","Dash","Corpse Explosion","Leg Sweep","Decay"],"relics":["Ring of the Snake","NeowsBlessing","Bronze Scales","StrikeDummy","Anchor","Smiling Mask"],"acts_visited":["Exordium"],"potions_floor_usage":[6,8],"damage_taken":[{"damage":0.0,"enemies":"Jaw Worm","floor":1.0,"turns":1.0},{"damage":0.0,"enemies":"Cultist","floor":2.0,"turns":1.0},{"damage":0.0,"enemies":"2 Louse","floor":4.0,"turns":1.0},{"damage":10,"enemies":"Lagavulin","floor":6,"turns":7},{"damage":10,"enemies":"3 Sentries","floor":8,"turns":6},{"damage":20,"enemies":"Gremlin Nob","floor":11,"turns":4}],"seed_played":"-2703137669806637728","potions_obtained":[{"floor":4.0,"key":"FearPotion"},{"floor":6,"key":"PowerPotion"}],"is_trial":false,"path_per_floor":["M","M","?","M","?","E","R","E","T","?","E"],"character_chosen":"THE_SILENT","items_purchased":[],"campfire_rested":0,"item_purchase_floors":[],"current_hp_per_floor":[59,59,59,59,39,29,29,19,19,19,0,0],"gold":201,"neow_bonus":"THREE_ENEMY_KILL","is_daily":false,"chose_seed":false,"campfire_upgraded":1,"win_rate":0.0,"timestamp":1607646338,"path_taken":["M","M","?","?","?","E","R","E","T","?","E"],"items_purchased_type":[],"build_version":"2020-11-30","purchased_purges":0,"victory":false,"max_hp_per_floor":[66,66,66,66,66,66,66,66,66,66,66,66],"card_choices":[{"not_picked":["Blur","Deadly Poison"],"picked":"Blade Dance","floor":1.0},{"not_picked":["Flechettes","Slice"],"picked":"Noxious Fumes","floor":2.0},{"not_picked":["Prepared","Tactician"],"picked":"Dash","floor":4.0},{"not_picked":["Noxious Fumes","Crippling Poison"],"picked":"Corpse Explosion","floor":6},{"not_picked":["Backstab","Dagger Throw"],"picked":"Leg Sweep","floor":8}],"player_experience":798594,"relics_obtained":[{"floor":3.0,"key":"Bronze Scales"},{"floor":6,"key":"StrikeDummy"},{"floor":8,"key":"Anchor"},{"floor":9,"key":"Smiling Mask"}],"event_choices":[{"damage_healed":0.0,"max_hp_gain":0.0,"max_hp_loss":0.0,"gold_gain":0.0,"event_name":"Wheel of Change","player_choice":"Relic","floor":3.0,"gold_loss":0.0,"damage_taken":0.0},{"damage_healed":59,"gold_gain":0,"player_choice":"Upgrade","damage_taken":20,"max_hp_gain":0,"max_hp_loss":66,"event_name":"betterThird:BetterShining","floor":5,"gold_loss":0,"cards_upgraded":["Defend_G","Strike_G"]},{"damage_healed":0,"gold_gain":0,"player_choice":"Cursed","damage_taken":0,"max_hp_gain":0,"max_hp_loss":0,"event_name":"Wheel of Change","floor":10,"gold_loss":0,"cards_obtained":["Decay"]}],"is_beta":false,"boss_relics":[],"items_purged_floors":[],"is_endless":false,"potions_floor_spawned":[4,6],"killed_by":"Gremlin Nob","ascension_level":15}}