{"host":"8dhn6p16jorj0i1s","time":1607719736,"event":{"mods":["BaseMod","Colored Map","Minty Spire (QoL Compilation)","Permanent Neow","Quick Restart"],"gold_per_floor":[111,126,140,150,52,79,79,79,79,96,123,136,169,182,182,182,182],"floor_reached":16,"playtime":1752,"items_purged":["Strike_B"],"score":130,"play_id":"3a27e898-1884-48d6-8842-6caa16df14f6","local_time":"20201211214856","is_ascension_mode":true,"campfire_choices":[{"data":"Loop","floor":7,"key":"SMITH"},{"data":"Redo","floor":15,"key":"SMITH"}],"circlet_count":0,"master_deck":["Strike_B","Strike_B","Defend_B","Defend_B","Defend_B","Defend_B","Barrage+1","Lockon+1","Darkness+1","Ball Lightning","Glacier","Compile Driver","Coolheaded","Loop+1","Decay","Coolheaded","Loop","Barrage","Capacitor","Redo+1"],"relics":["Astrolabe","InkBottle","Unceasing Top","Pantograph"],"acts_visited":["Exordium"],"potions_floor_usage":[6,13,16],"damage_taken":[{"damage":3,"enemies":"Cultist","floor":1,"turns":5},{"damage":1,"enemies":"2 Louse","floor":2,"turns":4},{"damage":1,"enemies":"Jaw Worm","floor":3,"turns":5},{"damage":0,"enemies":"Large Slime","floor":4,"turns":5},{"damage":6,"enemies":"3 Sentries","floor":6,"turns":10},{"damage":30,"enemies":"Lots of Slimes","floor":10,"turns":5},{"damage":4,"enemies":"Lagavulin","floor":11,"turns":6},{"damage":1,"enemies":"Exordium Wildlife","floor":12,"turns":5},{"damage":7,"enemies":"3 Sentries","floor":13,"turns":7},{"damage":13,"enemies":"Gremlin Gang","floor":14,"turns":5},{"damage":34,"enemies":"The Guardian","floor":16,"turns":4}],"seed_played":"-9044018706831225740","potions_obtained":[{"floor":1,"key":"SkillPotion"},{"floor":6,"key":"GamblersBrew"},{"floor":10,"key":"LiquidBronze"},{"floor":11,"key":"SmokeBomb"},{"floor":14,"key":"CultistPotion"}],"is_trial":false,"path_per_floor":["M","M","M","M","$","E","R","?","T","M","E","M","E","M","R","B"],"character_chosen":"DEFECT","items_purchased":["Coolheaded"],"campfire_rested":0,"item_purchase_floors":[5],"current_hp_per_floor":[72,71,70,70,70,64,64,64,64,34,30,29,22,9,9,0,0],"gold":182,"neow_bonus":"BOSS_RELIC","is_daily":false,"chose_seed":false,"campfire_upgraded":2,"win_rate":0.0,"timestamp":1607719736,"path_taken":["M","?","M","M","$","E","R","?","T","M","E","?","E","M","R","BOSS"],"items_purchased_type":["Card"],"build_version":"2020-11-30","purchased_purges":1,"victory":false,"max_hp_per_floor":[75,75,75,75,75,75,75,75,75,75,75,75,75,75,75,75,75],"card_choices":[{"not_picked":["Heatsinks","Genetic Algorithm","Turbo"],"picked":"SKIP","floor":1},{"not_picked":["Cold Snap","Sweeping Beam"],"picked":"Ball Lightning","floor":2},{"not_picked":["Coolheaded","Self Repair"],"picked":"Glacier","floor":3},{"not_picked":["Leap","Rebound"],"picked":"Compile Driver","floor":4},{"not_picked":["Chill","Multi-Cast"],"picked":"Loop","floor":6},{"not_picked":["Cold Snap","Storm"],"picked":"Coolheaded","floor":10},{"not_picked":["Meteor Strike","Coolheaded"],"picked":"Loop","floor":11},{"not_picked":["Ball Lightning","Coolheaded"],"picked":"Barrage","floor":12},{"not_picked":["Recycle","Heatsinks"],"picked":"Capacitor","floor":13},{"not_picked":["Gash","Coolheaded"],"picked":"Redo","floor":14}],"player_experience":251133,"relics_obtained":[{"floor":6,"key":"InkBottle"},{"floor":11,"key":"Unceasing Top"},{"floor":13,"key":"Pantograph"}],"event_choices":[{"damage_healed":0,"gold_gain":0,"player_choice":"Cursed","damage_taken":0,"max_hp_gain":0,"max_hp_loss":0,"event_name":"Wheel of Change","floor":8,"gold_loss":0,"cards_obtained":["Decay"]}],"is_beta":false,"boss_relics":[],"items_purged_floors":[5],"is_endless":false,"potions_floor_spawned":[1,6,10,11,14],"killed_by":"The Guardian","ascension_level":1}}