{"host":"3rixevx6n8b56xaj","time":1607699870,"event":{"mods":["2.2 Compatiblity","AchievementEnabler","BaseMod","Better Third Choice","Colored Map","DeckTracker","Friendly Minions","Minty Spire (QoL Compilation)","StSLib","SuperFastMode"],"gold_per_floor":[118,134,134,134,146,146,175,188,256,266,266,298,248,16,16,121,121,136,136,147,147,166,191,202,202,202,228,228,228,128,141,141,237,237,250,250,266,318,318,318,318],"floor_reached":40,"playtime":1107,"items_purged":["Strike_P","Writhe"],"score":461,"play_id":"29670fea-600c-40f4-b331-d7553caca640","local_time":"20201212001750","is_ascension_mode":false,"campfire_choices":[{"data":"Eruption","floor":6,"key":"SMITH"},{"data":"CrushJoints","floor":11,"key":"SMITH"},{"data":"TalkToTheHand","floor":15,"key":"SMITH"},{"data":"Tantrum","floor":28,"key":"SMITH"},{"data":"Vigilance","floor":32,"key":"SMITH"}],"circlet_count":0,"master_deck":["Strike_P","Defend_P","Eruption+1","Vigilance+1","FearNoEvil","CrushJoints+1","Tantrum+1","FollowUp","EmptyFist","DevaForm","TalkToTheHand+1","Halt","ConjureBlade","CarveReality+1","EmptyBody","Alpha","DeusExMachina","Adaptation"],"relics":["HolyWater","Juzu Bracelet","Bird Faced Urn","Ornamental Fan","Bronze Scales","Orrery","Astrolabe","Pantograph","Turnip","Lizard Tail","StrikeDummy","Akabeko","Du-Vu Doll"],"acts_visited":["Exordium","TheCity","TheBeyond"],"potions_floor_usage":[12,20,23,33,39],"damage_taken":[{"damage":0.0,"enemies":"Small Slimes","floor":1.0,"turns":3.0},{"damage":7.0,"enemies":"Cultist","floor":2.0,"turns":3.0},{"damage":1.0,"enemies":"Jaw Worm","floor":5.0,"turns":2.0},{"damage":14,"enemies":"3 Sentries","floor":7,"turns":6},{"damage":5,"enemies":"Looter","floor":8,"turns":2},{"damage":0,"enemies":"3 Louse","floor":10,"turns":2},{"damage":0,"enemies":"Lagavulin","floor":12,"turns":2},{"damage":2,"enemies":"Hexaghost","floor":16,"turns":7},{"damage":2,"enemies":"Chosen","floor":18,"turns":4},{"damage":8,"enemies":"2 Thieves","floor":20,"turns":3},{"damage":5,"enemies":"3 Cultists","floor":22,"turns":4},{"damage":15,"enemies":"Book of Stabbing","floor":23,"turns":4},{"damage":5,"enemies":"Snake Plant","floor":24,"turns":3},{"damage":57,"enemies":"Gremlin Leader","floor":27,"turns":6},{"damage":0,"enemies":"Shelled Parasite and Fungi","floor":31,"turns":3},{"damage":67,"enemies":"Automaton","floor":33,"turns":7},{"damage":6,"enemies":"Orb Walker","floor":35,"turns":2},{"damage":3,"enemies":"3 Darklings","floor":37,"turns":4},{"damage":36,"enemies":"2 Orb Walkers","floor":38,"turns":5},{"damage":0,"enemies":"Jaw Worm Horde","floor":39,"turns":1},{"damage":43,"enemies":"Nemesis","floor":40,"turns":4}],"seed_played":"-7239187374967719758","potions_obtained":[{"floor":2.0,"key":"SmokeBomb"},{"floor":8,"key":"AttackPotion"},{"floor":16,"key":"PowerPotion"},{"floor":18,"key":"PowerPotion"},{"floor":20,"key":"PowerPotion"},{"floor":27,"key":"Regen Potion"},{"floor":37,"key":"Strength Potion"}],"is_trial":false,"path_per_floor":["M","M","?","?","M","R","E","M","T","M","R","E","?","$","R","B",null,"M","?","M","?","M","E","M","?","T","E","R","?","$","M","R","B",null,"M","?","M","?","M","E"],"character_chosen":"WATCHER","items_purchased":["Orrery"],"campfire_rested":0,"item_purchase_floors":[14],"current_hp_per_floor":[72,65,65,58,57,57,43,38,38,38,38,38,38,38,38,38,72,72,72,64,64,61,52,49,49,49,36,36,36,36,36,36,13,72,66,66,65,33,33,0,0],"gold":318,"neow_bonus":"RANDOM_COMMON_RELIC","is_daily":false,"chose_seed":false,"campfire_upgraded":5,"win_rate":0.0,"timestamp":1607699870,"path_taken":["M","M","?","?","M","R","E","M","T","M","R","E","?","$","R","BOSS","M","?","M","?","M","E","M","?","T","E","R","?","$","M","R","BOSS","M","?","M","?","M","E"],"items_purchased_type":["Relic"],"build_version":"2020-11-30","purchased_purges":2,"victory":false,"max_hp_per_floor":[72,72,72,72,72,72,72,72,72,72,72,72,72,72,72,72,72,72,72,72,72,72,72,72,72,72,72,72,72,72,72,72,72,72,72,72,72,72,72,72,72],"card_choices":[{"not_picked":["PathToVictory","SashWhip","SignatureMove"],"picked":"SKIP","floor":1.0},{"not_picked":["ThirdEye","CutThroughFate"],"picked":"FearNoEvil","floor":2.0},{"not_picked":["ReachHeaven","ThirdEye"],"picked":"CrushJoints","floor":5.0},{"not_picked":["PathToVictory","ClearTheMind"],"picked":"Tantrum","floor":7},{"not_picked":["Fasting2","ForeignInfluence"],"picked":"FollowUp","floor":8},{"not_picked":["Halt","CutThroughFate"],"picked":"EmptyFist","floor":10},{"not_picked":["Pray","ThirdEye"],"picked":"DevaForm","floor":12},{"not_picked":["Swivel","Weave"],"picked":"TalkToTheHand","floor":14},{"not_picked":["Swivel","Tantrum"],"picked":"Halt","floor":14},{"not_picked":["MasterReality","DevaForm"],"picked":"ConjureBlade","floor":16},{"not_picked":["Meditate","ReachHeaven","Consecrate"],"picked":"SKIP","floor":18},{"not_picked":["Consecrate","Vengeance","BowlingBash"],"picked":"SKIP","floor":20},{"not_picked":["SignatureMove","ForeignInfluence","FearNoEvil"],"picked":"SKIP","floor":22},{"not_picked":["ThirdEye","Blasphemy","Pray+1"],"picked":"SKIP","floor":23},{"not_picked":["Worship+1","FollowUp","SashWhip"],"picked":"SKIP","floor":24},{"not_picked":["LikeWater+1","EmptyBody","PathToVictory"],"picked":"SKIP","floor":27},{"not_picked":["Swivel","WindmillStrike","SashWhip"],"picked":"SKIP","floor":31},{"not_picked":["ConjureBlade","MasterReality"],"picked":"DeusExMachina","floor":33},{"not_picked":["Consecrate","SashWhip","ThirdEye"],"picked":"SKIP","floor":35},{"not_picked":["FlyingSleeves","PathToVictory+1"],"picked":"Adaptation","floor":37}],"player_experience":502337,"relics_obtained":[{"floor":7,"key":"Bird Faced Urn"},{"floor":9,"key":"Ornamental Fan"},{"floor":12,"key":"Bronze Scales"},{"floor":23,"key":"Turnip"},{"floor":26,"key":"Lizard Tail"},{"floor":27,"key":"StrikeDummy"},{"floor":38,"key":"Du-Vu Doll"}],"event_choices":[{"damage_healed":0.0,"max_hp_gain":0.0,"max_hp_loss":0.0,"gold_gain":0.0,"event_name":"The Woman in Blue","player_choice":"Bought 0 Potions","floor":3.0,"gold_loss":0.0,"damage_taken":0.0},{"cards_removed":["Strike_P"],"damage_healed":0.0,"max_hp_gain":0.0,"max_hp_loss":0.0,"gold_gain":0.0,"event_name":"Golden Wing","player_choice":"Card Removal","floor":4.0,"gold_loss":0.0,"damage_taken":7.0},{"cards_removed":["Defend_P"],"damage_healed":0,"gold_gain":0,"player_choice":"Card Removal","damage_taken":0,"max_hp_gain":0,"max_hp_loss":0,"event_name":"The Cleric","floor":13,"gold_loss":50},{"damage_healed":0,"gold_gain":0,"player_choice":"Read","damage_taken":0,"max_hp_gain":0,"max_hp_loss":0,"event_name":"The Library","floor":19,"gold_loss":0,"cards_obtained":["EmptyBody"]},{"damage_healed":0,"gold_gain":0,"player_choice":"Opened","damage_taken":0,"relics_obtained":["Pantograph"],"max_hp_gain":0,"max_hp_loss":0,"event_name":"The Mausoleum","floor":21,"gold_loss":0,"cards_obtained":["Writhe"]},{"damage_healed":0,"gold_gain":0,"cards_transformed":["BattleHymn"],"player_choice":"Transformed","damage_taken":0,"max_hp_gain":0,"max_hp_loss":0,"event_name":"Transmorgrifier","floor":25,"gold_loss":0,"cards_obtained":["Alpha"]},{"cards_removed":["ThirdEye"],"damage_healed":0,"gold_gain":0,"player_choice":"Gave Card","damage_taken":0,"relics_obtained":["Akabeko"],"max_hp_gain":0,"max_hp_loss":0,"event_name":"WeMeetAgain","floor":29,"gold_loss":0},{"damage_healed":0,"gold_gain":0,"player_choice":"Ignored","damage_taken":0,"max_hp_gain":0,"max_hp_loss":0,"event_name":"Tomb of Lord Red Mask","floor":36,"gold_loss":0},{"damage_healed":0,"gold_gain":0,"player_choice":"Fight","damage_taken":0,"max_hp_gain":0,"max_hp_loss":0,"event_name":"Mysterious Sphere","floor":38,"gold_loss":0}],"is_beta":false,"boss_relics":[{"not_picked":["Fusion Hammer","Ectoplasm"],"picked":"Astrolabe"},{"not_picked":["Coffee Dripper","Runic Dome"],"picked":"HolyWater"}],"items_purged_floors":[14,30],"is_endless":false,"potions_floor_spawned":[2,8,16,18,20,27,37],"killed_by":"Nemesis","ascension_level":0}}