{"host":"sabve5zmqufxyc5o","time":1607673353,"event":{"mods":["2.2 Compatiblity","AchievementEnabler","Act Like it!","BaseMod","Block Reminder","Colored Map","Colored Powertips","DeckTracker","KOR Keyword Fix","Keyboard Shortcuts","Minty Spire (QoL Compilation)","Quick Restart","Rare Cards Sparkle","Relic Stats","StSLib","SuperFastMode"],"gold_per_floor":[115,131,56,68,118,118,129,29,29,29,104,21,31,44,44,44,44],"floor_reached":16,"playtime":227,"items_purged":["Strike_B","Strike_B"],"score":175,"play_id":"afd3b133-8678-4e96-8db2-b093685389fc","local_time":"20201211165553","is_ascension_mode":true,"campfire_choices":[{"data":"White Noise","floor":6,"key":"SMITH"},{"data":"Coolheaded","floor":10,"key":"SMITH"},{"floor":15,"key":"REST"}],"circlet_count":0,"master_deck":["AscendersBane","Strike_B","Strike_B","Defend_B","Defend_B","Defend_B","Defend_B","Zap","Dualcast","Conserve Battery","White Noise+1","Gash","Streamline","Coolheaded+1","Capacitor","Beam Cell"],"relics":["Cracked Core","Art of War"],"acts_visited":["Exordium"],"potions_floor_usage":[16],"damage_taken":[{"damage":2,"enemies":"Jaw Worm","floor":1,"turns":3},{"damage":7,"enemies":"Cultist","floor":2,"turns":4},{"damage":0,"enemies":"2 Louse","floor":4,"turns":3},{"damage":12,"enemies":"2 Fungi Beasts","floor":7,"turns":3},{"damage":18,"enemies":"Exordium Wildlife","floor":13,"turns":5},{"damage":4,"enemies":"Looter","floor":14,"turns":3},{"damage":32,"enemies":"Hexaghost","floor":16,"turns":9}],"seed_played":"6209823974692741188","potions_obtained":[{"floor":2,"key":"Strength Potion"}],"is_trial":false,"path_per_floor":["M","M","$","M","?","R","M","$","T","R","?","$","M","M","R","B"],"character_chosen":"DEFECT","items_purchased":["Capacitor"],"campfire_rested":1,"item_purchase_floors":[12],"current_hp_per_floor":[62,55,55,55,55,55,43,43,43,43,32,32,14,10,31,0,0],"gold":44,"neow_bonus":"THREE_CARDS","is_daily":false,"chose_seed":false,"campfire_upgraded":2,"win_rate":0.0,"timestamp":1607673353,"path_taken":["M","M","$","M","?","R","M","?","T","R","?","$","M","M","R","BOSS"],"items_purchased_type":["Card"],"build_version":"2020-11-30","purchased_purges":2,"victory":false,"max_hp_per_floor":[71,71,71,71,71,71,71,71,71,71,71,71,71,71,71,71,71],"relic_stats":{"counters":[7,30],"Art of War":[1],"obtain_stats":[{"Art of War":9,"Cracked Core":0},{"Art of War":4,"Cracked Core":0},{"Art of War":13,"Cracked Core":0}]},"card_choices":[{"not_picked":["Stack","Chaos"],"picked":"Conserve Battery","floor":0},{"not_picked":["Compile Driver","Melter"],"picked":"White Noise","floor":1},{"not_picked":["Chaos","Leap"],"picked":"Gash","floor":2},{"not_picked":["Redo","Barrage"],"picked":"Streamline","floor":4},{"not_picked":["Gash","Static Discharge"],"picked":"Coolheaded","floor":7},{"not_picked":["Leap","Sweeping Beam","Hologram"],"picked":"SKIP","floor":13},{"not_picked":["Ball Lightning","Hyperbeam"],"picked":"Beam Cell","floor":14}],"player_experience":752332,"relics_obtained":[{"floor":9,"key":"Art of War"}],"event_choices":[{"damage_healed":0,"gold_gain":50,"player_choice":"Pray","damage_taken":0,"max_hp_gain":0,"max_hp_loss":0,"event_name":"Golden Shrine","floor":5,"gold_loss":0},{"damage_healed":0,"gold_gain":75,"player_choice":"Gather Gold","damage_taken":11,"max_hp_gain":0,"max_hp_loss":0,"event_name":"World of Goop","floor":11,"gold_loss":0}],"is_beta":false,"boss_relics":[],"items_purged_floors":[3,8],"is_endless":false,"potions_floor_spawned":[2],"killed_by":"Hexaghost","ascension_level":18}}