{"host":"pgqkv8mh62pnrbci","time":1607693225,"event":{"mods":["AchievementEnabler","BaseMod","Custom Start","Minty Spire (QoL Compilation)","Replay The Spire","StSLib","SuperFastMode","¡¼?Úª?ø«¡½REMEMod"],"gold_per_floor":[113,130,148,148,148,148,148,168,168,168,154,172,172,172],"floor_reached":13,"playtime":322,"items_purged":["Languid"],"score":146,"play_id":"35579f90-2559-4cc4-a658-67a55c41ca43","local_time":"20201211222705","is_ascension_mode":true,"campfire_choices":[{"data":"Tools of the Trade","floor":6.0,"key":"SMITH"},{"data":"Neutralize","floor":10.0,"key":"SMITH"}],"circlet_count":0,"master_deck":["AscendersBane","Strike_G","Strike_G","Strike_G","Strike_G","Defend_G","Defend_G","Defend_G","Defend_G","Defend_G","Survivor","Neutralize+1","Tools of the Trade+1","Tactician","Caltrops","Acrobatics","Phantasmal Killer","Decay","ReplayTheSpireMod:The Works","Footwork","REME_CopyPotion"],"relics":["Ring of the Snake","REME_ComplimentaryCards","Ice Cream","Unceasing Top","ReplayTheSpireMod:CursedCoin"],"acts_visited":["Exordium"],"potions_floor_usage":[],"damage_taken":[{"damage":2.0,"enemies":"Small Slimes","floor":1.0,"turns":5.0},{"damage":0.0,"enemies":"2 Louse","floor":2.0,"turns":4.0},{"damage":6.0,"enemies":"Cultist","floor":3.0,"turns":4.0},{"damage":8.0,"enemies":"2 Fungi Beasts","floor":8.0,"turns":5.0},{"damage":20.0,"enemies":"3 Louse","floor":12.0,"turns":6.0},{"damage":9,"enemies":"3 Sentries","floor":13,"turns":2}],"seed_played":"-316727344403241432","potions_obtained":[{"floor":1.0,"key":"Block Potion"}],"is_trial":false,"path_per_floor":["M","M","M","?","?","R","?","M","T","R","$","M","E"],"character_chosen":"THE_SILENT","items_purchased":["ReplayTheSpireMod:CursedCoin","Footwork"],"campfire_rested":0,"item_purchase_floors":[11,11],"current_hp_per_floor":[42,42,36,36,36,36,36,28,28,28,28,8,0,0],"gold":172,"neow_bonus":"ONE_RARE_RELIC","is_daily":false,"chose_seed":false,"campfire_upgraded":2,"win_rate":0.0,"timestamp":1607693225,"path_taken":["M","M","M","?","?","R","?","M","T","R","$","M","E"],"items_purchased_type":["Relic","Card"],"build_version":"2020-11-30","purchased_purges":1,"victory":false,"max_hp_per_floor":[66,66,66,66,66,66,66,66,66,66,66,66,66,66],"card_choices":[{"not_picked":["Dodge and Roll","Calculated Gamble"],"picked":"Tactician","floor":1.0},{"not_picked":["Sneak Up","Dagger Throw"],"picked":"Caltrops","floor":2.0},{"not_picked":["ReplayTheSpireMod:The Works","Endless Agony"],"picked":"Acrobatics","floor":3.0},{"not_picked":["Flying Knee","Dagger Throw"],"picked":"ReplayTheSpireMod:The Works","floor":8.0},{"not_picked":["Dagger Throw","Crippling Poison"],"picked":"REME_CopyPotion","floor":12.0}],"player_experience":532442,"relics_obtained":[{"floor":9.0,"key":"Unceasing Top"}],"event_choices":[{"damage_healed":0.0,"max_hp_gain":0.0,"max_hp_loss":0.0,"gold_gain":0.0,"event_name":"Liars Game","player_choice":"Ignored","floor":4.0,"gold_loss":0.0,"damage_taken":0.0},{"damage_healed":0.0,"max_hp_gain":0.0,"max_hp_loss":0.0,"gold_gain":0.0,"cards_transformed":["Strike_G"],"event_name":"Living Wall","player_choice":"Change","floor":5.0,"gold_loss":0.0,"damage_taken":0.0,"cards_obtained":["Phantasmal Killer"]},{"damage_healed":0.0,"max_hp_gain":0.0,"max_hp_loss":0.0,"gold_gain":0.0,"event_name":"Wheel of Change","player_choice":"Cursed","floor":7.0,"gold_loss":0.0,"damage_taken":0.0,"cards_obtained":["Decay"]}],"is_beta":false,"boss_relics":[],"items_purged_floors":[11],"is_endless":false,"potions_floor_spawned":[1],"killed_by":"3 Sentries","ascension_level":19}}