{"host":"y89x8uui45kcjy42","time":1607661367,"event":{"mods":["2.2 Compatiblity","BaseMod","Colored Map","Colored Powertips","Friendly Minions","Highlight Path","Keyboard Shortcuts","Minty Spire (QoL Compilation)","StSLib","SuperFastMode","The Bug Knight","Waifu the Spire"],"gold_per_floor":[114,114,127,142,142,142,159,159,186,218,218,236,256,270,270,394,394,418,418,434,34,57,57,100,100,100,100,100,100,100,133,133,238,238,256,269,179,19,32,32,64,64,109,109,160,160,189,189,189,189],"floor_reached":51,"playtime":1598,"items_purged":["HollowMod:QuickDashStart"],"score":1028,"play_id":"843ef097-61ef-4785-92fc-7d94dbf620ab","local_time":"20201211133607","is_ascension_mode":true,"campfire_choices":[{"data":"HollowMod:HeavyBlow","floor":6,"key":"SMITH"},{"data":"HollowMod:SoulStrike","floor":8,"key":"SMITH"},{"data":"HollowMod:SoulSplash","floor":15,"key":"SMITH"},{"data":"HollowMod:HowlingWraiths","floor":23,"key":"SMITH"},{"data":"HollowMod:MonomonsArchive","floor":27,"key":"SMITH"},{"data":"HollowMod:PogoStrike","floor":30,"key":"SMITH"},{"data":"HollowMod:FocusHealStart","floor":32,"key":"SMITH"},{"data":"HollowMod:AwokenDreamNail","floor":40,"key":"SMITH"},{"data":"HollowMod:CloakDash","floor":42,"key":"SMITH"},{"data":"Ghostly","floor":44,"key":"SMITH"},{"data":"Ghostly","floor":49,"key":"SMITH"}],"circlet_count":0,"master_deck":["HollowMod:NailStrikeStart+1","HollowMod:QuickDashStart","HollowMod:FocusHealStart+1","HollowMod:PogoStrike+1","HollowMod:CloakDash+1","HollowMod:HeavyBlow+1","HollowMod:HowlingWraiths+1","HollowMod:SoulStrike+1","HollowMod:SoulSplash+1","Ghostly+1","Ghostly+1","Ghostly+1","Ghostly","Ghostly","HollowMod:BaldurShell","HollowMod:SoulStrike+1","HollowMod:MonomonsArchive+1","HollowMod:AwokenDreamNail+1","HollowMod:SoulVessel+1"],"relics":["HollowMod:VesselMask","Art of War","Ancient Tea Set","Bloody Idol","Busted Crown","Ornamental Fan","WingedGreaves","Thread and Needle","Enchiridion","Matryoshka","Philosopher\u0027s Stone","Molten Egg 2","Juzu Bracelet","Centennial Puzzle","Ice Cream","Whetstone"],"acts_visited":["Exordium","TheCity","TheBeyond"],"potions_floor_usage":[10,16,16,16,16,16,16,20,24,31,41,50],"damage_taken":[{"damage":0,"enemies":"Cultist","floor":1,"turns":2},{"damage":4,"enemies":"Jaw Worm","floor":3,"turns":3},{"damage":7,"enemies":"Small Slimes","floor":4,"turns":3},{"damage":0,"enemies":"2 Fungi Beasts","floor":7,"turns":2},{"damage":1,"enemies":"HollowMod:MossKnight","floor":10,"turns":3},{"damage":6,"enemies":"Looter","floor":12,"turns":3},{"damage":8,"enemies":"3 Louse","floor":13,"turns":4},{"damage":1,"enemies":"Blue Slaver","floor":14,"turns":3},{"damage":40,"enemies":"The Guardian","floor":16,"turns":11},{"damage":2,"enemies":"Chosen","floor":18,"turns":3},{"damage":2,"enemies":"2 Thieves","floor":20,"turns":3},{"damage":0,"enemies":"Sentry and Sphere","floor":22,"turns":6},{"damage":0,"enemies":"HollowMod:Nosk","floor":24,"turns":7},{"damage":0,"enemies":"Gremlin Leader","floor":31,"turns":5},{"damage":0,"enemies":"Collector","floor":33,"turns":9},{"damage":0,"enemies":"3 Darklings","floor":35,"turns":3},{"damage":0,"enemies":"Orb Walker","floor":36,"turns":3},{"damage":1,"enemies":"3 Darklings","floor":39,"turns":5},{"damage":22,"enemies":"HollowMod:StalkingDevout","floor":41,"turns":6},{"damage":0,"enemies":"2 Orb Walkers","floor":45,"turns":6},{"damage":0,"enemies":"Reptomancer","floor":47,"turns":5},{"damage":0,"enemies":"Donu and Deca","floor":50,"turns":7}],"seed_played":"7990827944543983217","potions_obtained":[{"floor":7,"key":"AttackPotion"},{"floor":13,"key":"PowerPotion"},{"floor":14,"key":"EntropicBrew"},{"floor":16,"key":"SpeedPotion"},{"floor":18,"key":"AttackPotion"},{"floor":22,"key":"AttackPotion"},{"floor":31,"key":"Regen Potion"},{"floor":33,"key":"EssenceOfSteel"},{"floor":39,"key":"Regen Potion"},{"floor":45,"key":"Swift Potion"}],"is_trial":false,"path_per_floor":["M","?","M","M","?","R","M","R","T","E","?","M","M","M","R","B",null,"M","?","M","$","M","R","E","?","T","R","?","?","R","E","R","B",null,"M","M","?","$","M","R","E","R","T","R","?","?","E","?","R","B",null],"character_chosen":"THE_BUGKNIGHT","items_purchased":["HollowMod:BaldurShell","Ornamental Fan","HollowMod:AwokenDreamNail"],"campfire_rested":0,"item_purchase_floors":[21,21,38],"current_hp_per_floor":[54,75,75,68,61,61,61,61,61,60,42,42,44,49,49,15,75,75,37,35,35,35,35,37,37,37,37,21,21,21,32,32,37,37,37,37,37,37,37,37,24,24,29,29,37,37,37,37,37,37],"gold":189,"neow_bonus":"TRANSFORM_TWO_CARDS","is_daily":false,"chose_seed":false,"campfire_upgraded":11,"win_rate":0.0,"timestamp":1607661367,"path_taken":["M","?","M","?","?","R","M","R","T","E","?","M","M","M","R","BOSS","M","?","M","$","M","R","E","?","T","R","?","?","R","E","R","BOSS","M","M","?","?","M","R","E","R","T","R","?","?","E","?","R","BOSS"],"items_purchased_type":["Card","Relic","Card"],"build_version":"2020-11-30","purchased_purges":1,"victory":true,"max_hp_per_floor":[75,75,75,75,75,75,75,75,75,75,75,75,75,75,75,75,75,75,37,37,37,37,37,37,37,37,37,37,37,37,37,37,37,37,37,37,37,37,37,37,37,37,37,37,37,37,37,37,37,37],"card_choices":[{"not_picked":["HollowMod:NewJinnsSoul","HollowMod:LifebloodCocoon"],"picked":"HollowMod:HeavyBlow","floor":1},{"not_picked":["HollowMod:LuriensSpire","HollowMod:SharpenedShadows","HollowMod:ShapeofUnn"],"picked":"SKIP","floor":3},{"not_picked":["HollowMod:SharpenedShadows","HollowMod:NewJinnsSoul"],"picked":"HollowMod:HowlingWraiths","floor":4},{"not_picked":["HollowMod:CornifersMapStart","HollowMod:SoulVessel"],"picked":"HollowMod:SoulStrike","floor":7},{"not_picked":["HollowMod:GrimmsGift","HollowMod:NewGlowingWomb","HollowMod:ZotesMagnificence"],"picked":"SKIP","floor":10},{"not_picked":["HollowMod:MothsMistake","HollowMod:GreatSlash","HollowMod:SiblingsShadow"],"picked":"SKIP","floor":12},{"not_picked":["HollowMod:DungDefenderAura","HollowMod:SharpenedNail"],"picked":"HollowMod:SoulSplash","floor":13},{"not_picked":["HollowMod:HowlingWraiths","HollowMod:HeavyBlow","HollowMod:Grubsong"],"picked":"SKIP","floor":14},{"not_picked":["HollowMod:SoulShaman"],"picked":"SKIP","floor":18},{"not_picked":["HollowMod:QuirrelsAssistance"],"picked":"SKIP","floor":20},{"not_picked":["HollowMod:PureNailStrike"],"picked":"SKIP","floor":22},{"not_picked":[],"picked":"HollowMod:SoulStrike+1","floor":24},{"not_picked":["HollowMod:MonarchWings"],"picked":"SKIP","floor":31},{"not_picked":["HollowMod:HeavyBlow+1"],"picked":"SKIP","floor":35},{"not_picked":["HollowMod:HowlingWraiths"],"picked":"SKIP","floor":36},{"not_picked":[],"picked":"HollowMod:SoulVessel+1","floor":39},{"not_picked":["HollowMod:AbyssShriek+1"],"picked":"SKIP","floor":41},{"not_picked":["HollowMod:SoulMaster"],"picked":"SKIP","floor":47}],"player_experience":495298,"relics_obtained":[{"floor":9,"key":"Art of War"},{"floor":10,"key":"Ancient Tea Set"},{"floor":24,"key":"WingedGreaves"},{"floor":26,"key":"Thread and Needle"},{"floor":28,"key":"Enchiridion"},{"floor":31,"key":"Matryoshka"},{"floor":41,"key":"Molten Egg 2"},{"floor":43,"key":"Juzu Bracelet"},{"floor":43,"key":"Centennial Puzzle"},{"floor":45,"key":"Ice Cream"},{"floor":47,"key":"Whetstone"}],"event_choices":[{"cards_removed":["HollowMod:PureNailStrike"],"damage_healed":21,"gold_gain":0,"player_choice":"Offered Uncommon","damage_taken":0,"max_hp_gain":0,"max_hp_loss":0,"event_name":"Bonfire Elementals","floor":2,"gold_loss":0},{"cards_removed":["HollowMod:NailStrikeStart"],"damage_healed":0,"gold_gain":0,"player_choice":"Card Removal","damage_taken":7,"max_hp_gain":0,"max_hp_loss":0,"event_name":"Golden Wing","floor":5,"gold_loss":0},{"damage_healed":0,"gold_gain":0,"player_choice":"Take Damage","damage_taken":18,"relics_obtained":["Golden Idol"],"max_hp_gain":0,"max_hp_loss":0,"event_name":"Golden Idol","floor":11,"gold_loss":0},{"damage_healed":0,"gold_gain":0,"player_choice":"Became a Ghost","damage_taken":0,"max_hp_gain":0,"max_hp_loss":38,"event_name":"Ghosts","floor":19,"gold_loss":0,"cards_obtained":["Ghostly","Ghostly","Ghostly","Ghostly","Ghostly"]},{"damage_healed":0,"gold_gain":0,"player_choice":"Read","damage_taken":0,"max_hp_gain":0,"max_hp_loss":0,"event_name":"The Library","floor":25,"gold_loss":0,"cards_obtained":["HollowMod:MonomonsArchive"]},{"damage_healed":0,"gold_gain":0,"player_choice":"Obtained Book","damage_taken":16,"max_hp_gain":0,"max_hp_loss":0,"event_name":"Cursed Tome","floor":28,"gold_loss":0},{"damage_healed":0,"gold_gain":0,"player_choice":"Gave Idol","damage_taken":0,"relics_obtained":["Bloody Idol"],"max_hp_gain":0,"max_hp_loss":0,"event_name":"Forgotten Altar","floor":29,"relics_lost":["Golden Idol"],"gold_loss":0},{"cards_removed":["HollowMod:QuickDashStart"],"damage_healed":0,"gold_gain":0,"player_choice":"Upgrade and Remove","damage_taken":0,"max_hp_gain":0,"max_hp_loss":0,"event_name":"Designer","floor":37,"gold_loss":90,"cards_upgraded":["Ghostly"]},{"damage_healed":0,"gold_gain":0,"player_choice":"Fight","damage_taken":0,"max_hp_gain":0,"max_hp_loss":0,"event_name":"Mysterious Sphere","floor":45,"gold_loss":0},{"cards_removed":["HollowMod:NailStrikeStart"],"damage_healed":0,"gold_gain":0,"player_choice":"Removed Attack","damage_taken":0,"max_hp_gain":0,"max_hp_loss":0,"event_name":"Falling","floor":46,"gold_loss":0},{"damage_healed":0,"gold_gain":0,"player_choice":"Memory 1","damage_taken":0,"max_hp_gain":0,"max_hp_loss":0,"event_name":"SensoryStone","floor":48,"gold_loss":0}],"is_beta":false,"boss_relics":[{"not_picked":["SlaversCollar","Fusion Hammer"],"picked":"Busted Crown"},{"not_picked":["Empty Cage","Tiny House"],"picked":"Philosopher\u0027s Stone"}],"items_purged_floors":[21],"is_endless":false,"potions_floor_spawned":[7,13,14,16,18,22,31,33,35,39,45,47],"ascension_level":2}}