{"host":"n529wyrjhujcvty3","time":1607661288,"event":{"mods":["Act Like it!","BaseMod","Better Third Choice","Hermit","Minty Spire (QoL Compilation)","Shop Mod","StSLib","The Hierophant","The Poker Player"],"gold_per_floor":[111,130,140,140,154,154,183,183,209,209,209,236,236,251,251,251,251],"floor_reached":16,"playtime":1434,"items_purged":[],"score":127,"play_id":"8990b8d1-9206-41dc-bbb2-20ca81473765","local_time":"20201211123448","is_ascension_mode":true,"campfire_choices":[{"data":"hermit:Determination","floor":6.0,"key":"SMITH"},{"data":"hermit:HighNoon","floor":8.0,"key":"SMITH"},{"data":"hermit:ShadowCloak","floor":13,"key":"SMITH"},{"floor":15,"key":"REST"}],"circlet_count":0,"master_deck":["hermit:Strike_Hermit","hermit:Strike_Hermit","hermit:Strike_Hermit","hermit:Strike_Hermit","hermit:Defend_Hermit","hermit:Defend_Hermit","hermit:Defend_Hermit","hermit:Defend_Hermit","hermit:Snapshot","hermit:Covet+1","hermit:Determination+1","hermit:ShadowCloak+1","hermit:NoHoldsBarred","hermit:HighNoon+1","Regret","hermit:Midnight"],"relics":["hermit:Momento","NeowsBlessing","Strawberry","Akabeko","hermit:RyeStalk","Smiling Mask","Happy Flower"],"acts_visited":["Exordium"],"potions_floor_usage":[16],"damage_taken":[{"damage":0.0,"enemies":"Small Slimes","floor":1.0,"turns":1.0},{"damage":0.0,"enemies":"2 Louse","floor":2.0,"turns":1.0},{"damage":0.0,"enemies":"Cultist","floor":3.0,"turns":2.0},{"damage":15.0,"enemies":"3 Louse","floor":5.0,"turns":4.0},{"damage":11.0,"enemies":"Lagavulin","floor":7.0,"turns":7.0},{"damage":35,"enemies":"Gremlin Nob","floor":12,"turns":4},{"damage":13,"enemies":"Large Slime","floor":14,"turns":5},{"damage":28,"enemies":"Hexaghost","floor":16,"turns":12}],"seed_played":"6938774383646110043","potions_obtained":[{"floor":1.0,"key":"BlessingOfTheForge"},{"floor":3.0,"key":"Strength Potion"},{"floor":14,"key":"hermit:Tonic"}],"is_trial":false,"path_per_floor":["M","M","M","?","M","R","E","R","T","?","?","E","R","M","R","B"],"character_chosen":"HERMIT","items_purchased":[],"campfire_rested":1,"item_purchase_floors":[],"current_hp_per_floor":[75,75,75,75,60,60,49,49,49,49,49,14,14,1,25,0,0],"gold":251,"neow_bonus":"THREE_ENEMY_KILL","is_daily":false,"chose_seed":false,"campfire_upgraded":3,"win_rate":0.0,"timestamp":1607661288,"path_taken":["M","M","M","?","M","R","E","R","T","?","?","E","R","M","R","BOSS"],"items_purchased_type":[],"build_version":"2020-11-30","purchased_purges":0,"victory":false,"max_hp_per_floor":[75,75,75,82,82,82,82,82,82,82,82,82,82,82,82,82,82],"card_choices":[{"not_picked":["hermit:DeadMansHand","hermit:Feint"],"picked":"hermit:Determination","floor":1.0},{"not_picked":["hermit:TrackingShot","hermit:BodyArmor"],"picked":"hermit:ShadowCloak","floor":2.0},{"not_picked":["hermit:Showdown","hermit:HoleUp"],"picked":"hermit:NoHoldsBarred","floor":3.0},{"not_picked":["hermit:TakeCover","hermit:Quickdraw","hermit:Vantage"],"picked":"SKIP","floor":5.0},{"not_picked":["hermit:HighCaliber","hermit:ItchyTrigger"],"picked":"hermit:HighNoon","floor":7.0},{"not_picked":["hermit:Combo","hermit:Horror","hermit:HighCaliber"],"picked":"SKIP","floor":12},{"not_picked":["hermit:PistolWhip","hermit:Quickdraw"],"picked":"hermit:Midnight","floor":14}],"player_experience":437943,"relics_obtained":[{"floor":7.0,"key":"Akabeko"},{"floor":9.0,"key":"hermit:RyeStalk"},{"floor":12,"key":"Happy Flower"}],"event_choices":[{"damage_healed":0.0,"max_hp_gain":0.0,"max_hp_loss":0.0,"gold_gain":0.0,"event_name":"betterThird:BetterScrap","player_choice":"Relic ","floor":4.0,"gold_loss":0.0,"damage_taken":7.0,"cards_obtained":["Weave"]},{"damage_healed":0,"gold_gain":0,"player_choice":"Grow","damage_taken":0,"max_hp_gain":0,"max_hp_loss":0,"event_name":"Living Wall","floor":10,"gold_loss":0,"cards_upgraded":["hermit:Covet"]},{"damage_healed":0,"gold_gain":0,"player_choice":"Box","damage_taken":0,"relics_obtained":["Smiling Mask"],"max_hp_gain":0,"max_hp_loss":0,"event_name":"Big Fish","floor":11,"gold_loss":0,"cards_obtained":["Regret"]}],"is_beta":false,"boss_relics":[],"items_purged_floors":[],"is_endless":false,"potions_floor_spawned":[1,3,14],"killed_by":"Hexaghost","ascension_level":3}}