{"host":"cvdbfwtypahr1w62","time":1607731020,"event":{"mods":["AchievementEnabler","Act Like it!","BaseMod","BetterRewards","Colored Map","Filter the Spire","Hallownest","Highlight Path","Jorbs\u0027s Wanderer Trilogy","Marisa????????","Minty Spire (QoL Compilation)","Rare Cards Sparkle","Relic Stats","Shop Mod","StSLib","The Bug Knight","The Cursed"],"gold_per_floor":[119,119,119,132,152,152,164,164,188,207,227,244,268,284,284,389,389,406,406,406,435,448,448,477,36,89,37,56,83,83,83,83,186,186,197,197,197,48,48,85,106,116,189,216,438,438,238,13,13,13],"floor_reached":51,"playtime":2424,"items_purged":["Strike_G","Strike_G","Strike_G","Strike_G","Neutralize","Defend_G+1","Defend_G+1"],"score":1684,"play_id":"a05b3cda-a2c4-403c-a842-fd1f21230f05","local_time":"20201212005700","is_ascension_mode":true,"campfire_choices":[{"floor":6,"key":"REST"},{"data":"Burst","floor":8,"key":"SMITH"},{"floor":15,"key":"REST"},{"floor":23,"key":"REST"},{"floor":30,"key":"REST"},{"floor":32,"key":"REST"},{"data":"Dodge and Roll","floor":46,"key":"SMITH"},{"floor":49,"key":"REST"}],"circlet_count":0,"master_deck":["AscendersBane","Defend_G+1","Defend_G+1","Defend_G+1","Survivor+1","Footwork+1","Cloak And Dagger+1","Infinite Blades+1","Escape Plan+1","Footwork+1","Burst+1","Footwork+1","Blade Dance+1","Escape Plan+1","Venomology+1","Blur+1","Terror+1","Accuracy+1","Escape Plan+1","Escape Plan+1","Dodge and Roll+1","Noxious Fumes+1"],"relics":["Ring of the Snake","Hallownest:DreamNailRelic","Bronze Scales","Omamori","Philosopher\u0027s Stone","Red Mask","Akabeko","Bag of Preparation","CeramicFish","WristBlade","Mark of the Bloom","Lantern","Paper Crane","Thread and Needle","Sundial","Orichalcum"],"acts_visited":["Exordium","TheCity","TheBeyond"],"potions_floor_usage":[7,18,21,21,21,24,24,28,29,29,33,33,33,35,40,40,41,41,42,42,42,44,50,50],"damage_taken":[{"damage":0,"enemies":"Hallownest:monsterHuskGuard","floor":1,"turns":6},{"damage":6,"enemies":"Hallownest:monsterHuskWarrior","floor":4,"turns":4},{"damage":0,"enemies":"2_ Uuma","floor":5,"turns":7},{"damage":0,"enemies":"Hallownest:Wandering_and_Horned","floor":7,"turns":8},{"damage":0,"enemies":"Hallownest:Guard_and_Warrior","floor":10,"turns":7},{"damage":2,"enemies":"Hallownest:1_Baldur_1_Crawlid_1_Warrior","floor":11,"turns":7},{"damage":12,"enemies":"Hallownest:monsterFoolEater","floor":12,"turns":4},{"damage":0,"enemies":"Hallownest:Guard_and_Warrior","floor":14,"turns":9},{"damage":26,"enemies":"Hallownest:BossFalseKnight","floor":16,"turns":14},{"damage":0,"enemies":"3 Byrds","floor":18,"turns":5},{"damage":30,"enemies":"Masked Bandits","floor":21,"turns":6},{"damage":25,"enemies":"Chosen","floor":22,"turns":8},{"damage":0,"enemies":"Book of Stabbing","floor":24,"turns":4},{"damage":1,"enemies":"Snake Plant","floor":28,"turns":4},{"damage":2,"enemies":"Chosen and Byrds","floor":29,"turns":6},{"damage":5,"enemies":"Collector","floor":33,"turns":12},{"damage":3,"enemies":"Orb Walker","floor":35,"turns":4},{"damage":0,"enemies":"HollowMod:StalkingDevout","floor":40,"turns":5},{"damage":0,"enemies":"3 Darklings","floor":41,"turns":3},{"damage":0,"enemies":"Transient","floor":42,"turns":5},{"damage":0,"enemies":"Reptomancer","floor":44,"turns":5},{"damage":0,"enemies":"Time Eater","floor":50,"turns":7}],"seed_played":"7960219245909790805","potions_obtained":[{"floor":4,"key":"Ancient Potion"},{"floor":5,"key":"LiquidMemories"},{"floor":16,"key":"FearPotion"},{"floor":18,"key":"Ancient Potion"},{"floor":22,"key":"GamblersBrew"},{"floor":35,"key":"FearPotion"},{"floor":40,"key":"ColorlessPotion"},{"floor":41,"key":"EssenceOfSteel"}],"is_trial":false,"path_per_floor":["M","?","?","M","M","R","M","R","T","M","M","?","T","M","R","B",null,"M","?","?","?","M","R","E","$","T","$","M","M","R","$","R","B",null,"M","?","?","$","T","E","M","M","T","E","?","R","$","$","R","B",null],"character_chosen":"THE_SILENT","items_purchased":["Footwork","Cloak And Dagger","Infinite Blades","Escape Plan","Footwork","Burst","Footwork","Blade Dance","Accuracy","Escape Plan","Bag of Preparation","Block Potion","Lantern"],"campfire_rested":6,"item_purchase_floors":[0,0,0,0,0,0,0,0,25,25,25,27,38],"current_hp_per_floor":[21,21,21,15,15,36,36,36,36,36,34,22,22,22,43,17,57,57,57,57,27,2,23,23,23,23,23,22,20,41,41,62,57,67,64,64,64,64,64,64,64,64,64,64,64,64,64,64,64,64],"gold":13,"neow_bonus":"","is_daily":false,"chose_seed":false,"campfire_upgraded":2,"win_rate":0.0,"timestamp":1607731020,"path_taken":["M","?","?","?","M","R","M","R","T","M","M","?","?","M","R","BOSS","M","?","?","?","M","R","E","$","T","$","M","M","R","?","R","BOSS","M","?","?","$","?","E","?","M","T","E","?","R","?","$","R","BOSS"],"items_purchased_type":["Card","Card","Card","Card","Card","Card","Card","Card","Card","Card","Relic","Potion","Relic"],"build_version":"2020-11-30","purchased_purges":7,"victory":true,"max_hp_per_floor":[70,70,70,70,70,70,70,70,70,70,70,70,70,70,70,70,70,70,70,70,70,70,70,70,70,70,70,70,70,70,70,70,70,70,70,70,70,70,70,70,70,70,70,70,70,70,70,70,70,70],"relic_stats":{"Mark of the Bloom":21,"counters":[188,1010],"Sundial":[2],"Bronze Scales":[737],"CeramicFish":27,"Bag of Preparation":[18],"Orichalcum":[0],"obtain_stats":[{"Mark of the Bloom":36,"Calipers":10,"Tiny House":17,"CeramicFish":26,"Vajra":10,"HollowMod:VesselMask":0,"Whetstone":0,"Bottled Tornado":28,"Boot":8,"Sling":19,"Blood Vial":2,"Sundial":43,"Philosopher\u0027s Stone":17,"Prayer Wheel":27,"MealTicket":7,"Fusion Hammer":34,"Kunai":9,"Toxic Egg 2":9,"Pear":9,"Happy Flower":0,"Blue Candle":31,"HollowMod:JonisBlessing":0,"Oddly Smooth Stone":0,"Pen Nib":27,"War Paint":30,"Paper Crane":10,"Question Card":26,"Akabeko":45,"WarpedTongs":28,"SlaversCollar":17,"Bottled Flame":26,"Shuriken":9,"Bronze Scales":20,"MutagenicStrength":20,"Bird Faced Urn":25,"Ring of the Serpent":34,"Pocketwatch":0,"Meat on the Bone":4,"Lantern":24,"Regal Pillow":26,"Hallownest:StagBellRelic1":3,"SacredBark":34,"Magic Flower":0,"Mango":0,"StoneCalendar":0,"Juzu Bracelet":43,"Incense Burner":2,"Hallownest:DreamNailRelic":3,"Bag of Preparation":25,"Smiling Mask":9,"Hallownest:GodTamersBeastRelic":45,"Empty Cage":17,"Cursed Key":17,"ClockworkSouvenir":0,"Nunchaku":26,"Dream Catcher":9,"Matryoshka":31,"WristBlade":34,"Pantograph":6,"WingedGreaves":0,"Red Mask":48,"Chemical X":30,"InkBottle":14,"Runic Pyramid":34,"Hallownest:BeastSealRelic":48,"Lee\u0027s Waffle":30,"Golden Idol":2,"Thread and Needle":40,"PreservedInsect":5,"Omamori":13,"Frozen Egg 2":22,"Odd Mushroom":11,"Orichalcum":44,"White Beast Statue":26,"Peace Pipe":13,"Hallownest:WatcherSealRelic":20,"Anchor":30,"Busted Crown":34,"Ornamental Fan":11,"Turnip":24,"Membership Card":0,"Toy Ornithopter":9,"TungstenRod":43},{"Mark of the Bloom":183,"Calipers":124,"Tiny House":127,"CeramicFish":179,"Vajra":59,"HollowMod:VesselMask":0,"Whetstone":0,"Bottled Tornado":112,"Boot":4,"Sling":64,"Blood Vial":56,"Sundial":17,"Philosopher\u0027s Stone":7,"Prayer Wheel":87,"MealTicket":96,"Fusion Hammer":46,"Kunai":20,"Toxic Egg 2":34,"Pear":58,"Happy Flower":55,"Blue Candle":158,"HollowMod:JonisBlessing":0,"Oddly Smooth Stone":119,"Pen Nib":68,"War Paint":68,"Paper Crane":148,"Question Card":155,"Akabeko":73,"WarpedTongs":43,"SlaversCollar":39,"Bottled Flame":11,"Shuriken":123,"Bronze Scales":25,"MutagenicStrength":111,"Bird Faced Urn":111,"Ring of the Serpent":136,"Pocketwatch":0,"Meat on the Bone":106,"Lantern":10,"Regal Pillow":131,"Hallownest:StagBellRelic1":145,"SacredBark":70,"Magic Flower":55,"Mango":18,"StoneCalendar":55,"Juzu Bracelet":17,"Incense Burner":19,"Hallownest:DreamNailRelic":31,"Bag of Preparation":179,"Smiling Mask":4,"Hallownest:GodTamersBeastRelic":54,"Empty Cage":63,"Cursed Key":110,"ClockworkSouvenir":18,"Nunchaku":67,"Dream Catcher":147,"Matryoshka":12,"WristBlade":182,"Pantograph":3,"WingedGreaves":105,"Red Mask":75,"Chemical X":44,"InkBottle":22,"Runic Pyramid":13,"Hallownest:BeastSealRelic":54,"Lee\u0027s Waffle":68,"Golden Idol":106,"Thread and Needle":184,"PreservedInsect":99,"Omamori":173,"Frozen Egg 2":9,"Odd Mushroom":102,"Orichalcum":187,"White Beast Statue":86,"Peace Pipe":81,"Hallownest:WatcherSealRelic":41,"Anchor":134,"Busted Crown":115,"Ornamental Fan":36,"Turnip":130,"Membership Card":55,"Toy Ornithopter":107,"TungstenRod":140},{"Mark of the Bloom":985,"Calipers":675,"Tiny House":688,"CeramicFish":959,"Vajra":325,"HollowMod:VesselMask":0,"Whetstone":0,"Bottled Tornado":608,"Boot":16,"Sling":351,"Blood Vial":314,"Sundial":91,"Philosopher\u0027s Stone":32,"Prayer Wheel":476,"MealTicket":529,"Fusion Hammer":267,"Kunai":105,"Toxic Egg 2":181,"Pear":321,"Happy Flower":310,"Blue Candle":829,"HollowMod:JonisBlessing":0,"Oddly Smooth Stone":643,"Pen Nib":370,"War Paint":370,"Paper Crane":780,"Question Card":814,"Akabeko":387,"WarpedTongs":248,"SlaversCollar":217,"Bottled Flame":55,"Shuriken":667,"Bronze Scales":137,"MutagenicStrength":605,"Bird Faced Urn":605,"Ring of the Serpent":725,"Pocketwatch":0,"Meat on the Bone":582,"Lantern":51,"Regal Pillow":701,"Hallownest:StagBellRelic1":767,"SacredBark":378,"Magic Flower":310,"Mango":100,"StoneCalendar":310,"Juzu Bracelet":91,"Incense Burner":102,"Hallownest:DreamNailRelic":168,"Bag of Preparation":959,"Smiling Mask":16,"Hallownest:GodTamersBeastRelic":299,"Empty Cage":346,"Cursed Key":602,"ClockworkSouvenir":100,"Nunchaku":364,"Dream Catcher":775,"Matryoshka":59,"WristBlade":981,"Pantograph":11,"WingedGreaves":578,"Red Mask":396,"Chemical X":253,"InkBottle":113,"Runic Pyramid":71,"Hallownest:BeastSealRelic":299,"Lee\u0027s Waffle":370,"Golden Idol":582,"Thread and Needle":990,"PreservedInsect":549,"Omamori":913,"Frozen Egg 2":39,"Odd Mushroom":563,"Orichalcum":1003,"White Beast Statue":466,"Peace Pipe":431,"Hallownest:WatcherSealRelic":230,"Anchor":716,"Busted Crown":624,"Ornamental Fan":195,"Turnip":698,"Membership Card":310,"Toy Ornithopter":585,"TungstenRod":739}],"Ring of the Snake":[88]},"card_choices":[{"not_picked":["Backstab","Backflip"],"picked":"Escape Plan","floor":1},{"not_picked":["Blade Dance","Bane","Quick Slash"],"picked":"SKIP","floor":4},{"not_picked":["Crippling Poison","Expertise","PiercingWail"],"picked":"SKIP","floor":5},{"not_picked":["Blade Dance","Eviscerate","Flying Knee"],"picked":"SKIP","floor":7},{"not_picked":["Deflect","Bouncing Flask","Sucker Punch"],"picked":"SKIP","floor":10},{"not_picked":["Dagger Throw","Deadly Poison","Cloak And Dagger"],"picked":"SKIP","floor":11},{"not_picked":["Poisoned Stab","Cloak And Dagger","Heel Hook"],"picked":"SKIP","floor":12},{"not_picked":["Night Terror","Catalyst","Poisoned Stab"],"picked":"SKIP","floor":14},{"not_picked":["Bullet Time","Corpse Explosion"],"picked":"Venomology","floor":16},{"not_picked":["Deflect","Sucker Punch+1"],"picked":"Blur","floor":18},{"not_picked":["Acrobatics","Well Laid Plans"],"picked":"Terror","floor":21},{"not_picked":["Backflip","Catalyst","Outmaneuver"],"picked":"SKIP","floor":22},{"not_picked":["Prepared","Sucker Punch","Distraction"],"picked":"SKIP","floor":24},{"not_picked":["Predator","Skewer","Glass Knife"],"picked":"SKIP","floor":28},{"not_picked":["Backstab","Finisher"],"picked":"Escape Plan+1","floor":29},{"not_picked":["Quick Slash","Sucker Punch","Cloak And Dagger"],"picked":"SKIP","floor":35},{"not_picked":["Dagger Spray+1","Dash"],"picked":"Dodge and Roll","floor":40},{"not_picked":["Deadly Poison+1","Cloak And Dagger"],"picked":"Noxious Fumes+1","floor":41},{"not_picked":["Underhanded Strike","Backflip","PiercingWail"],"picked":"SKIP","floor":42},{"not_picked":["Expertise+1","PiercingWail","Dagger Throw"],"picked":"SKIP","floor":44}],"player_experience":759029,"relics_obtained":[{"floor":9,"key":"Bronze Scales"},{"floor":13,"key":"Omamori"},{"floor":21,"key":"Red Mask"},{"floor":24,"key":"Akabeko"},{"floor":26,"key":"CeramicFish"},{"floor":39,"key":"Paper Crane"},{"floor":40,"key":"Thread and Needle"},{"floor":43,"key":"Sundial"},{"floor":44,"key":"Orichalcum"}],"event_choices":[{"cards_removed":["Strike_G"],"damage_healed":0,"gold_gain":0,"player_choice":"Elegance","damage_taken":0,"max_hp_gain":0,"max_hp_loss":0,"event_name":"Back to Basics","floor":19,"gold_loss":0},{"damage_healed":0,"gold_gain":0,"player_choice":"Ignored","damage_taken":0,"max_hp_gain":0,"max_hp_loss":0,"event_name":"Vampires","floor":20,"gold_loss":0},{"damage_healed":0,"gold_gain":0,"player_choice":"Fought Bandits","damage_taken":0,"max_hp_gain":0,"max_hp_loss":0,"event_name":"Masked Bandits","floor":21,"gold_loss":0},{"damage_healed":0,"gold_gain":0,"player_choice":"Upgrade","damage_taken":0,"relics_obtained":["Mark of the Bloom"],"max_hp_gain":0,"max_hp_loss":0,"event_name":"MindBloom","floor":36,"gold_loss":0,"cards_upgraded":["Defend_G","Defend_G","Defend_G","Defend_G","Defend_G","Survivor","Footwork","Cloak And Dagger","Infinite Blades","Escape Plan","Footwork","Footwork","Blade Dance","Escape Plan","Venomology","Blur","Terror","Accuracy","Escape Plan"]},{"damage_healed":0,"gold_gain":0,"player_choice":"Memory 1","damage_taken":0,"max_hp_gain":0,"max_hp_loss":0,"event_name":"SensoryStone","floor":37,"gold_loss":0},{"damage_healed":0,"gold_gain":222,"player_choice":"Wore Mask","damage_taken":0,"max_hp_gain":0,"max_hp_loss":0,"event_name":"Tomb of Lord Red Mask","floor":45,"gold_loss":0}],"is_beta":false,"boss_relics":[{"not_picked":["Velvet Choker","Pandora\u0027s Box"],"picked":"Philosopher\u0027s Stone"},{"not_picked":["Snecko Eye","SacredBark"],"picked":"WristBlade"}],"items_purged_floors":[0,0,0,0,25,47,48],"is_endless":false,"potions_floor_spawned":[4,5,16,18,22,35,40,41],"ascension_level":12}}