{"host":"7gewg82ormp6yt4e","time":1607698037,"event":{"mods":["BaseMod","Block Reminder","Colored Map","Colored Powertips","DeckTracker","Highlight Path","Minty Spire (QoL Compilation)","Relic Stats","StSLib"],"gold_per_floor":[119,119,119,139,156,156,197,206,229,229,229],"floor_reached":10,"playtime":221,"items_purged":[],"score":132,"play_id":"2b9c70d3-8df7-4a27-8245-8cf5c0ab4d74","local_time":"20201211234717","is_ascension_mode":true,"campfire_choices":[{"data":"Noxious Fumes","floor":6,"key":"SMITH"}],"circlet_count":0,"master_deck":["AscendersBane","Strike_G","Strike_G","Strike_G","Strike_G","Defend_G","Defend_G","Defend_G","Defend_G","Defend_G","Survivor","Neutralize","Noxious Fumes+1","Regret","Reflex","Calculated Gamble","Skewer","Blur"],"relics":["Ring of the Snake","NeowsBlessing","Blue Candle","FossilizedHelix","CeramicFish","Anchor"],"acts_visited":["Exordium"],"potions_floor_usage":[],"damage_taken":[{"damage":0,"enemies":"Jaw Worm","floor":1,"turns":1},{"damage":0,"enemies":"Small Slimes","floor":4,"turns":1},{"damage":0,"enemies":"Cultist","floor":5,"turns":1},{"damage":51,"enemies":"Gremlin Nob","floor":7,"turns":6},{"damage":3,"enemies":"Lagavulin","floor":10,"turns":5}],"seed_played":"7885524059548261022","potions_obtained":[],"is_trial":false,"path_per_floor":["M","?","T","M","M","R","E","?","T","E"],"character_chosen":"THE_SILENT","items_purchased":[],"campfire_rested":0,"item_purchase_floors":[],"current_hp_per_floor":[59,59,59,59,59,59,8,8,8,5,5],"gold":229,"neow_bonus":"THREE_ENEMY_KILL","is_daily":false,"chose_seed":false,"campfire_upgraded":1,"win_rate":0.0,"timestamp":1607698037,"path_taken":["M","?","?","?","M","R","E","?","T","E"],"items_purchased_type":[],"build_version":"2020-11-30","purchased_purges":0,"victory":false,"max_hp_per_floor":[66,66,66,66,66,66,66,66,66,66,66],"relic_stats":{"counters":[5,14],"Blue Candle":[2],"CeramicFish":18,"obtain_stats":[{"Anchor":9,"NeowsBlessing":0,"Blue Candle":2,"CeramicFish":7,"FossilizedHelix":3,"Ring of the Snake":0},{"Anchor":4,"NeowsBlessing":0,"Blue Candle":1,"CeramicFish":4,"FossilizedHelix":1,"Ring of the Snake":0},{"Anchor":9,"NeowsBlessing":0,"Blue Candle":1,"CeramicFish":9,"FossilizedHelix":1,"Ring of the Snake":0}],"Ring of the Snake":[10]},"card_choices":[{"not_picked":["PiercingWail","Quick Slash"],"picked":"Noxious Fumes","floor":1},{"not_picked":["Deflect","Accuracy"],"picked":"Reflex","floor":4},{"not_picked":["Dagger Spray","Outmaneuver"],"picked":"Calculated Gamble","floor":5},{"not_picked":["PiercingWail","Flechettes"],"picked":"Skewer","floor":7}],"player_experience":2312212,"relics_obtained":[{"floor":3,"key":"FossilizedHelix"},{"floor":7,"key":"CeramicFish"},{"floor":9,"key":"Anchor"}],"event_choices":[{"damage_healed":0,"gold_gain":0,"player_choice":"Box","damage_taken":0,"relics_obtained":["Blue Candle"],"max_hp_gain":0,"max_hp_loss":0,"event_name":"Big Fish","floor":2,"gold_loss":0,"cards_obtained":["Regret"]},{"damage_healed":0,"gold_gain":0,"cards_transformed":["Strike_G"],"player_choice":"Transformed","damage_taken":0,"max_hp_gain":0,"max_hp_loss":0,"event_name":"Transmorgrifier","floor":8,"gold_loss":0,"cards_obtained":["Blur"]}],"is_beta":false,"boss_relics":[],"items_purged_floors":[],"is_endless":false,"potions_floor_spawned":[],"killed_by":"Lagavulin","ascension_level":20}}