{"host":"pszcj3piwl6eu8b1","time":1607707289,"event":{"mods":["2.2 Compatiblity","Act Like it!","Aspiration","BaseMod","Better Altar","Better Match","Better Note","Better Sensory Stone","Better Skull","Better Third Choice","Better Vampires","CCEM","CapriCore","Downfall","Elementarium","Energized Spire","Gensokyo","GifTheSpireLib","Hallownest","Hermit","Hubris","Humility","Jorbs\u0027s Wanderer Trilogy","Marisa????????","Marked Mod","Menagerie","Minty Spire (QoL Compilation)","Permanent Neow","Quarter Circle Forward PUNCH!","Quick Restart","RNG Fix","Replay The Spire","Shop Mod","StSLib","Stuff the Spire","The Animator","The Blue Laboratory","The Hayseed","The Immortal","Wandering Minibosses","vexMod"],"gold_per_floor":[14,25,41,41,67,67,240,252,278,278,177,212,201,201,201,201,201],"floor_reached":16,"playtime":1288,"items_purged":["Pain"],"score":190,"play_id":"2fabd41b-9e52-4b73-81ff-6b2826b7d85c","local_time":"20201211092129","is_ascension_mode":true,"campfire_choices":[{"data":"animator:MamiTomoe","floor":6.0,"key":"SMITH"},{"floor":10.0,"key":"REST"},{"data":"animator:IrohaTamaki","floor":15,"key":"SMITH"}],"circlet_count":0,"master_deck":["AscendersBane","animator:Strike_MadokaMagica","animator:Defend_MadokaMagica","animator:Strike","animator:Strike","animator:Defend","animator:Defend","animator:IrohaTamaki+1","animator:YuiTsuruno","animator:Elsword","animator:MamiTomoe+1","animator:PinaCoLada+1","animator:Biyorigo+1","animator:Boros+1","animator:Boros","Replay:Sluggish","animator:YachiyoNanami"],"relics":["animator:LivingPicture","animator:TheMissingPiece","animator:PurgingStone","Gensokyo:LunaticRedEyes","ReplayFunnel","ReplayTheSpireMod:CursedCoin","qcfpunch:Wrestler\u0027s_Cloak"],"acts_visited":["Gensokyo:Gensokyo"],"potions_floor_usage":[],"damage_taken":[{"damage":6.0,"enemies":"Gensokyo:Gryphon","floor":1.0,"turns":4.0},{"damage":0.0,"enemies":"Gensokyo:3_Fairies","floor":2.0,"turns":3.0},{"damage":10.0,"enemies":"Gensokyo:2_Kodama","floor":3.0,"turns":5.0},{"damage":11.0,"enemies":"Gensokyo:2_Rabbits","floor":5.0,"turns":3.0},{"damage":7.0,"enemies":"Gensokyo:Gryphon_and_Rabbit","floor":8.0,"turns":4.0},{"damage":17,"enemies":"Gensokyo:Mamizou","floor":12,"turns":7},{"damage":15,"enemies":"Gensokyo:Reimu","floor":16,"turns":3}],"seed_played":"-5131868304115051171","potions_obtained":[{"floor":1.0,"key":"LiquidMemories"},{"floor":3.0,"key":"DistilledChaos"},{"floor":12,"key":"blueLaboratory:BottleOfRum"}],"is_trial":false,"path_per_floor":["M","M","M","?","M","R","?","M","T","R","?","E","$","T","R","B"],"character_chosen":"THE_ANIMATOR","items_purchased":["ReplayTheSpireMod:CursedCoin","animator:YachiyoNanami"],"campfire_rested":1,"item_purchase_floors":[13,13],"current_hp_per_floor":[48,48,38,38,27,27,11,4,4,22,22,11,11,11,11,0,0],"gold":201,"neow_bonus":"REMOVE_TWO","is_daily":false,"chose_seed":false,"campfire_upgraded":2,"win_rate":0.0,"timestamp":1607707289,"path_taken":["M","?","M","?","M","R","?","M","T","R","?","E","$","?","R","BOSS"],"items_purchased_type":["Relic","Card"],"build_version":"2020-11-30","purchased_purges":1,"victory":false,"max_hp_per_floor":[60,60,60,60,60,60,60,60,60,60,60,60,60,60,60,60,60],"card_choices":[{"not_picked":["animator:Tyuule","animator:Vanir","animator:Mitsuba"],"picked":"SKIP","floor":1.0},{"not_picked":["animator:Priestess","animator:MumenRider","animator:ElricEdward"],"picked":"SKIP","floor":2.0},{"not_picked":["animator:Illya","animator:Mitsuba"],"picked":"animator:Elsword","floor":3.0},{"not_picked":["animator:YuiTsuruno","animator:OrikoMikuni"],"picked":"animator:MamiTomoe","floor":5.0},{"not_picked":["animator:Mitsurugi","animator:LeleiLaLalena","animator:Megumin"],"picked":"SKIP","floor":8.0},{"not_picked":["animator:Biyorigo+1","animator:Shizu+1"],"picked":"animator:PinaCoLada+1","floor":11},{"not_picked":["animator:HigakiRinne+1","animator:Shiro+1"],"picked":"animator:Biyorigo+1","floor":11},{"not_picked":["animator:Shizu+1","animator:AcuraShin+1"],"picked":"animator:Boros+1","floor":11},{"not_picked":["animator:Vesta","animator:SakuraMatou"],"picked":"animator:Boros","floor":12}],"player_experience":1541196,"relics_obtained":[{"floor":12,"key":"ReplayFunnel"},{"floor":14,"key":"qcfpunch:Wrestler\u0027s_Cloak"}],"event_choices":[{"damage_healed":0.0,"max_hp_gain":0.0,"max_hp_loss":0.0,"gold_gain":173.0,"event_name":"betterSkull:BetterSkull","player_choice":"GO GO ","floor":7.0,"gold_loss":0.0,"damage_taken":18.0,"cards_upgraded":[],"relics_obtained":[]},{"damage_healed":0,"gold_gain":0,"player_choice":"3","damage_taken":0,"max_hp_gain":0,"max_hp_loss":0,"event_name":"betterMatch:BetterMatch","floor":11,"gold_loss":0,"cards_obtained":["betterMatch:RareCard"]}],"is_beta":false,"boss_relics":[],"items_purged_floors":[13],"is_endless":false,"potions_floor_spawned":[1,3,12],"killed_by":"Gensokyo:Reimu","ascension_level":20}}