{"host":"jm9833yuloeli2yd","time":1607723784,"event":{"mods":["AchievementEnabler","BaseMod","Better Altar","Better Match","Better Note","Better Sensory Stone","Better Skull","Better Vampires","Colored Map","Colored Powertips","DeckTracker","Minty Spire (QoL Compilation)","Permanent Neow","Quick Restart","StSLib","SuperFastMode"],"gold_per_floor":[117,117,117,130,150,150,175,175,175,192,192,225,225,260,260,260,260],"floor_reached":16,"playtime":369,"items_purged":[],"score":207,"play_id":"07b610fc-cb09-4728-831d-d8d051a21b11","local_time":"20201211165624","is_ascension_mode":true,"campfire_choices":[{"data":"Dagger Spray","floor":6.0,"key":"SMITH"},{"data":"Neutralize","floor":8.0,"key":"SMITH"},{"floor":13.0,"key":"REST"},{"data":"Night Terror","floor":15.0,"key":"SMITH"}],"circlet_count":0,"master_deck":["AscendersBane","Strike_G","Strike_G","Strike_G","Strike_G","Strike_G","Defend_G","Defend_G","Defend_G","Defend_G","Defend_G","Survivor","Neutralize+1","Dagger Spray+1","Flash of Steel","Pain","Poisoned Stab+1","Night Terror+1","Masterful Stab","Footwork"],"relics":["Ring of the Snake","NeowsBlessing","WarpedTongs","Kunai","Oddly Smooth Stone","Question Card","Incense Burner"],"acts_visited":["Exordium"],"potions_floor_usage":[16],"damage_taken":[{"damage":0.0,"enemies":"2 Louse","floor":1.0,"turns":1.0},{"damage":1.0,"enemies":"Small Slimes","floor":4.0,"turns":1.0},{"damage":0.0,"enemies":"Cultist","floor":5.0,"turns":1.0},{"damage":29.0,"enemies":"Lagavulin","floor":7.0,"turns":7.0},{"damage":0.0,"enemies":"3 Louse","floor":10.0,"turns":2.0},{"damage":13.0,"enemies":"3 Sentries","floor":12.0,"turns":4.0},{"damage":12.0,"enemies":"Lagavulin","floor":14.0,"turns":7.0},{"damage":26,"enemies":"Hexaghost","floor":16,"turns":16}],"seed_played":"4086733619757824249","potions_obtained":[{"floor":5.0,"key":"GamblersBrew"},{"floor":10.0,"key":"Strength Potion"},{"floor":14.0,"key":"GhostInAJar"}],"is_trial":false,"path_per_floor":["M","?","?","M","M","R","E","R","T","M","?","E","R","E","R","B"],"character_chosen":"THE_SILENT","items_purchased":[],"campfire_rested":1,"item_purchase_floors":[],"current_hp_per_floor":[59,59,59,58,58,58,29,29,29,29,29,16,35,23,23,0,0],"gold":260,"neow_bonus":"THREE_ENEMY_KILL","is_daily":false,"chose_seed":false,"campfire_upgraded":3,"win_rate":0.0,"timestamp":1607723784,"path_taken":["M","?","?","?","M","R","E","R","T","M","?","E","R","E","R","BOSS"],"items_purchased_type":[],"build_version":"2020-11-30","purchased_purges":0,"victory":false,"max_hp_per_floor":[66,66,66,66,66,66,66,66,66,66,66,66,66,66,66,66,66],"card_choices":[{"not_picked":["Backflip","Quick Slash"],"picked":"Dagger Spray","floor":1.0},{"not_picked":["Master of Strategy","Impatience"],"picked":"Flash of Steel","floor":2.0},{"not_picked":["Deflect","Deadly Poison"],"picked":"Poisoned Stab","floor":4.0},{"not_picked":["Dagger Spray","Prepared","Storm of Steel"],"picked":"SKIP","floor":5.0},{"not_picked":["Skewer","Prepared"],"picked":"Night Terror","floor":7.0},{"not_picked":["Dagger Spray","Deadly Poison"],"picked":"Masterful Stab","floor":10.0},{"not_picked":["Expertise","Choke","Riddle With Holes"],"picked":"SKIP","floor":12.0},{"not_picked":["Flying Knee","Sucker Punch","Bane"],"picked":"Footwork","floor":14.0}],"player_experience":1026204,"relics_obtained":[{"floor":7.0,"key":"Kunai"},{"floor":9.0,"key":"Oddly Smooth Stone"},{"floor":12.0,"key":"Question Card"},{"floor":14.0,"key":"Incense Burner"}],"event_choices":[{"damage_healed":0.0,"max_hp_gain":0.0,"max_hp_loss":0.0,"gold_gain":1.0,"event_name":"betterStone:BetterStone","player_choice":"1","floor":2.0,"gold_loss":0.0,"damage_taken":0.0},{"damage_healed":0.0,"max_hp_gain":0.0,"max_hp_loss":0.0,"gold_gain":0.0,"event_name":"Accursed Blacksmith","player_choice":"Rummage","floor":3.0,"gold_loss":0.0,"damage_taken":0.0,"relics_obtained":["WarpedTongs"],"cards_obtained":["Pain"]},{"damage_healed":0.0,"max_hp_gain":0.0,"max_hp_loss":0.0,"gold_gain":0.0,"event_name":"Living Wall","player_choice":"Grow","floor":11.0,"gold_loss":0.0,"damage_taken":0.0,"cards_upgraded":["Poisoned Stab"]}],"is_beta":false,"boss_relics":[],"items_purged_floors":[],"is_endless":false,"potions_floor_spawned":[5,10,14],"killed_by":"Hexaghost","ascension_level":15}}