{"host":"sq65xgedotq5nei3","time":1607660784,"event":{"mods":["AchievementEnabler","BaseMod","Colored Powertips","Minty Spire (QoL Compilation)","Permanent Neow","Rare Cards Sparkle","StSLib","SuperFastMode"],"gold_per_floor":[109,109,109,34,34,34,67,67,67,99,118,18,18,47,47,124,124,141,141,155,170,70,70,103,121,121,136,136,11,11,191,191,268,268,278,128,128,144,162,162,162],"floor_reached":40,"playtime":1223,"items_purged":["Strike_R","Strike_R","Strike_R+1","Defend_R+1"],"score":757,"play_id":"8d5ac05f-b9a9-4e6b-a515-5df55797e23b","local_time":"20201211152624","is_ascension_mode":true,"campfire_choices":[{"data":"Inflame","floor":6,"key":"SMITH"},{"floor":8,"key":"REST"},{"floor":13,"key":"REST"},{"data":"Demon Form","floor":15,"key":"SMITH"},{"data":"Entrench","floor":23,"key":"SMITH"},{"floor":28,"key":"REST"},{"data":"Heavy Blade","floor":30,"key":"SMITH"},{"floor":32,"key":"REST"}],"circlet_count":0,"master_deck":["AscendersBane","Strike_R+1","Strike_R+1","Defend_R+1","Defend_R+1","Defend_R+1","Bash","Apotheosis+1","Inflame+1","Entrench+1","Heavy Blade+1","Demon Form+1","Reaper","Bloodletting","Limit Break","Flex"],"relics":["Black Blood","Bag of Preparation","Ancient Tea Set","Letter Opener","StoneCalendar","HornCleat","Black Star","Lizard Tail","Lantern","Blue Candle","Nunchaku"],"acts_visited":["Exordium","TheCity","TheBeyond"],"potions_floor_usage":[10,14,18,20,25,33,33],"damage_taken":[{"damage":2,"enemies":"Jaw Worm","floor":1,"turns":4},{"damage":30,"enemies":"3 Sentries","floor":7,"turns":10},{"damage":27,"enemies":"Gremlin Nob","floor":10,"turns":4},{"damage":4,"enemies":"Small Slimes","floor":11,"turns":4},{"damage":4,"enemies":"3 Sentries","floor":14,"turns":7},{"damage":6,"enemies":"Slime Boss","floor":16,"turns":5},{"damage":23,"enemies":"Chosen","floor":18,"turns":5},{"damage":32,"enemies":"3 Byrds","floor":20,"turns":7},{"damage":10,"enemies":"Snecko","floor":21,"turns":5},{"damage":83,"enemies":"Slavers","floor":24,"turns":7},{"damage":29,"enemies":"Sentry and Sphere","floor":25,"turns":7},{"damage":19,"enemies":"Centurion and Healer","floor":27,"turns":8},{"damage":37,"enemies":"Collector","floor":33,"turns":5},{"damage":73,"enemies":"3 Darklings","floor":35,"turns":7},{"damage":30,"enemies":"Orb Walker","floor":38,"turns":4},{"damage":70,"enemies":"Jaw Worm Horde","floor":39,"turns":7},{"damage":116,"enemies":"Nemesis","floor":40,"turns":8}],"seed_played":"4173220951981629391","potions_obtained":[{"floor":1,"key":"Weak Potion"},{"floor":10,"key":"Energy Potion"},{"floor":16,"key":"Fire Potion"},{"floor":18,"key":"BloodPotion"},{"floor":24,"key":"Energy Potion"},{"floor":25,"key":"PowerPotion"},{"floor":35,"key":"FairyPotion"}],"is_trial":false,"path_per_floor":["M","?","?","$","?","R","E","R","T","E","M","$","R","E","R","B",null,"M","?","M","M","?","R","E","M","T","M","R","$","R","?","R","B",null,"M","$","?","M","M","E"],"character_chosen":"IRONCLAD","items_purchased":[],"campfire_rested":4,"item_purchase_floors":[],"current_hp_per_floor":[54,54,54,54,36,36,12,34,34,13,15,15,37,39,39,39,66,57,57,52,59,59,59,43,24,24,21,43,43,43,18,40,37,66,29,29,75,63,20,0,0],"gold":162,"neow_bonus":"RANDOM_COLORLESS_2","is_daily":false,"chose_seed":false,"campfire_upgraded":4,"win_rate":0.0,"timestamp":1607660784,"path_taken":["M","?","?","$","?","R","E","R","T","E","M","?","R","E","R","BOSS","M","?","M","M","?","R","E","?","T","M","R","?","R","?","R","BOSS","M","?","?","M","?","E"],"items_purchased_type":[],"build_version":"2020-11-30","purchased_purges":4,"victory":false,"max_hp_per_floor":[75,75,75,75,75,75,75,75,75,75,75,75,75,75,75,75,75,75,75,75,75,75,75,75,75,75,75,75,75,75,75,75,75,75,75,75,75,75,75,75,75],"card_choices":[{"not_picked":["Mayhem","Violence"],"picked":"Apotheosis","floor":0},{"not_picked":["Iron Wave","Cleave"],"picked":"Inflame","floor":1},{"not_picked":["Headbutt","Hemokinesis","True Grit"],"picked":"SKIP","floor":7},{"not_picked":["Feed","Inflame"],"picked":"Entrench","floor":10},{"not_picked":["Flex","Fire Breathing"],"picked":"Heavy Blade","floor":11},{"not_picked":["Rampage","Anger"],"picked":"Demon Form","floor":14},{"not_picked":["Corruption","Immolate"],"picked":"Reaper","floor":16},{"not_picked":["Pommel Strike","Infernal Blade","Armaments"],"picked":"SKIP","floor":18},{"not_picked":["Sword Boomerang","Thunderclap","Cleave"],"picked":"SKIP","floor":20},{"not_picked":["Iron Wave+1","Pommel Strike","Reckless Charge"],"picked":"SKIP","floor":21},{"not_picked":["Anger+1","Sentinel"],"picked":"Bloodletting","floor":24},{"not_picked":["Reaper","Headbutt","Cleave+1"],"picked":"SKIP","floor":25},{"not_picked":["Power Through","Rampage","Rupture"],"picked":"SKIP","floor":27},{"not_picked":["Reaper","Offering"],"picked":"Limit Break","floor":33},{"not_picked":["Anger","Twin Strike","Cleave"],"picked":"SKIP","floor":35},{"not_picked":["Heavy Blade","Cleave+1"],"picked":"Flex","floor":38},{"not_picked":["Armaments","True Grit","Sword Boomerang+1"],"picked":"SKIP","floor":39}],"player_experience":747547,"relics_obtained":[{"floor":7,"key":"Ancient Tea Set"},{"floor":9,"key":"Letter Opener"},{"floor":10,"key":"StoneCalendar"},{"floor":14,"key":"HornCleat"},{"floor":24,"key":"Lantern"},{"floor":24,"key":"Blue Candle"},{"floor":26,"key":"Nunchaku"}],"event_choices":[{"damage_healed":0,"gold_gain":0,"player_choice":"Ignored","damage_taken":0,"max_hp_gain":0,"max_hp_loss":0,"event_name":"Liars Game","floor":2,"gold_loss":0},{"damage_healed":0,"gold_gain":0,"player_choice":"Grow","damage_taken":0,"max_hp_gain":0,"max_hp_loss":0,"event_name":"Living Wall","floor":3,"gold_loss":0,"cards_upgraded":["Apotheosis"]},{"damage_healed":0,"gold_gain":0,"player_choice":"Success","damage_taken":18,"relics_obtained":["Bag of Preparation"],"max_hp_gain":0,"max_hp_loss":0,"event_name":"Scrap Ooze","floor":5,"gold_loss":0},{"damage_healed":0,"gold_gain":0,"player_choice":"Simplicity","damage_taken":0,"max_hp_gain":0,"max_hp_loss":0,"event_name":"Back to Basics","floor":19,"gold_loss":0,"cards_upgraded":["Strike_R","Strike_R","Strike_R","Defend_R","Defend_R","Defend_R","Defend_R"]},{"damage_healed":0,"gold_gain":0,"player_choice":"Paid Gold","damage_taken":0,"relics_obtained":["Lizard Tail"],"max_hp_gain":0,"max_hp_loss":0,"event_name":"WeMeetAgain","floor":22,"gold_loss":100},{"damage_healed":0,"gold_gain":180,"player_choice":"POTION GOLD GOLD ","damage_taken":25,"max_hp_gain":0,"max_hp_loss":0,"event_name":"Knowing Skull","floor":31,"potions_obtained":["LiquidMemories"],"gold_loss":0,"cards_obtained":[]},{"damage_healed":46,"gold_gain":0,"player_choice":"Full Heal","damage_taken":0,"max_hp_gain":0,"max_hp_loss":0,"event_name":"Wheel of Change","floor":37,"gold_loss":0}],"is_beta":false,"boss_relics":[{"not_picked":["Pandora\u0027s Box","Fusion Hammer"],"picked":"Black Star"},{"not_picked":["Coffee Dripper","Empty Cage"],"picked":"Black Blood"}],"items_purged_floors":[4,12,29,36],"is_endless":false,"potions_floor_spawned":[1,10,16,18,24,25,35],"killed_by":"Nemesis","ascension_level":14}}