{"host":"7pe9xwx78c6nlay8","time":1607698113,"event":{"mods":["BaseMod","Minty Spire (QoL Compilation)"],"gold_per_floor":[111,131,148,160,63,90,90,119,168,243,243,243],"floor_reached":11,"playtime":317,"items_purged":["Defend_P"],"score":146,"play_id":"9718d0ae-aac6-43c4-97e0-87d04f91f59d","local_time":"20201211224833","is_ascension_mode":true,"campfire_choices":[{"data":"Eruption","floor":7.0,"key":"SMITH"}],"circlet_count":0,"master_deck":["Strike_P","Strike_P","Strike_P","Strike_P","Defend_P","Defend_P","Defend_P","Eruption+1","Vigilance","EmptyBody","DevaForm","EmptyFist","FearNoEvil","FollowUp","TalkToTheHand","DeusExMachina"],"relics":["PureWater","NeowsBlessing","Lantern","Shuriken","Damaru"],"acts_visited":["Exordium"],"potions_floor_usage":[],"damage_taken":[{"damage":0.0,"enemies":"2 Louse","floor":1.0,"turns":1.0},{"damage":0.0,"enemies":"Cultist","floor":2.0,"turns":1.0},{"damage":0.0,"enemies":"Jaw Worm","floor":3.0,"turns":1.0},{"damage":6.0,"enemies":"3 Louse","floor":4.0,"turns":5.0},{"damage":21.0,"enemies":"Lagavulin","floor":6.0,"turns":6.0},{"damage":0.0,"enemies":"Gremlin Nob","floor":8.0,"turns":2.0},{"damage":40,"enemies":"3 Sentries","floor":11,"turns":6}],"seed_played":"4245055961346314740","potions_obtained":[{"floor":2.0,"key":"SkillPotion"},{"floor":6.0,"key":"Strength Potion"},{"floor":8.0,"key":"Fruit Juice"}],"is_trial":false,"path_per_floor":["M","M","M","M","$","E","R","E","T","?","E"],"character_chosen":"WATCHER","items_purchased":["FollowUp"],"campfire_rested":0,"item_purchase_floors":[5],"current_hp_per_floor":[65,65,65,59,59,38,38,43,43,36,0,0],"gold":243,"neow_bonus":"THREE_ENEMY_KILL","is_daily":false,"chose_seed":false,"campfire_upgraded":1,"win_rate":0.0,"timestamp":1607698113,"path_taken":["M","M","M","M","$","E","R","E","T","?","E"],"items_purchased_type":["Card"],"build_version":"2020-11-30","purchased_purges":1,"victory":false,"max_hp_per_floor":[72,72,72,72,72,72,72,77,77,77,77,77],"card_choices":[{"not_picked":["Protect","ClearTheMind"],"picked":"EmptyBody","floor":1.0},{"not_picked":["WreathOfFlame","FlyingSleeves"],"picked":"DevaForm","floor":2.0},{"not_picked":["ClearTheMind","CarveReality"],"picked":"EmptyFist","floor":3.0},{"not_picked":["FollowUp","SandsOfTime"],"picked":"FearNoEvil","floor":4.0},{"not_picked":["EmptyMind","DeceiveReality"],"picked":"TalkToTheHand","floor":6.0},{"not_picked":["Wallop","Worship"],"picked":"DeusExMachina","floor":8.0}],"player_experience":1497596,"relics_obtained":[{"floor":6.0,"key":"Lantern"},{"floor":8.0,"key":"Shuriken"},{"floor":9.0,"key":"Damaru"}],"event_choices":[{"damage_healed":0,"gold_gain":75,"player_choice":"Touch","damage_taken":7,"max_hp_gain":0,"max_hp_loss":0,"event_name":"FaceTrader","floor":10,"gold_loss":0}],"is_beta":false,"boss_relics":[],"items_purged_floors":[5],"is_endless":false,"potions_floor_spawned":[2,6,8],"killed_by":"3 Sentries","ascension_level":7}}