{"host":"fevvm7bbzuh4s1jc","time":1607655271,"event":{"mods":["BaseMod","Highlight Path","Minty Spire (QoL Compilation)","Relic Stats"],"gold_per_floor":[218,236,42,57,57,57,91,91,117,133,163,178,178,230,230,307,307,320,9,22,72,83,83,114,114,164,254,254,269,269,284,284,361,361,379,395,395,411,425,425,445,445,445],"floor_reached":42,"playtime":2160,"items_purged":["Strike_G","Strike_G"],"score":860,"play_id":"220e4441-ccf9-4666-aad8-8d9dcc2f96a4","local_time":"20201210215431","is_ascension_mode":true,"campfire_choices":[{"data":"Footwork","floor":6.0,"key":"SMITH"},{"data":"Neutralize","floor":8.0,"key":"SMITH"},{"floor":13.0,"key":"REST"},{"data":"Well Laid Plans","floor":15.0,"key":"SMITH"},{"data":"Corpse Explosion","floor":23.0,"key":"SMITH"},{"data":"Dash","floor":25,"key":"SMITH"},{"floor":28,"key":"REST"},{"floor":30,"key":"REST"},{"data":"Noxious Fumes","floor":32,"key":"SMITH"},{"floor":40,"key":"REST"}],"circlet_count":0,"master_deck":["AscendersBane","Strike_G","Defend_G","Defend_G","Defend_G","Defend_G+1","Defend_G","Survivor","Neutralize+1","Poisoned Stab","Poisoned Stab","Dash+1","Footwork+1","Backstab","PiercingWail","Well Laid Plans+1","Corpse Explosion+1","Footwork","Noxious Fumes+1","Die Die Die","Blade Dance+1","Dodge and Roll","Crippling Poison","Acrobatics"],"relics":["Ring of the Snake","Happy Flower","Ninja Scroll","MealTicket","Bronze Scales","Empty Cage","Orrery","Tiny Chest","War Paint","Cursed Key"],"acts_visited":["Exordium","TheCity","TheBeyond"],"potions_floor_usage":[24,33,36,39,42,42],"damage_taken":[{"damage":1.0,"enemies":"Small Slimes","floor":1.0,"turns":5.0},{"damage":1.0,"enemies":"2 Louse","floor":2.0,"turns":4.0},{"damage":0.0,"enemies":"Cultist","floor":4.0,"turns":3.0},{"damage":32.0,"enemies":"Gremlin Nob","floor":7.0,"turns":4.0},{"damage":0.0,"enemies":"Blue Slaver","floor":10.0,"turns":2.0},{"damage":18.0,"enemies":"Lagavulin","floor":11.0,"turns":10.0},{"damage":0.0,"enemies":"Large Slime","floor":12.0,"turns":4.0},{"damage":1.0,"enemies":"The Guardian","floor":16.0,"turns":12.0},{"damage":13.0,"enemies":"Chosen","floor":18.0,"turns":5.0},{"damage":17.0,"enemies":"Shell Parasite","floor":20.0,"turns":5.0},{"damage":7.0,"enemies":"Snecko","floor":22.0,"turns":5.0},{"damage":13,"enemies":"Gremlin Leader","floor":24,"turns":6},{"damage":0,"enemies":"Cultist and Chosen","floor":29,"turns":5},{"damage":8,"enemies":"Centurion and Healer","floor":31,"turns":5},{"damage":3,"enemies":"Collector","floor":33,"turns":11},{"damage":1,"enemies":"Orb Walker","floor":35,"turns":4},{"damage":5,"enemies":"3 Darklings","floor":36,"turns":2},{"damage":51,"enemies":"Transient","floor":38,"turns":6},{"damage":1,"enemies":"4 Shapes","floor":39,"turns":5},{"damage":3,"enemies":"Sphere and 2 Shapes","floor":41,"turns":6},{"damage":45,"enemies":"Giant Head","floor":42,"turns":7}],"seed_played":"-8733432039284718788","potions_obtained":[{"floor":4.0,"key":"PowerPotion"},{"floor":10.0,"key":"SpeedPotion"},{"floor":11.0,"key":"BlessingOfTheForge"},{"floor":18.0,"key":"Dexterity Potion"},{"floor":33,"key":"DistilledChaos"},{"floor":35,"key":"Fruit Juice"},{"floor":38,"key":"EntropicBrew"},{"floor":41,"key":"Poison Potion"}],"is_trial":false,"path_per_floor":["M","M","$","M","?","R","E","R","T","M","E","M","R","?","R","B",null,"M","$","M","?","M","R","E","R","T","?","R","M","R","M","R","B",null,"M","M","?","M","M","R","M","E"],"character_chosen":"THE_SILENT","items_purchased":["Dash","Footwork","Orrery","Strength Potion"],"campfire_rested":4,"item_purchase_floors":[3,3,19,19],"current_hp_per_floor":[58,57,57,57,52,52,20,20,20,20,2,2,21,21,21,20,55,42,57,40,40,33,33,20,20,20,8,27,27,46,38,38,35,58,57,52,52,1,5,26,23,0,0],"gold":445,"neow_bonus":"HUNDRED_GOLD","is_daily":false,"chose_seed":false,"campfire_upgraded":6,"win_rate":0.0,"timestamp":1607655271,"path_taken":["M","M","$","M","?","R","E","R","T","M","E","M","R","?","R","BOSS","M","$","M","?","M","R","E","R","T","?","R","M","R","?","R","BOSS","M","M","?","M","M","R","M","E"],"items_purchased_type":["Card","Card","Relic","Potion"],"build_version":"2020-11-30","purchased_purges":2,"victory":false,"max_hp_per_floor":[66,66,66,66,66,66,66,66,66,66,66,66,66,66,66,66,66,66,66,66,66,66,66,66,66,66,66,66,66,66,66,66,66,66,66,66,66,66,71,71,71,71,71],"relic_stats":{"Happy Flower":[34],"counters":[21,116],"Bronze Scales":[198],"MealTicket":15,"Tiny Chest":0,"War Paint":["Blade Dance","Defend_G"],"Cursed Key":0,"obtain_stats":[{"Happy Flower":5,"Ninja Scroll":7,"Bronze Scales":11,"Orrery":19,"MealTicket":9,"Tiny Chest":24,"War Paint":26,"Empty Cage":17,"Cursed Key":34,"Ring of the Snake":0},{"Happy Flower":3,"Ninja Scroll":4,"Bronze Scales":6,"Orrery":9,"MealTicket":4,"Tiny Chest":12,"War Paint":12,"Empty Cage":8,"Cursed Key":15,"Ring of the Snake":0},{"Happy Flower":12,"Ninja Scroll":16,"Bronze Scales":28,"Orrery":49,"MealTicket":16,"Tiny Chest":65,"War Paint":65,"Empty Cage":44,"Cursed Key":86,"Ring of the Snake":0}],"Ring of the Snake":[42]},"card_choices":[{"not_picked":["Dodge and Roll","Flechettes"],"picked":"Poisoned Stab","floor":1.0},{"not_picked":["Slice","Endless Agony"],"picked":"Poisoned Stab","floor":2.0},{"not_picked":["Flying Knee","Eviscerate","Flechettes"],"picked":"SKIP","floor":4.0},{"not_picked":["Outmaneuver","Calculated Gamble"],"picked":"Backstab","floor":7.0},{"not_picked":["Flying Knee","Masterful Stab"],"picked":"PiercingWail","floor":10.0},{"not_picked":["Night Terror","Deadly Poison","Outmaneuver"],"picked":"SKIP","floor":11.0},{"not_picked":["Leg Sweep","Slice"],"picked":"Well Laid Plans","floor":12.0},{"not_picked":["Doppelganger","Malaise"],"picked":"Corpse Explosion","floor":16.0},{"not_picked":["Sucker Punch+1","Distraction","Infinite Blades"],"picked":"SKIP","floor":18.0},{"not_picked":["Backflip","Deflect"],"picked":"Footwork","floor":19.0},{"not_picked":["Catalyst","Skewer"],"picked":"Noxious Fumes","floor":19.0},{"not_picked":["Flechettes","Dagger Throw"],"picked":"Die Die Die","floor":19.0},{"not_picked":["Sucker Punch","Flying Knee"],"picked":"Blade Dance","floor":20.0},{"not_picked":["Slice","Well Laid Plans+1","Cloak And Dagger"],"picked":"SKIP","floor":22.0},{"not_picked":["Storm of Steel","Expertise","Bane"],"picked":"SKIP","floor":24},{"not_picked":["Concentrate","Bane","Acrobatics"],"picked":"SKIP","floor":29},{"not_picked":["All Out Attack","Outmaneuver"],"picked":"Dodge and Roll","floor":31},{"not_picked":["Cloak And Dagger+1","Sucker Punch+1"],"picked":"Crippling Poison","floor":35},{"not_picked":["Slice+1","Deadly Poison","Cloak And Dagger"],"picked":"SKIP","floor":36},{"not_picked":["Bane+1","Dagger Spray"],"picked":"Acrobatics","floor":38},{"not_picked":["All Out Attack+1","Outmaneuver+1","Sucker Punch+1"],"picked":"SKIP","floor":39},{"not_picked":["Storm of Steel","Flechettes","Masterful Stab+1"],"picked":"SKIP","floor":41}],"player_experience":2531139,"relics_obtained":[{"floor":7.0,"key":"Ninja Scroll"},{"floor":9.0,"key":"MealTicket"},{"floor":11.0,"key":"Bronze Scales"},{"floor":24,"key":"Tiny Chest"},{"floor":26,"key":"War Paint"}],"event_choices":[{"damage_healed":0.0,"max_hp_gain":0.0,"max_hp_loss":0.0,"gold_gain":0.0,"event_name":"Scrap Ooze","player_choice":"Success","floor":5.0,"gold_loss":0.0,"damage_taken":5.0,"relics_obtained":["Happy Flower"]},{"damage_healed":0.0,"max_hp_gain":0.0,"max_hp_loss":0.0,"gold_gain":52.0,"event_name":"Golden Wing","player_choice":"Gained Gold","floor":14.0,"gold_loss":0.0,"damage_taken":0.0},{"damage_healed":0.0,"max_hp_gain":0.0,"max_hp_loss":0.0,"gold_gain":50.0,"event_name":"Nest","player_choice":"Stole From Cult","floor":21.0,"gold_loss":0.0,"damage_taken":0.0},{"damage_healed":0,"gold_gain":90,"player_choice":"GOLD ","damage_taken":12,"max_hp_gain":0,"max_hp_loss":0,"event_name":"Knowing Skull","floor":27,"potions_obtained":[],"gold_loss":0,"cards_obtained":[]},{"damage_healed":0,"gold_gain":0,"player_choice":"Ignored","damage_taken":0,"max_hp_gain":0,"max_hp_loss":0,"event_name":"Tomb of Lord Red Mask","floor":37,"gold_loss":0}],"is_beta":false,"boss_relics":[{"not_picked":["WristBlade","Ring of the Serpent"],"picked":"Empty Cage"},{"not_picked":["Snecko Eye","Astrolabe"],"picked":"Cursed Key"}],"items_purged_floors":[3,19],"is_endless":false,"potions_floor_spawned":[4,10,11,18,20,33,35,38,41],"killed_by":"Giant Head","ascension_level":20}}