{"host":"agela5aetnmltfvm","time":1607693096,"event":{"mods":["BaseMod","Colored Map","Jorbs\u0027s Wanderer Trilogy","Lobotomy","Minty Spire (QoL Compilation)","Replay The Spire","StSLib","The Hierophant","The Jungle","The Runesmith"],"gold_per_floor":[117,117,134,148,167,167,11,11,38,38,38,56,83,112,112,112,112],"floor_reached":16,"playtime":550,"items_purged":[],"score":100,"play_id":"8f6a4af1-0916-45cc-94e2-c2c80676f39d","local_time":"20201211212456","is_ascension_mode":false,"campfire_choices":[{"data":"hierophant:ChurchCoffers","floor":6,"key":"SMITH"},{"data":"hierophant:Determination","floor":8,"key":"SMITH"},{"floor":15,"key":"REST"}],"circlet_count":0,"master_deck":["hierophant:Strike_Hierophant","hierophant:Strike_Hierophant","hierophant:Strike_Hierophant","hierophant:Strike_Hierophant","hierophant:Punish+1","hierophant:Defend_Hierophant","hierophant:Defend_Hierophant+1","hierophant:Defend_Hierophant","hierophant:Defend_Hierophant","hierophant:ChurchCoffers+1","hierophant:Determination+1","hierophant:Upheaval","hierophant:Shelter","hierophant:Zeal"],"relics":["hierophant:PropheticMaskRelic","Juzu Bracelet","PreservedInsect","Dream Catcher","Gremlin Food","Regal Pillow"],"acts_visited":["Exordium"],"potions_floor_usage":[14],"damage_taken":[{"damage":1,"enemies":"Jaw Worm","floor":1,"turns":6},{"damage":0,"enemies":"Small Slimes","floor":3,"turns":2},{"damage":0,"enemies":"2 Louse","floor":4,"turns":1},{"damage":6,"enemies":"2 Fungi Beasts","floor":5,"turns":4},{"damage":2,"enemies":"Blue Slaver","floor":12,"turns":4},{"damage":6,"enemies":"Gremlin Nob","floor":14,"turns":3},{"damage":76,"enemies":"Hexaghost","floor":16,"turns":11}],"seed_played":"4785678877112947015","potions_obtained":[{"floor":4,"key":"AttackPotion"},{"floor":5,"key":"Adrenaline Potion"},{"floor":14,"key":"LiquidMemories"}],"is_trial":false,"path_per_floor":["M","?","M","M","M","R","$","R","T","?","$","M","T","E","R","B"],"character_chosen":"HIEROPHANT","items_purchased":["Juzu Bracelet"],"campfire_rested":1,"item_purchase_floors":[7],"current_hp_per_floor":[74,74,74,74,69,69,69,69,69,66,66,66,66,60,75,0,0],"gold":112,"neow_bonus":"ONE_RANDOM_RARE_CARD","is_daily":false,"chose_seed":false,"campfire_upgraded":2,"win_rate":0.0,"timestamp":1607693096,"path_taken":["M","?","M","M","M","R","$","R","T","?","?","M","?","E","R","BOSS"],"items_purchased_type":["Relic"],"build_version":"2020-11-30","purchased_purges":0,"victory":false,"max_hp_per_floor":[75,75,75,75,75,75,75,75,75,75,75,75,75,75,75,75,75],"card_choices":[{"not_picked":["hierophant:Remorse","hierophant:Doubloon"],"picked":"hierophant:Upheaval","floor":1},{"not_picked":["hierophant:TollTheBells","hierophant:Sermon"],"picked":"hierophant:Shelter","floor":3},{"not_picked":["hierophant:RepressedViolence","hierophant:Shelter","hierophant:Prophecy"],"picked":"SKIP","floor":4},{"not_picked":["hierophant:FlamingChariot","hierophant:FieryStrike","hierophant:ThreeLashes"],"picked":"SKIP","floor":5},{"not_picked":["hierophant:SealAway","hierophant:Shelter"],"picked":"hierophant:Zeal","floor":12},{"not_picked":["hierophant:DisplayOfPower","hierophant:OrnateJavelin","hierophant:DeathKnell"],"picked":"SKIP","floor":14}],"player_experience":499277,"relics_obtained":[{"floor":9,"key":"PreservedInsect"},{"floor":13,"key":"Gremlin Food"},{"floor":14,"key":"Regal Pillow"}],"event_choices":[{"damage_healed":0,"gold_gain":0,"player_choice":"Success","damage_taken":3,"relics_obtained":["Dream Catcher"],"max_hp_gain":0,"max_hp_loss":0,"event_name":"Scrap Ooze","floor":10,"gold_loss":0}],"is_beta":false,"boss_relics":[],"items_purged_floors":[],"is_endless":false,"potions_floor_spawned":[4,5,14],"killed_by":"Hexaghost","ascension_level":0}}