{"host":"ktoxvvst1mwxww91","time":1607688603,"event":{"mods":["BaseMod","Downfall","Hermit","Minty Spire (QoL Compilation)","StSLib","The Blackbeard","The Hierophant","The Mystic","The Necromancer"],"gold_per_floor":[116,127,52,64,79,79,104,114,114,114,30,44,61,24,24,120,120,139,39,39,39,39,69,69,87,114,126,157,169,214,240,252,359,371,396,124,124,134,134,134,159,159,159,159,173,189,189,0,0,0,0],"floor_reached":50,"playtime":1892,"items_purged":["Strike_R","Strike_R","Strike_R"],"score":765,"play_id":"3833e3d3-8a25-4b5d-871f-986b278f30a7","local_time":"20201211131003","is_ascension_mode":true,"campfire_choices":[{"data":"Clothesline","floor":6.0,"key":"SMITH"},{"data":"True Grit","floor":10.0,"key":"SMITH"},{"data":"Flame Barrier","floor":15.0,"key":"SMITH"},{"data":"Metallicize","floor":27.0,"key":"SMITH"},{"data":"True Grit","floor":29.0,"key":"SMITH"},{"floor":32.0,"key":"REST"},{"data":"Armaments","floor":40,"key":"SMITH"},{"floor":42,"key":"REST"},{"data":"Metallicize","floor":44,"key":"SMITH"},{"data":"Sadistic Nature","floor":47,"key":"SMITH"},{"floor":49,"key":"REST"}],"circlet_count":0,"master_deck":["Defend_R","Defend_R","Defend_R","Defend_R","Bash+1","Sever Soul","Clothesline+1","Battle Trance","Thunderclap","Thunderclap","True Grit+1","Flame Barrier+1","Reaper","Disarm","Slimebound:CheckThePlaybook","Metallicize+1","Iron Wave","Bloodletting","Metallicize","True Grit+1","Pommel Strike+1","Armaments+1","Corruption","Metallicize+1","Metallicize","Sadistic Nature+1","Flame Barrier","Metallicize+1","Battle Trance+1"],"relics":["Burning Blood","Blood Vial","Singing Bowl","Guardian:PocketSentry","Mark of Pain","Art of War","PreservedInsect","MawBank","Lizard Tail","Sozu","Smiling Mask","Letter Opener","Red Mask"],"acts_visited":["Exordium","TheCity","TheBeyond"],"potions_floor_usage":[33,35],"damage_taken":[{"damage":7.0,"enemies":"Jaw Worm","floor":1.0,"turns":4.0},{"damage":1.0,"enemies":"Cultist","floor":2.0,"turns":3.0},{"damage":0.0,"enemies":"2 Louse","floor":4.0,"turns":3.0},{"damage":8.0,"enemies":"Blue Slaver","floor":5.0,"turns":3.0},{"damage":12.0,"enemies":"Gremlin Nob","floor":7.0,"turns":3.0},{"damage":15.0,"enemies":"2 Fungi Beasts","floor":8.0,"turns":3.0},{"damage":8.0,"enemies":"Large Slime","floor":12.0,"turns":7.0},{"damage":3.0,"enemies":"3 Louse","floor":13.0,"turns":3.0},{"damage":33.0,"enemies":"Hexaghost","floor":16.0,"turns":9.0},{"damage":2.0,"enemies":"Chosen","floor":18.0,"turns":6.0},{"damage":27.0,"enemies":"Book of Stabbing","floor":23.0,"turns":8.0},{"damage":17.0,"enemies":"Spheric Guardian","floor":25.0,"turns":6.0},{"damage":0.0,"enemies":"Centurion and Healer","floor":28.0,"turns":8.0},{"damage":38.0,"enemies":"Slavers","floor":30.0,"turns":5.0},{"damage":13.0,"enemies":"3 Cultists","floor":31.0,"turns":6.0},{"damage":95,"enemies":"Collector","floor":33,"turns":12},{"damage":6,"enemies":"Orb Walker","floor":35,"turns":5},{"damage":13,"enemies":"3 Shapes","floor":38,"turns":6},{"damage":55,"enemies":"Reptomancer","floor":41,"turns":5},{"damage":26,"enemies":"Jaw Worm Horde","floor":45,"turns":6},{"damage":0,"enemies":"Maw","floor":46,"turns":7},{"damage":73,"enemies":"Donu and Deca","floor":50,"turns":7}],"seed_played":"-2285977504835145289","potions_obtained":[{"floor":1.0,"key":"EssenceOfSteel"},{"floor":5.0,"key":"ColorlessPotion"},{"floor":12.0,"key":"ColorlessPotion"},{"floor":16.0,"key":"FearPotion"},{"floor":18.0,"key":"sneckomod:MuddlingPotion"},{"floor":25.0,"key":"Ancient Potion"},{"floor":31.0,"key":"SteroidPotion"},{"floor":33,"key":"AttackPotion"}],"is_trial":false,"path_per_floor":["M","M","$","M","M","R","E","M","T","R","?","M","M","$","R","B",null,"M","$","?","?","$","E","?","M","T","R","M","R","E","M","R","B",null,"M","$","?","M","?","R","E","R","T","R","M","M","R","?","R","B"],"character_chosen":"IRONCLAD","items_purchased":["Flame Barrier","Spot Weakness","Metallicize"],"campfire_rested":3,"item_purchase_floors":[14,36,36],"current_hp_per_floor":[71,76,76,80,78,78,72,65,65,65,65,67,74,74,74,49,75,81,81,81,52,52,33,33,24,24,24,38,38,14,9,34,12,66,68,68,68,65,65,65,24,49,49,49,31,45,45,45,70,0,0],"gold":0,"neow_bonus":"UPGRADE_CARD","is_daily":false,"chose_seed":false,"campfire_upgraded":8,"win_rate":0.0,"timestamp":1607688603,"path_taken":["M","M","$","M","M","R","E","M","T","R","?","M","?","$","R","BOSS","M","$","?","?","$","E","?","M","T","R","M","R","E","M","R","BOSS","M","$","?","M","?","R","E","R","T","R","M","M","R","?","R","BOSS"],"items_purchased_type":["Card","Card","Card"],"build_version":"2020-11-30","purchased_purges":3,"victory":false,"max_hp_per_floor":[80,80,80,80,80,80,80,80,80,80,80,82,84,84,84,84,84,84,84,84,84,84,84,84,84,84,84,84,84,84,84,84,84,84,84,84,84,84,84,84,84,84,84,84,84,86,86,86,86,86,86],"card_choices":[{"not_picked":["Combust","Rupture"],"picked":"Sever Soul","floor":1.0},{"not_picked":["Cleave","Warcry"],"picked":"Clothesline","floor":2.0},{"not_picked":["Anger","Second Wind"],"picked":"Battle Trance","floor":4.0},{"not_picked":["Havoc","Flex"],"picked":"Thunderclap","floor":5.0},{"not_picked":["Blood for Blood","Perfected Strike"],"picked":"Thunderclap","floor":7.0},{"not_picked":["Cleave","Spot Weakness"],"picked":"True Grit","floor":8.0},{"not_picked":["Perfected Strike","Clothesline","Flex"],"picked":"Singing Bowl","floor":12.0},{"not_picked":["Combust","Sever Soul","Wild Strike"],"picked":"Singing Bowl","floor":13.0},{"not_picked":["Juggernaut","Brutality"],"picked":"Reaper","floor":16.0},{"not_picked":["Power Through+1","Headbutt"],"picked":"Disarm","floor":18.0},{"not_picked":["Rupture+1","Intimidate"],"picked":"Metallicize","floor":23.0},{"not_picked":["Sword Boomerang","Twin Strike"],"picked":"Metallicize","floor":25.0},{"not_picked":["Shockwave","Body Slam"],"picked":"True Grit","floor":28.0},{"not_picked":["Havoc","Impervious"],"picked":"Pommel Strike+1","floor":30.0},{"not_picked":["Body Slam","Bloodletting"],"picked":"Armaments","floor":31.0},{"not_picked":["Juggernaut","Impervious"],"picked":"Corruption","floor":33},{"not_picked":["True Grit","Thunderclap"],"picked":"Metallicize+1","floor":35},{"not_picked":["expansioncontent:SuperHexaguard","Jack Of All Trades"],"picked":"Sadistic Nature","floor":37},{"not_picked":["Cleave","Flex"],"picked":"Flame Barrier","floor":38},{"not_picked":["Combust","Body Slam+1"],"picked":"Metallicize","floor":41},{"not_picked":["Disarm+1","Shockwave"],"picked":"Battle Trance+1","floor":45},{"not_picked":["Flex+1","Power Through+1","Pummel"],"picked":"Singing Bowl","floor":46}],"player_experience":1008702,"relics_obtained":[{"floor":7.0,"key":"Blood Vial"},{"floor":9.0,"key":"Singing Bowl"},{"floor":23.0,"key":"PreservedInsect"},{"floor":26.0,"key":"MawBank"},{"floor":30.0,"key":"Lizard Tail"},{"floor":41,"key":"Smiling Mask"},{"floor":43,"key":"Letter Opener"}],"event_choices":[{"damage_healed":0.0,"max_hp_gain":0.0,"max_hp_loss":0.0,"gold_gain":0.0,"event_name":"WeMeetAgain","player_choice":"Paid Gold","floor":11.0,"gold_loss":84.0,"damage_taken":0.0,"relics_obtained":["Guardian:PocketSentry"]},{"damage_healed":0.0,"max_hp_gain":0.0,"max_hp_loss":0.0,"gold_gain":0.0,"event_name":"The Mausoleum","player_choice":"Opened","floor":20.0,"gold_loss":0.0,"damage_taken":0.0,"relics_obtained":["Art of War"]},{"damage_healed":0.0,"max_hp_gain":0.0,"max_hp_loss":0.0,"gold_gain":0.0,"cards_transformed":["Strike_R","Strike_R"],"event_name":"Drug Dealer","player_choice":"Became Test Subject","floor":24.0,"gold_loss":0.0,"damage_taken":0.0,"cards_obtained":["Iron Wave","Bloodletting"]},{"damage_healed":0,"gold_gain":0,"player_choice":"Memory 1","damage_taken":0,"max_hp_gain":0,"max_hp_loss":0,"event_name":"SensoryStone","floor":37,"gold_loss":0},{"cards_removed":["Spot Weakness"],"damage_healed":0,"gold_gain":0,"player_choice":"Removed Skill","damage_taken":0,"max_hp_gain":0,"max_hp_loss":0,"event_name":"Falling","floor":39,"gold_loss":0},{"damage_healed":0,"gold_gain":0,"player_choice":"Paid","damage_taken":0,"relics_obtained":["Red Mask"],"max_hp_gain":0,"max_hp_loss":0,"event_name":"Tomb of Lord Red Mask","floor":48,"gold_loss":189}],"is_beta":false,"boss_relics":[{"not_picked":["Runic Cube","Calling Bell"],"picked":"Mark of Pain"},{"not_picked":["Velvet Choker","Coffee Dripper"],"picked":"Sozu"}],"items_purged_floors":[3,19,36],"is_endless":false,"potions_floor_spawned":[1,5,12,16,18,25,31,33,38,45],"killed_by":"Donu and Deca","ascension_level":9}}