{"host":"qrt7o4dq2qslzw13","time":1607703448,"event":{"mods":["AchievementEnabler","BaseMod","Colored Map","Colored Powertips","Minty Spire (QoL Compilation)","Quick Restart","Rare Cards Sparkle","StSLib","SuperFastMode"],"gold_per_floor":[12,28,28,41,67,67,111,111,137,160,160,200,216,216,216,309,309,309,58,58,58,58,58,58,58,58,58,58,28,28,28,28,28,28,28,28,28,28,28,28,28,28,28,28,28,0,0,0,0,0],"floor_reached":51,"playtime":2057,"items_purged":[],"score":1262,"play_id":"a50c5b17-1dd7-4148-8d12-13ac28d2a0a9","local_time":"20201211111728","is_ascension_mode":true,"campfire_choices":[{"data":"Heavy Blade","floor":6.0,"key":"SMITH"},{"data":"Thunderclap","floor":8.0,"key":"SMITH"},{"data":"Clothesline","floor":11.0,"key":"SMITH"},{"data":"Bash","floor":15.0,"key":"SMITH"},{"data":"Second Wind","floor":23.0,"key":"SMITH"},{"data":"Inflame","floor":25.0,"key":"SMITH"},{"data":"Immolate","floor":27.0,"key":"SMITH"},{"data":"Shrug It Off","floor":30.0,"key":"SMITH"},{"data":"True Grit","floor":32.0,"key":"SMITH"},{"floor":40.0,"key":"REST"},{"data":"Double Tap","floor":42.0,"key":"SMITH"},{"data":"Seeing Red","floor":45.0,"key":"SMITH"},{"data":"Limit Break","floor":49.0,"key":"SMITH"}],"circlet_count":0,"master_deck":["AscendersBane","Bash+1","Heavy Blade+1","Thunderclap+1","Injury","Warcry+1","Clothesline+1","Second Wind+1","Battle Trance","Parasite","Immolate+1","Twin Strike+1","Inflame+1","Feel No Pain+1","Intimidate+1","Sentinel+1","Shrug It Off+1","True Grit+1","Impervious","Feel No Pain","Offering","Inflame","Searing Blow","Wild Strike","Rampage","Double Tap+1","Power Through","Power Through","Seeing Red+1","Limit Break+1"],"relics":["Burning Blood","Du-Vu Doll","Golden Idol","Centennial Puzzle","InkBottle","War Paint","Eternal Feather","Ectoplasm","Lantern","Pen Nib","Pandora\u0027s Box","Orichalcum","Red Mask"],"acts_visited":["Exordium","TheCity","TheBeyond"],"potions_floor_usage":[50,50],"damage_taken":[{"damage":6.0,"enemies":"Small Slimes","floor":1.0,"turns":4.0},{"damage":7.0,"enemies":"Jaw Worm","floor":2.0,"turns":3.0},{"damage":1.0,"enemies":"Cultist","floor":4.0,"turns":3.0},{"damage":8.0,"enemies":"Gremlin Nob","floor":7.0,"turns":3.0},{"damage":13.0,"enemies":"Blue Slaver","floor":10.0,"turns":2.0},{"damage":22.0,"enemies":"3 Sentries","floor":12.0,"turns":6.0},{"damage":3.0,"enemies":"Looter","floor":13.0,"turns":2.0},{"damage":24.0,"enemies":"The Guardian","floor":16.0,"turns":8.0},{"damage":15.0,"enemies":"Shell Parasite","floor":18.0,"turns":2.0},{"damage":12.0,"enemies":"Chosen","floor":20.0,"turns":4.0},{"damage":4.0,"enemies":"Centurion and Healer","floor":21.0,"turns":3.0},{"damage":18.0,"enemies":"Snake Plant","floor":22.0,"turns":2.0},{"damage":11.0,"enemies":"Chosen and Byrds","floor":24.0,"turns":5.0},{"damage":0.0,"enemies":"Shelled Parasite and Fungi","floor":28.0,"turns":1.0},{"damage":0.0,"enemies":"Centurion and Healer","floor":31.0,"turns":4.0},{"damage":74.0,"enemies":"Automaton","floor":33.0,"turns":9.0},{"damage":11.0,"enemies":"3 Darklings","floor":35.0,"turns":4.0},{"damage":9.0,"enemies":"Orb Walker","floor":36.0,"turns":3.0},{"damage":0.0,"enemies":"Jaw Worm Horde","floor":38.0,"turns":3.0},{"damage":21.0,"enemies":"Maw","floor":39.0,"turns":7.0},{"damage":8.0,"enemies":"Transient","floor":41.0,"turns":6.0},{"damage":0.0,"enemies":"Sphere and 2 Shapes","floor":44.0,"turns":3.0},{"damage":6.0,"enemies":"Maw","floor":47.0,"turns":6.0},{"damage":17,"enemies":"Donu and Deca","floor":50,"turns":4}],"seed_played":"-2289022311865260111","potions_obtained":[{"floor":1.0,"key":"GamblersBrew"},{"floor":2.0,"key":"BlessingOfTheForge"},{"floor":10.0,"key":"ElixirPotion"},{"floor":12.0,"key":"Explosive Potion"},{"floor":18.0,"key":"Strength Potion"},{"floor":20.0,"key":"Strength Potion"},{"floor":33.0,"key":"Swift Potion"},{"floor":36.0,"key":"DuplicationPotion"}],"is_trial":false,"path_per_floor":["M","M","?","M","T","R","E","R","T","M","R","E","M","?","R","B",null,"M","$","M","M","M","R","M","R","T","R","M","$","R","M","R","B",null,"M","M","?","M","M","R","M","R","T","M","R","?","M","$","R","B",null],"character_chosen":"IRONCLAD","items_purchased":["Inflame","Lantern","Shrug It Off"],"campfire_rested":1,"item_purchase_floors":[19,19,29],"current_hp_per_floor":[68,67,67,72,72,72,70,70,70,63,63,47,50,68,75,57,71,62,62,56,58,46,58,53,65,65,75,75,75,75,75,75,7,58,53,50,50,56,41,75,73,75,75,75,75,75,75,75,75,64],"gold":0,"neow_bonus":"ONE_RARE_RELIC","is_daily":false,"chose_seed":false,"campfire_upgraded":12,"win_rate":0.0,"timestamp":1607703448,"path_taken":["M","M","?","M","?","R","E","R","T","?","R","E","M","?","R","BOSS","M","$","M","M","M","R","M","R","T","R","M","$","R","M","R","BOSS","M","M","?","M","M","R","M","R","T","M","R","?","M","$","R","BOSS"],"items_purchased_type":["Card","Relic","Card"],"build_version":"2020-11-30","purchased_purges":0,"victory":true,"max_hp_per_floor":[75,75,75,75,75,75,75,75,75,75,75,75,75,75,75,75,75,75,75,75,75,75,75,75,75,75,75,75,75,75,75,75,75,75,75,75,75,75,75,75,75,75,75,75,75,75,75,75,75,75],"card_choices":[{"not_picked":["Sentinel","Anger"],"picked":"Heavy Blade","floor":1.0},{"not_picked":["True Grit","Disarm"],"picked":"Thunderclap","floor":2.0},{"not_picked":["Body Slam","Iron Wave","Evolve"],"picked":"SKIP","floor":4.0},{"not_picked":["Cleave","Body Slam"],"picked":"Warcry","floor":7.0},{"not_picked":["Clash","Twin Strike"],"picked":"Clothesline","floor":10.0},{"not_picked":["Uppercut","Perfected Strike"],"picked":"Second Wind","floor":12.0},{"not_picked":["Shrug It Off","Havoc"],"picked":"Battle Trance","floor":13.0},{"not_picked":["Fiend Fire","Corruption"],"picked":"Immolate","floor":16.0},{"not_picked":["Clothesline","Carnage"],"picked":"Twin Strike+1","floor":18.0},{"not_picked":["Havoc","Clash","Dark Embrace"],"picked":"SKIP","floor":20.0},{"not_picked":["Anger","Burning Pact"],"picked":"Feel No Pain+1","floor":21.0},{"not_picked":["Heavy Blade","Iron Wave","Clothesline"],"picked":"SKIP","floor":22.0},{"not_picked":["Clash","Perfected Strike+1"],"picked":"Intimidate+1","floor":24.0},{"not_picked":["Pommel Strike","Heavy Blade"],"picked":"Sentinel+1","floor":28.0},{"not_picked":["Clothesline","Cleave"],"picked":"True Grit","floor":31.0},{"not_picked":["Juggernaut","Berserk"],"picked":"Impervious","floor":33.0},{"not_picked":["Twin Strike","Armaments","Headbutt"],"picked":"SKIP","floor":35.0},{"not_picked":["Disarm","Flex"],"picked":"Power Through","floor":36.0},{"not_picked":["Shrug It Off","Twin Strike","Perfected Strike+1"],"picked":"SKIP","floor":38.0},{"not_picked":["True Grit","Heavy Blade","Warcry"],"picked":"SKIP","floor":39.0},{"not_picked":["Uppercut","Wild Strike","Iron Wave+1"],"picked":"SKIP","floor":41.0},{"not_picked":["Uppercut","Wild Strike","Iron Wave+1"],"picked":"SKIP","floor":41.0},{"not_picked":["Shockwave","Pommel Strike"],"picked":"Seeing Red","floor":44.0},{"not_picked":["Anger+1","Cleave"],"picked":"Limit Break","floor":47.0}],"player_experience":440266,"relics_obtained":[{"floor":5.0,"key":"Centennial Puzzle"},{"floor":7.0,"key":"InkBottle"},{"floor":9.0,"key":"War Paint"},{"floor":12.0,"key":"Eternal Feather"},{"floor":26.0,"key":"Pen Nib"},{"floor":43.0,"key":"Orichalcum"}],"event_choices":[{"damage_healed":0.0,"max_hp_gain":0.0,"max_hp_loss":0.0,"gold_gain":0.0,"event_name":"Golden Idol","player_choice":"Take Wound","floor":3.0,"gold_loss":0.0,"damage_taken":0.0,"relics_obtained":["Golden Idol"],"cards_obtained":["Injury"]},{"damage_healed":18.0,"max_hp_gain":0.0,"max_hp_loss":0.0,"gold_gain":0.0,"event_name":"Mushrooms","player_choice":"Healed and dodged fight","floor":14.0,"gold_loss":0.0,"damage_taken":0.0,"cards_obtained":["Parasite"]},{"cards_removed":["Dual Wield"],"damage_healed":0.0,"max_hp_gain":0.0,"max_hp_loss":0.0,"gold_gain":0.0,"event_name":"Falling","player_choice":"Removed Skill","floor":37.0,"gold_loss":0.0,"damage_taken":0.0},{"damage_healed":0.0,"max_hp_gain":0.0,"max_hp_loss":0.0,"gold_gain":0.0,"event_name":"Tomb of Lord Red Mask","player_choice":"Paid","floor":46.0,"gold_loss":28.0,"damage_taken":0.0,"relics_obtained":["Red Mask"]}],"is_beta":false,"boss_relics":[{"not_picked":["Snecko Eye","Tiny House"],"picked":"Ectoplasm"},{"not_picked":["Fusion Hammer","Runic Cube"],"picked":"Pandora\u0027s Box"}],"items_purged_floors":[],"is_endless":false,"potions_floor_spawned":[1,2,10,12,18,20,24,33,36,41,44,47],"ascension_level":18}}