{"host":"kyy1kus4tsuq869y","time":1607729298,"event":{"mods":["BaseMod","Downfall","GifTheSpireLib","HololiveMod","Hubris","Jorbs\u0027s Wanderer Trilogy","Marisa£®ÏF”Í°°ƒß¿Ì…≥£©","Minty Spire (QoL Compilation)","Quick Restart","READ ME - Guardian Mod","READ ME - Snecko Mod","Reimu£®≤©¿ˆ¡È√Œ£©","Remilia£®¿Ÿ√◊¿Ú—«£©","Replay The Spire","StSLib","Td1madao Mod","The Administrix","The Animator","The Bug Knight","The Construct","The Cursed","The Hierophant","The Runesmith","The Senshi","The Servant 0.9.4","Youmu£®ªÍ∆«—˝√Œ£©"],"gold_per_floor":[119,119,135,152,165,165,199,199,199,26,26,26,37,37,37],"floor_reached":14,"playtime":262,"items_purged":[],"score":176,"play_id":"3a5ba24d-53ca-4344-ae40-2a77d8a5627c","local_time":"20201212072818","is_ascension_mode":true,"campfire_choices":[{"data":"Sword Boomerang","floor":6.0,"key":"SMITH"}],"circlet_count":0,"master_deck":["AscendersBane","Strike_R","Strike_R","Strike_R","Strike_R","Strike_R","Defend_R","Defend_R","Defend_R","Defend_R","Bash","Reckless Charge","Sword Boomerang+1","Entrench+1","Inflame+1"],"relics":["Burning Blood","NeowsBlessing","hubris:PeanutButter","Frozen Egg 2","TentaclePot:ReiMu"],"acts_visited":["Exordium"],"potions_floor_usage":[],"damage_taken":[{"damage":0.0,"enemies":"Cultist","floor":1.0,"turns":1.0},{"damage":0.0,"enemies":"Small Slimes","floor":3.0,"turns":1.0},{"damage":0.0,"enemies":"2 Louse","floor":4.0,"turns":1.0},{"damage":11.0,"enemies":"Looter","floor":5.0,"turns":3.0},{"damage":39.0,"enemies":"HollowMod:MossKnight","floor":7.0,"turns":19.0},{"damage":0,"enemies":"Red Slaver","floor":13,"turns":3},{"damage":0,"enemies":"3 Sentries","floor":14,"turns":1}],"seed_played":"6004392240915660192","potions_obtained":[{"floor":1.0,"key":"Elixir"},{"floor":5.0,"key":"Venom Potion"}],"is_trial":false,"path_per_floor":["M","?","M","M","M","R","E","?","T","$","$","?","M","E"],"character_chosen":"IRONCLAD","items_purchased":["TentaclePot:ReiMu"],"campfire_rested":0,"item_purchase_floors":[10],"current_hp_per_floor":[74,74,75,75,70,70,37,37,37,37,37,37,43,43,43],"gold":37,"neow_bonus":"THREE_ENEMY_KILL","is_daily":false,"chose_seed":false,"campfire_upgraded":1,"win_rate":0.0,"timestamp":1607729298,"path_taken":["M","?","?","M","M","R","E","?","T","?","$","?","M","E"],"items_purchased_type":["Relic"],"build_version":"2020-11-30","purchased_purges":0,"victory":false,"max_hp_per_floor":[75,75,75,75,75,75,75,75,75,75,75,75,75,75,75],"card_choices":[{"not_picked":["Infernal Blade","Armaments"],"picked":"Flame Barrier","floor":1.0},{"not_picked":["Sword Boomerang","Cleave"],"picked":"Reckless Charge","floor":3.0},{"not_picked":["Heavy Blade","Dual Wield","Intimidate"],"picked":"SKIP","floor":4.0},{"not_picked":["Shrug It Off","Armaments"],"picked":"Sword Boomerang","floor":5.0},{"not_picked":["True Grit","Warcry","Clothesline"],"picked":"SKIP","floor":7.0},{"not_picked":["Headbutt","Pommel Strike"],"picked":"Inflame+1","floor":13}],"player_experience":448363,"relics_obtained":[{"floor":7.0,"key":"hubris:PeanutButter"}],"event_choices":[{"damage_healed":0.0,"max_hp_gain":0.0,"max_hp_loss":0.0,"gold_gain":0.0,"event_name":"Accursed Blacksmith","player_choice":"Forge","floor":2.0,"gold_loss":0.0,"damage_taken":0.0,"cards_upgraded":["Flame Barrier"]},{"damage_healed":0.0,"max_hp_gain":0.0,"max_hp_loss":0.0,"gold_gain":0.0,"event_name":"WeMeetAgain","player_choice":"Gave Potion","floor":8.0,"gold_loss":0.0,"damage_taken":0.0,"relics_obtained":["Frozen Egg 2"]}],"is_beta":false,"boss_relics":[],"items_purged_floors":[],"is_endless":false,"potions_floor_spawned":[1,5],"killed_by":"3 Sentries","ascension_level":19}}