{"host":"jksa5rawk3m4gilz","time":1607705137,"event":{"mods":["BaseMod","Colored Map","Highlight Path","Minty Spire (QoL Compilation)","Quick Restart"],"gold_per_floor":[112,162,199,232,264,264,318,318,367,367,367,457,457,457,457,457,457],"floor_reached":16,"playtime":522,"items_purged":[],"score":171,"play_id":"b70b8057-574d-4d0a-8036-1ee15a38b3df","local_time":"20201211174537","is_ascension_mode":true,"campfire_choices":[{"floor":6,"key":"REST"},{"floor":8,"key":"REST"},{"data":"Indignation","floor":11,"key":"SMITH"},{"data":"LikeWater","floor":13,"key":"SMITH"},{"data":"HandOfGreed","floor":15,"key":"SMITH"}],"circlet_count":0,"master_deck":["AscendersBane","Strike_P","Strike_P","Strike_P","Defend_P","Defend_P","Defend_P","Defend_P","Eruption","Vigilance","HandOfGreed+1","FlurryOfBlows","Crescendo","LikeWater+1","Indignation+1"],"relics":["PureWater","Potion Belt","Damaru","Bottled Tornado"],"acts_visited":["Exordium"],"potions_floor_usage":[7,16],"damage_taken":[{"damage":2,"enemies":"Jaw Worm","floor":1,"turns":4},{"damage":0,"enemies":"2 Louse","floor":2,"turns":4},{"damage":0,"enemies":"Cultist","floor":3,"turns":2},{"damage":8,"enemies":"Blue Slaver","floor":4,"turns":3},{"damage":20,"enemies":"Large Slime","floor":5,"turns":5},{"damage":10,"enemies":"Gremlin Nob","floor":7,"turns":3},{"damage":20,"enemies":"3 Sentries","floor":12,"turns":8},{"damage":30,"enemies":"Hexaghost","floor":16,"turns":2}],"seed_played":"124184968903670755","potions_obtained":[{"floor":2,"key":"Ambrosia"},{"floor":3,"key":"SteroidPotion"}],"is_trial":false,"path_per_floor":["M","M","M","M","M","R","E","R","T","?","R","E","R","?","R","B"],"character_chosen":"WATCHER","items_purchased":[],"campfire_rested":2,"item_purchase_floors":[],"current_hp_per_floor":[45,45,45,37,17,38,28,49,49,49,49,29,29,29,29,0,0],"gold":457,"neow_bonus":"RANDOM_COLORLESS_2","is_daily":false,"chose_seed":false,"campfire_upgraded":3,"win_rate":0.0,"timestamp":1607705137,"path_taken":["M","M","M","M","M","R","E","R","T","?","R","E","R","?","R","BOSS"],"items_purchased_type":[],"build_version":"2020-11-30","purchased_purges":0,"victory":false,"max_hp_per_floor":[72,72,72,72,72,72,72,72,72,72,72,72,72,72,72,72,72],"card_choices":[{"not_picked":["Transmutation","The Bomb"],"picked":"HandOfGreed","floor":0},{"not_picked":["Indignation","MentalFortress"],"picked":"FlurryOfBlows","floor":1},{"not_picked":["EmptyMind","CutThroughFate"],"picked":"Crescendo","floor":2},{"not_picked":["CutThroughFate","SignatureMove","EmptyBody"],"picked":"SKIP","floor":3},{"not_picked":["Halt","Fasting2"],"picked":"LikeWater","floor":4},{"not_picked":["TalkToTheHand","JustLucky","Evaluate"],"picked":"SKIP","floor":5},{"not_picked":["Vengeance","BowlingBash","SashWhip"],"picked":"SKIP","floor":7},{"not_picked":["Halt","CutThroughFate","Perseverance"],"picked":"SKIP","floor":12}],"player_experience":2017408,"relics_obtained":[{"floor":7,"key":"Potion Belt"},{"floor":9,"key":"Damaru"},{"floor":12,"key":"Bottled Tornado"}],"event_choices":[{"damage_healed":0,"gold_gain":0,"cards_transformed":["Strike_P"],"player_choice":"Change","damage_taken":0,"max_hp_gain":0,"max_hp_loss":0,"event_name":"Living Wall","floor":10,"gold_loss":0,"cards_obtained":["Indignation"]},{"damage_healed":0,"gold_gain":0,"player_choice":"Ignored","damage_taken":0,"max_hp_gain":0,"max_hp_loss":0,"event_name":"Liars Game","floor":14,"gold_loss":0}],"is_beta":false,"boss_relics":[],"items_purged_floors":[],"is_endless":false,"potions_floor_spawned":[2,3],"killed_by":"Hexaghost","ascension_level":11}}