{"host":"kntpungskobv1jqb","time":1607698400,"event":{"mods":["BaseMod","Minty Spire (QoL Compilation)","Replay The Spire","StSLib","SuperFastMode"],"gold_per_floor":[159,231,53,53,89,124,124,151,151,200,214,244,244,262,262,357,393,418,441,220,266,286,286,286,310,365,290,290,344,2,21,21,122,122,143,161,170,191,48,48,48,48,48],"floor_reached":42,"playtime":1290,"items_purged":["ReplayTheSpireMod:Restless Dread","ReplayTheSpireMod:Restless Dread"],"score":935,"play_id":"06558443-5315-418c-a6d6-793017e39d50","local_time":"20201211225320","is_ascension_mode":true,"campfire_choices":[{"floor":7,"key":"REST"},{"floor":15,"key":"REST"},{"floor":23,"key":"REST"},{"floor":24,"key":"REST"},{"floor":32,"key":"REST"},{"data":"Heavy Blade","floor":40,"key":"SMITH"}],"circlet_count":0,"master_deck":["AscendersBane","Defend_R","Defend_R","Defend_R","Defend_R","Bash","HandOfGreed","ReplayTheSpireMod:LeadingStrike","Cleave+1","Massacre","Reaper","Pot Of Greed","Pot Of Greed","Feed","Rampage","Pummel","ReplayTheSpireMod:Private Reserves","Feed","Feed","ReplayTheSpireMod:IOU","Pot Of Greed","Heavy Blade+1","Pommel Strike","Feed","Heavy Blade","Whirlwind","Bite","Bite","Bite","Bite","Bite","Pot Of Greed","Heavy Blade+1","Limit Break+1","Heavy Blade","Madness","Madness","Limit Break+1","Heavy Blade","Demon Form+1","Pummel+1"],"relics":["Black Blood","Brimstone","WingedGreaves","Ornamental Fan","Replay:Bottled Snecko","Grinning Jar","Replay:Ancient Bell","CeramicFish","Singing Bowl","Ginger","Blue Doll","Replay:Rubber Ducky","Golden Egg","Replay:Grab Bag","Ooze Armor","ChewingGum","Honey Jar"],"acts_visited":["Exordium","TheCity","TheBeyond"],"potions_floor_usage":[8,25,33,33],"damage_taken":[{"damage":10,"enemies":"2 Louse","floor":1,"turns":4},{"damage":8,"enemies":"Jaw Worm","floor":5,"turns":2},{"damage":45,"enemies":"Lagavulin","floor":6,"turns":4},{"damage":18,"enemies":"Gremlin Nob","floor":8,"turns":3},{"damage":13,"enemies":"3 Sentries","floor":10,"turns":3},{"damage":0,"enemies":"Cultist","floor":11,"turns":2},{"damage":0,"enemies":"2 Fungi Beasts","floor":12,"turns":2},{"damage":9,"enemies":"Exordium Wildlife","floor":14,"turns":2},{"damage":0,"enemies":"Slime Boss","floor":16,"turns":4},{"damage":9,"enemies":"Spheric Guardian","floor":18,"turns":3},{"damage":40,"enemies":"Shell Parasite","floor":19,"turns":4},{"damage":47,"enemies":"Centurion and Healer","floor":21,"turns":4},{"damage":12,"enemies":"3 Cultists","floor":22,"turns":3},{"damage":45,"enemies":"Shelled Parasite and Fungi","floor":25,"turns":4},{"damage":26,"enemies":"Snake Plant","floor":31,"turns":3},{"damage":48,"enemies":"Champ","floor":33,"turns":7},{"damage":22,"enemies":"3 Shapes","floor":35,"turns":2},{"damage":27,"enemies":"3 Darklings","floor":38,"turns":3},{"damage":62,"enemies":"R_Hoarder","floor":42,"turns":4}],"seed_played":"3247305540278948683","potions_obtained":[{"floor":1,"key":"Strength Potion"},{"floor":10,"key":"Regen Potion"},{"floor":11,"key":"Toxic Potion"},{"floor":18,"key":"FearPotion"},{"floor":25,"key":"SteroidPotion"},{"floor":33,"key":"DistilledChaos"},{"floor":38,"key":"EntropicBrew"}],"is_trial":false,"path_per_floor":["M","?","$","$","M","E","R","E","T","E","M","M","?","M","R","B",null,"M","M","$","M","M","R","R","M","T","?","$","?","$","M","R","B",null,"M","?","?","M","$","R","$","E"],"character_chosen":"IRONCLAD","items_purchased":["Brimstone","Cleave+1","Blue Doll","Golden Egg","Demon Form","Pummel"],"campfire_rested":5,"item_purchase_floors":[3,3,20,30,39,39],"current_hp_per_floor":[68,68,68,68,66,27,51,39,39,32,38,47,47,55,80,89,95,92,61,61,23,17,47,77,50,50,50,50,50,50,39,61,50,69,69,59,59,50,50,50,50,0,0],"gold":48,"neow_bonus":"RANDOM_COLORLESS_2","is_daily":false,"chose_seed":false,"campfire_upgraded":1,"win_rate":0.0,"timestamp":1607698400,"path_taken":["M","?","?","$","M","E","R","E","T","E","M","M","?","M","R","BOSS","M","M","$","?","M","R","R","M","T","?","$","?","$","M","R","BOSS","M","?","?","?","$","R","?","E"],"items_purchased_type":["Relic","Undefined","Relic","Relic","Card","Card"],"build_version":"2020-11-30","purchased_purges":2,"victory":false,"max_hp_per_floor":[80,80,80,80,80,80,80,80,80,80,80,83,83,86,86,89,95,95,98,98,101,101,101,101,104,104,104,104,72,72,75,75,75,75,81,81,81,81,81,81,81,81,81],"card_choices":[{"not_picked":["ReplayTheSpireMod:Brewmster","Panache"],"picked":"HandOfGreed","floor":0},{"not_picked":["Searing Blow","Carnage"],"picked":"ReplayTheSpireMod:LeadingStrike","floor":1},{"not_picked":["Dropkick","Dark Embrace","ReplayReversal"],"picked":"SKIP","floor":5},{"not_picked":["Reckless Charge","True Grit"],"picked":"Massacre","floor":6},{"not_picked":["Armaments","Flex"],"picked":"Reaper","floor":8},{"not_picked":["Demonic Infusion","Anger"],"picked":"Feed","floor":10},{"not_picked":["ReplayTheSpireMod:Strike From Hell","Warcry"],"picked":"Rampage","floor":11},{"not_picked":["Replay:Undeath\u0027s Touch","Dark Embrace"],"picked":"Pummel","floor":12},{"not_picked":["Combust","Dark Embrace"],"picked":"Feed","floor":14},{"not_picked":["Eclipse","Fiend Fire"],"picked":"Feed","floor":16},{"not_picked":["Parasite","Writhe","ReplayTheSpireMod:IOU"],"picked":"Singing Bowl","floor":17},{"not_picked":["Amnesia","ReplayTheSpireMod:Restless Dread","Decay"],"picked":"Singing Bowl","floor":17},{"not_picked":["Spreading Infection","Amnesia","ReplayTheSpireMod:Restless Dread"],"picked":"Singing Bowl","floor":17},{"not_picked":["Burning Pact","Iron Wave+1"],"picked":"Heavy Blade+1","floor":18},{"not_picked":["Replay:Undeath\u0027s Touch","True Grit"],"picked":"Pommel Strike","floor":19},{"not_picked":["Anger","Feel No Pain"],"picked":"Feed","floor":21},{"not_picked":["Intimidate","Rampage"],"picked":"Heavy Blade","floor":22},{"not_picked":["True Grit","Wild Strike"],"picked":"Whirlwind","floor":25},{"not_picked":["Havoc","True Grit"],"picked":"Heavy Blade","floor":31},{"not_picked":["Berserk","Feed"],"picked":"Limit Break","floor":33},{"not_picked":["Headbutt","ReplayReversal","Massacre"],"picked":"Heavy Blade","floor":35},{"not_picked":["Shockwave","ReplayTheSpireMod:Strike From Hell","Anger"],"picked":"Heavy Blade","floor":38}],"player_experience":446731,"relics_obtained":[{"floor":6,"key":"WingedGreaves"},{"floor":8,"key":"Ornamental Fan"},{"floor":9,"key":"Replay:Bottled Snecko"},{"floor":10,"key":"Grinning Jar"},{"floor":26,"key":"Replay:Rubber Ducky"}],"event_choices":[{"damage_healed":0,"gold_gain":72,"player_choice":"Gained Gold","damage_taken":0,"max_hp_gain":0,"max_hp_loss":0,"event_name":"Golden Wing","floor":2,"gold_loss":0},{"damage_healed":0,"gold_gain":0,"player_choice":"1 cards matched","damage_taken":0,"max_hp_gain":0,"max_hp_loss":0,"event_name":"Match and Keep!","floor":13,"gold_loss":0,"cards_obtained":["ReplayTheSpireMod:Private Reserves"]},{"cards_removed":["ReplayTheSpireMod:Restless Dread"],"damage_healed":0,"gold_gain":0,"player_choice":"Gave Gold","damage_taken":0,"max_hp_gain":0,"max_hp_loss":0,"event_name":"Beggar","floor":27,"gold_loss":75},{"damage_healed":0,"gold_gain":0,"player_choice":"Became a vampire","damage_taken":0,"max_hp_gain":0,"max_hp_loss":32,"event_name":"Vampires","floor":29,"gold_loss":0,"cards_obtained":["Bite","Bite","Bite","Bite","Bite"]},{"damage_healed":0,"gold_gain":0,"player_choice":"Embrace Madness","damage_taken":10,"max_hp_gain":0,"max_hp_loss":0,"event_name":"Winding Halls","floor":36,"gold_loss":0,"cards_obtained":["Madness","Madness"]},{"damage_healed":0,"gold_gain":0,"player_choice":"Copied","damage_taken":0,"max_hp_gain":0,"max_hp_loss":0,"event_name":"Duplicator","floor":37,"gold_loss":0,"cards_obtained":["Limit Break"]}],"is_beta":false,"boss_relics":[{"not_picked":["Kintsugi","Velvet Choker"],"picked":"Replay:Ancient Bell"},{"not_picked":["War Paint","Blood Vial"],"picked":"CeramicFish"},{"not_picked":["Mercury Hourglass","Replay:Bottled Eggs"],"picked":"Singing Bowl"},{"not_picked":["Peace Pipe","Turnip"],"picked":"Ginger"},{"not_picked":["Coffee Dripper","Fusion Hammer"],"picked":"Replay:Grab Bag"},{"not_picked":["Busted Crown","Sozu"],"picked":"Ooze Armor"},{"not_picked":["Cursed Key","Philosopher\u0027s Stone"],"picked":"ChewingGum"},{"not_picked":["Snecko Eye","Calling Bell"],"picked":"Black Blood"},{"not_picked":["Black Star","Pandora\u0027s Box"],"picked":"Honey Jar"}],"items_purged_floors":[20,30],"is_endless":false,"potions_floor_spawned":[1,10,11,18,21,25,33,38],"killed_by":"R_Hoarder","ascension_level":13}}