{"host":"szp1d6dso4pv7ddl","time":1607653290,"event":{"mods":["AchievementEnabler","Alarm Clock","BaseMod","Bestiary","Block Reminder","Colored Map","Colored Powertips","Curses Come First","DeckTracker","Displayed Cursed Tome","Highlight Path","Minty Spire (QoL Compilation)","Permanent Neow","Quick Restart","Relic Stats","StSLib"],"gold_per_floor":[116,116,141,141,156,156,197,197,197,197,197,222,222,247,247,368,368,388,402,402,402,402],"floor_reached":21,"playtime":1006,"items_purged":[],"score":179,"play_id":"9a9dcd4a-02d7-4cc3-b8b2-b7e4d8a65c6e","local_time":"20201210182130","is_ascension_mode":false,"campfire_choices":[{"data":"Zap","floor":6.0,"key":"SMITH"},{"data":"Rebound","floor":8.0,"key":"SMITH"},{"floor":10.0,"key":"REST"},{"data":"Dualcast","floor":15.0,"key":"SMITH"}],"circlet_count":0,"master_deck":["Strike_B","Strike_B","Strike_B","Defend_B","Defend_B","Defend_B","Zap+1","Dualcast+1","Echo Form+1","Rebound+1","Gash"],"relics":["Cracked Core","Golden Idol","Ginger","Dead Branch","Eternal Feather","Empty Cage"],"acts_visited":["Exordium","TheCity"],"potions_floor_usage":[],"damage_taken":[{"damage":7.0,"enemies":"2 Louse","floor":1.0,"turns":3.0},{"damage":0.0,"enemies":"Small Slimes","floor":3.0,"turns":2.0},{"damage":1.0,"enemies":"Cultist","floor":5.0,"turns":3.0},{"damage":21.0,"enemies":"Lagavulin","floor":7.0,"turns":7.0},{"damage":0.0,"enemies":"Exordium Thugs","floor":12.0,"turns":4.0},{"damage":0.0,"enemies":"Large Slime","floor":14.0,"turns":4.0},{"damage":25.0,"enemies":"Slime Boss","floor":16.0,"turns":6.0},{"damage":17.0,"enemies":"Shell Parasite","floor":18.0,"turns":6.0},{"damage":9.0,"enemies":"Chosen","floor":19.0,"turns":5.0},{"damage":0,"enemies":"3 Cultists","floor":21,"turns":1}],"seed_played":"-7669861487200469378","potions_obtained":[{"floor":3.0,"key":"EssenceOfSteel"},{"floor":7.0,"key":"Explosive Potion"}],"is_trial":false,"path_per_floor":["M","?","M","?","M","R","E","R","T","R","T","M","?","M","R","B",null,"M","M","?","M"],"character_chosen":"DEFECT","items_purchased":[],"campfire_rested":1,"item_purchase_floors":[],"current_hp_per_floor":[68,50,50,50,49,49,28,28,28,50,50,50,55,55,61,36,80,63,54,45,45,45],"gold":402,"neow_bonus":"ONE_RANDOM_RARE_CARD","is_daily":false,"chose_seed":false,"campfire_upgraded":3,"win_rate":0.0,"timestamp":1607653290,"path_taken":["M","?","M","?","?","R","E","R","T","R","?","M","?","M","R","BOSS","M","M","?","M"],"items_purchased_type":[],"build_version":"2020-11-30","purchased_purges":0,"victory":false,"max_hp_per_floor":[75,75,75,75,75,75,75,75,75,75,75,75,80,80,80,80,80,80,80,80,80,80],"relic_stats":{"counters":[10,40],"Golden Idol":57,"Dead Branch":[3],"Eternal Feather":6,"Ginger":[2],"obtain_stats":[{"Golden Idol":2,"Dead Branch":9,"Eternal Feather":11,"Ginger":7,"Cracked Core":0,"Empty Cage":17},{"Golden Idol":1,"Dead Branch":4,"Eternal Feather":4,"Ginger":4,"Cracked Core":0,"Empty Cage":7},{"Golden Idol":3,"Dead Branch":15,"Eternal Feather":15,"Ginger":15,"Cracked Core":0,"Empty Cage":29}]},"card_choices":[{"not_picked":["Barrage","Hologram"],"picked":"Rebound","floor":1.0},{"not_picked":["Capacitor","Conserve Battery"],"picked":"Gash","floor":3.0},{"not_picked":["Ball Lightning","Sweeping Beam","Go for the Eyes"],"picked":"SKIP","floor":5.0},{"not_picked":["Darkness","Lockon","Buffer"],"picked":"SKIP","floor":7.0},{"not_picked":["Compile Driver","Streamline","Leap"],"picked":"SKIP","floor":12.0},{"not_picked":["Redo","Rebound","Cold Snap"],"picked":"SKIP","floor":14.0},{"not_picked":["Streamline+1","Beam Cell","Turbo"],"picked":"SKIP","floor":18.0},{"not_picked":["Stack","Leap","BootSequence"],"picked":"SKIP","floor":19.0}],"player_experience":903769,"relics_obtained":[{"floor":7.0,"key":"Ginger"},{"floor":9.0,"key":"Dead Branch"},{"floor":11.0,"key":"Eternal Feather"}],"event_choices":[{"damage_healed":0.0,"max_hp_gain":0.0,"max_hp_loss":0.0,"gold_gain":0.0,"event_name":"Golden Idol","player_choice":"Take Damage","floor":2.0,"gold_loss":0.0,"damage_taken":18.0,"relics_obtained":["Golden Idol"]},{"damage_healed":0.0,"max_hp_gain":0.0,"max_hp_loss":0.0,"gold_gain":0.0,"event_name":"Upgrade Shrine","player_choice":"Upgraded","floor":4.0,"gold_loss":0.0,"damage_taken":0.0,"cards_upgraded":["Echo Form"]},{"damage_healed":0.0,"max_hp_gain":5.0,"max_hp_loss":0.0,"gold_gain":0.0,"event_name":"Big Fish","player_choice":"Donut","floor":13.0,"gold_loss":0.0,"damage_taken":0.0},{"damage_healed":0.0,"max_hp_gain":0.0,"max_hp_loss":0.0,"gold_gain":0.0,"event_name":"Cursed Tome","player_choice":"Stopped","floor":20.0,"gold_loss":0.0,"damage_taken":9.0}],"is_beta":false,"boss_relics":[{"not_picked":["Astrolabe","Cursed Key"],"picked":"Empty Cage"}],"items_purged_floors":[],"is_endless":false,"potions_floor_spawned":[3,7],"killed_by":"3 Cultists","ascension_level":0}}