{"host":"nvwxkcurnqq848ao","time":1607645504,"event":{"mods":["BaseMod","Block Reminder","Downfall","Infinite Spire","Minty Spire (QoL Compilation)","Relic Sorter","Replay The Spire","StSLib"],"gold_per_floor":[115,115,115,13,26,26,54,3,3,33,33,33,33,53,53,53,53],"floor_reached":16,"playtime":961,"items_purged":[],"score":111,"play_id":"d1ff0e99-9c89-466b-818c-c583d07f7ec6","local_time":"20201210181144","is_ascension_mode":true,"campfire_choices":[{"data":"Wireheading","floor":6,"key":"SMITH"},{"floor":12,"key":"REST"},{"data":"Weave","floor":15,"key":"SMITH"},{"data":"JustLucky","floor":15,"key":"SMITH"}],"circlet_count":0,"master_deck":["Strike_P","Strike_P+1","Strike_P","Defend_P+1","Defend_P","Defend_P","Defend_P","Eruption+1","Vigilance","Weave+1","Replay:ManipulateFuture","JustLucky+1","Wireheading+1","DeusExMachina","WreathOfFlame","Replay:Hum","MasterReality+1","Replay:AllIn"],"relics":["PureWater","Sundial","Toy Ornithopter","Replay:Arrowhead"],"acts_visited":["Exordium"],"potions_floor_usage":[10],"damage_taken":[{"damage":10,"enemies":"Small Slimes","floor":1,"turns":3},{"damage":0,"enemies":"Cultist","floor":5,"turns":4},{"damage":29,"enemies":"Lagavulin","floor":7,"turns":9},{"damage":17,"enemies":"3 Sentries","floor":10,"turns":7},{"damage":2,"enemies":"2 Louse","floor":14,"turns":2},{"damage":34,"enemies":"The Guardian","floor":16,"turns":6}],"seed_played":"4413952394608019233","potions_obtained":[{"floor":7,"key":"Explosive Potion"}],"is_trial":false,"path_per_floor":["M","?","?","$","M","R","E","$","T","E","?","R","?","M","R","B"],"character_chosen":"WATCHER","items_purchased":["Replay:ManipulateFuture","JustLucky","WreathOfFlame"],"campfire_rested":1,"item_purchase_floors":[4,4,8],"current_hp_per_floor":[69,53,53,53,53,53,24,24,24,12,12,35,35,33,33,0,0],"gold":53,"neow_bonus":"TEN_PERCENT_HP_BONUS","is_daily":false,"chose_seed":false,"campfire_upgraded":3,"win_rate":0.0,"timestamp":1607645504,"path_taken":["M","?","?","$","?","R","E","$","T","E","?","R","?","M","R","BOSS"],"items_purchased_type":["Card","Card","Card"],"build_version":"2020-11-30","purchased_purges":0,"victory":false,"max_hp_per_floor":[79,79,79,79,79,79,79,79,79,79,79,79,79,79,79,79,79],"card_choices":[{"not_picked":["Sanctity","Prostrate"],"picked":"Weave","floor":1},{"not_picked":["BowlingBash","Tantrum"],"picked":"Wireheading","floor":5},{"not_picked":["FollowUp","Replay:BluntJabs"],"picked":"DeusExMachina","floor":7},{"not_picked":["Replay:Battleflow","Prostrate"],"picked":"Replay:Hum","floor":10},{"not_picked":["Replay:AtTheReady","WheelKick","SandsOfTime"],"picked":"SKIP","floor":14}],"player_experience":505666,"relics_obtained":[{"floor":7,"key":"Sundial"},{"floor":9,"key":"Toy Ornithopter"},{"floor":10,"key":"Replay:Arrowhead"}],"event_choices":[{"damage_healed":0,"gold_gain":0,"player_choice":"Entered Light","damage_taken":16,"max_hp_gain":0,"max_hp_loss":0,"event_name":"Shining Light","floor":2,"gold_loss":0,"cards_upgraded":["Defend_P","Strike_P"]},{"damage_healed":0,"gold_gain":0,"player_choice":"Upgraded","damage_taken":0,"max_hp_gain":0,"max_hp_loss":0,"event_name":"Upgrade Shrine","floor":3,"gold_loss":0,"cards_upgraded":["Eruption"]},{"damage_healed":0,"gold_gain":0,"cards_transformed":["Strike_P"],"player_choice":"Change","damage_taken":0,"max_hp_gain":0,"max_hp_loss":0,"event_name":"Living Wall","floor":13,"gold_loss":0,"cards_obtained":["Replay:AllIn"]}],"is_beta":false,"boss_relics":[],"items_purged_floors":[],"is_endless":false,"potions_floor_spawned":[7],"killed_by":"The Guardian","ascension_level":1}}