{"host":"gbop6m4qugddaz18","time":1607720737,"event":{"mods":["2.2 Compatiblity","BaseMod","Better Third Choice","Block Reminder","Downfall","GifTheSpireLib","Highlight Path","Minty Spire (QoL Compilation)","StSLib"],"gold_per_floor":[99,99,99,129,129,129,129],"floor_reached":6,"playtime":262,"items_purged":[],"score":78,"play_id":"6857af68-5662-415c-9e9a-638fd0a19c87","local_time":"20201211160537","is_ascension_mode":true,"campfire_choices":[{"data":"Guardian:TwinSlam","floor":1,"key":"SMITH"}],"circlet_count":0,"master_deck":["Guardian:Strike_Guardian","Guardian:Strike_Guardian","Guardian:Strike_Guardian","Guardian:Strike_Guardian","Guardian:Defend_Guardian","Guardian:Defend_Guardian","Guardian:Defend_Guardian","Guardian:Defend_Guardian","Guardian:CurlUp","Guardian:TwinSlam+1","Regret","Guardian:Gem_Synthetic","Guardian:Gem_Fragmented","Guardian:Gem_Cyan","Guardian:Gem_Blue","Guardian:PrimingBeam","Guardian:PiercingHide","Guardian:Gem_Fragmented","Guardian:Gem_Orange"],"relics":["Guardian:ModeShifter","downfall:HeartsMalice","Guardian:SackOfGems","Guardian:PickAxe"],"acts_visited":["Exordium"],"potions_floor_usage":[],"damage_taken":[{"damage":0,"enemies":"Small Slimes","floor":3,"turns":1},{"damage":0,"enemies":"Lagavulin","floor":4,"turns":1},{"damage":82,"enemies":"Gremlin Nob","floor":6,"turns":5}],"seed_played":"-555221360186836840","potions_obtained":[{"floor":4,"key":"BlessingOfTheForge"}],"is_trial":false,"path_per_floor":["R","?","M","E","R","E"],"character_chosen":"GUARDIAN","items_purchased":[],"campfire_rested":0,"item_purchase_floors":[],"current_hp_per_floor":[80,80,80,80,80,0,0],"gold":129,"neow_bonus":"THREE_ENEMY_KILL","is_daily":false,"chose_seed":false,"campfire_upgraded":1,"win_rate":0.0,"timestamp":1607720737,"path_taken":["R","?","M","E","R","E"],"items_purchased_type":[],"build_version":"2020-11-30","purchased_purges":0,"victory":false,"max_hp_per_floor":[80,80,80,80,80,80,80],"card_choices":[{"not_picked":["Guardian:ChargeCore","Guardian:TemporalStrike"],"picked":"Guardian:PrimingBeam","floor":3},{"not_picked":["Guardian:PrimingBeam","Guardian:Incinerate"],"picked":"Guardian:PiercingHide","floor":4}],"player_experience":390065,"relics_obtained":[{"floor":4,"key":"Guardian:PickAxe"}],"event_choices":[{"damage_healed":0,"gold_gain":0,"player_choice":"Box","damage_taken":0,"relics_obtained":["Guardian:SackOfGems"],"max_hp_gain":0,"max_hp_loss":0,"event_name":"Big Fish","floor":2,"gold_loss":0,"cards_obtained":["Regret"]}],"is_beta":false,"boss_relics":[],"items_purged_floors":[],"is_endless":false,"potions_floor_spawned":[4],"killed_by":"Gremlin Nob","ascension_level":4}}