{"host":"rmsq46plbpwfbxcc","time":1607673128,"event":{"mods":["AchievementEnabler","BaseMod","Colored Map","DeckTracker","Minty Spire (QoL Compilation)","Permanent Neow","SuperFastMode"],"gold_per_floor":[134,209,78,129,167,167,251,53,106,123,148,210,210,210,210,289,289,327,338,263,178,197,197,240,268,295,322,384,396,408,408],"floor_reached":30,"playtime":965,"items_purged":["Normality"],"score":513,"play_id":"d50830ba-6278-43fd-b829-bb813ff8f948","local_time":"20201211165208","is_ascension_mode":true,"campfire_choices":[{"data":"HandOfGreed","floor":6.0,"key":"SMITH"},{"data":"Apotheosis","floor":13.0,"key":"SMITH"},{"floor":15.0,"key":"REST"},{"floor":23.0,"key":"REST"},{"floor":29,"key":"REST"}],"circlet_count":0,"master_deck":["AscendersBane","Strike_G","Strike_G","Strike_G","Strike_G","Defend_G","Defend_G","Defend_G","Defend_G","Defend_G","Survivor","Neutralize","HandOfGreed+1","Noxious Fumes","Blade Dance","PiercingWail","Bullet Time","Apotheosis+1","Tactician","Choke","A Thousand Cuts","Infinite Blades","Envenom","Blur","Accuracy","Acrobatics","Writhe","Backflip"],"relics":["Ring of the Snake","Nunchaku","PreservedInsect","Dream Catcher","Cursed Key","Snake Skull","Happy Flower","MawBank"],"acts_visited":["Exordium","TheCity"],"potions_floor_usage":[27],"damage_taken":[{"damage":3.0,"enemies":"2 Louse","floor":1.0,"turns":5.0},{"damage":6.0,"enemies":"Small Slimes","floor":4.0,"turns":7.0},{"damage":0.0,"enemies":"Cultist","floor":5.0,"turns":3.0},{"damage":0.0,"enemies":"3 Sentries","floor":7.0,"turns":8.0},{"damage":13.0,"enemies":"Large Slime","floor":10.0,"turns":7.0},{"damage":7.0,"enemies":"Lagavulin","floor":11.0,"turns":5.0},{"damage":10.0,"enemies":"3 Louse","floor":12.0,"turns":5.0},{"damage":28.0,"enemies":"Slime Boss","floor":16.0,"turns":7.0},{"damage":16.0,"enemies":"Spheric Guardian","floor":18.0,"turns":4.0},{"damage":2.0,"enemies":"Chosen","floor":19.0,"turns":3.0},{"damage":25.0,"enemies":"Snecko","floor":22.0,"turns":5.0},{"damage":3.0,"enemies":"3 Cultists","floor":24.0,"turns":7.0},{"damage":16.0,"enemies":"Book of Stabbing","floor":25.0,"turns":4.0},{"damage":5,"enemies":"Snake Plant","floor":27,"turns":3},{"damage":29,"enemies":"Gremlin Leader","floor":30,"turns":2}],"seed_played":"1706277032919790660","potions_obtained":[{"floor":1.0,"key":"Regen Potion"},{"floor":5.0,"key":"AttackPotion"},{"floor":7.0,"key":"GamblersBrew"},{"floor":16.0,"key":"Fire Potion"},{"floor":18.0,"key":"FearPotion"},{"floor":25.0,"key":"Swift Potion"}],"is_trial":false,"path_per_floor":["M","?","$","M","M","R","E","$","T","M","E","M","R","?","R","B",null,"M","M","?","?","M","R","M","E","T","M","?","R","E"],"character_chosen":"THE_SILENT","items_purchased":["Blade Dance","Apotheosis"],"campfire_rested":3,"item_purchase_floors":[3,8],"current_hp_per_floor":[56,45,45,54,54,54,54,54,54,41,34,24,24,24,43,15,53,37,35,35,35,10,29,26,10,10,5,5,24,0,0],"gold":408,"neow_bonus":"RANDOM_COLORLESS_2","is_daily":false,"chose_seed":false,"campfire_upgraded":2,"win_rate":0.0,"timestamp":1607673128,"path_taken":["M","?","$","M","M","R","E","$","T","M","E","M","R","?","R","BOSS","M","?","?","?","M","R","M","E","T","M","?","R","E"],"items_purchased_type":["Card","Card"],"build_version":"2020-11-30","purchased_purges":1,"victory":false,"max_hp_per_floor":[66,66,66,66,66,66,66,66,66,66,66,66,66,66,66,66,66,66,66,66,66,66,66,66,66,66,66,66,66,66,66],"card_choices":[{"not_picked":["Thinking Ahead","Master of Strategy"],"picked":"HandOfGreed","floor":0.0},{"not_picked":["Underhanded Strike","Catalyst"],"picked":"Noxious Fumes","floor":1.0},{"not_picked":["Distraction","Slice","Skewer"],"picked":"SKIP","floor":4.0},{"not_picked":["Sucker Punch","Prepared"],"picked":"PiercingWail","floor":5.0},{"not_picked":["Dagger Spray","Deadly Poison"],"picked":"Bullet Time","floor":7.0},{"not_picked":["Flechettes","Dagger Spray","Leg Sweep"],"picked":"SKIP","floor":10.0},{"not_picked":["Endless Agony","Prepared"],"picked":"Tactician","floor":11.0},{"not_picked":["Crippling Poison","Infinite Blades"],"picked":"Choke","floor":12.0},{"not_picked":["Dagger Spray","Footwork"],"picked":"Infinite Blades","floor":15.0},{"not_picked":["Unload","Die Die Die"],"picked":"Envenom","floor":16.0},{"not_picked":["Acrobatics","Quick Slash"],"picked":"Blur","floor":18.0},{"not_picked":["Terror","Leg Sweep"],"picked":"Accuracy","floor":19.0},{"not_picked":["PiercingWail","Heel Hook"],"picked":"Acrobatics","floor":22.0},{"not_picked":["Dodge and Roll","Bouncing Flask","Malaise"],"picked":"SKIP","floor":24.0},{"not_picked":["Leg Sweep","Quick Slash","Expertise"],"picked":"SKIP","floor":25.0},{"not_picked":["Sucker Punch","Distraction","Underhanded Strike"],"picked":"SKIP","floor":27},{"not_picked":["Prepared","Bouncing Flask"],"picked":"Backflip","floor":29}],"player_experience":1315254,"relics_obtained":[{"floor":7.0,"key":"Nunchaku"},{"floor":9.0,"key":"PreservedInsect"},{"floor":11.0,"key":"Dream Catcher"},{"floor":25.0,"key":"Happy Flower"},{"floor":26.0,"key":"MawBank"}],"event_choices":[{"damage_healed":0.0,"max_hp_gain":0.0,"max_hp_loss":0.0,"gold_gain":75.0,"event_name":"World of Goop","player_choice":"Gather Gold","floor":2.0,"gold_loss":0.0,"damage_taken":11.0},{"damage_healed":0.0,"max_hp_gain":0.0,"max_hp_loss":0.0,"gold_gain":0.0,"event_name":"Match and Keep!","player_choice":"1 cards matched","floor":14.0,"gold_loss":0.0,"damage_taken":0.0,"cards_obtained":["A Thousand Cuts"]},{"cards_removed":["Strike_G"],"damage_healed":0.0,"max_hp_gain":0.0,"max_hp_loss":0.0,"gold_gain":0.0,"event_name":"Beggar","player_choice":"Gave Gold","floor":20.0,"gold_loss":75.0,"damage_taken":0.0},{"damage_healed":0.0,"max_hp_gain":0.0,"max_hp_loss":0.0,"gold_gain":0.0,"event_name":"Addict","player_choice":"Obtained Relic","floor":21.0,"gold_loss":85.0,"damage_taken":0.0,"relics_obtained":["Snake Skull"]},{"damage_healed":0,"gold_gain":50,"player_choice":"Stole From Cult","damage_taken":0,"max_hp_gain":0,"max_hp_loss":0,"event_name":"Nest","floor":28,"gold_loss":0}],"is_beta":false,"boss_relics":[{"not_picked":["Ring of the Serpent","Coffee Dripper"],"picked":"Cursed Key"}],"items_purged_floors":[3],"is_endless":false,"potions_floor_spawned":[1,5,7,16,18,25],"killed_by":"Gremlin Leader","ascension_level":16}}