{"host":"2pgz2fctomabfk86","time":1607662229,"event":{"mods":["AchievementEnabler","BaseMod","Colored Map","DeckTracker","Minty Spire (QoL Compilation)","StSLib","SuperFastMode"],"gold_per_floor":[117,135,135,135,60,60,89,106,106,106,124,152,165,184,184,260,260,276,276,296,312,331,331,35,35,35,51,51,29,45,45,45,118,118,128,138,185,51,67,99,116,131,179,197,25,25,0,33,33,33],"floor_reached":51,"playtime":2218,"items_purged":["Defend_R","Hemokinesis"],"score":1328,"play_id":"42773dc4-26db-4ebd-9988-e0ce56f3b246","local_time":"20201211135029","is_ascension_mode":true,"campfire_choices":[{"data":"Perfected Strike","floor":10.0,"key":"SMITH"},{"data":"Seeing Red","floor":15.0,"key":"SMITH"},{"data":"Dark Embrace","floor":23.0,"key":"SMITH"},{"data":"Battle Trance","floor":25.0,"key":"SMITH"},{"floor":28.0,"key":"REST"},{"floor":32.0,"key":"REST"},{"floor":46,"key":"REST"},{"floor":49,"key":"REST"}],"circlet_count":0,"master_deck":["AscendersBane","Strike_R","Strike_R","Strike_R+1","Defend_R","Defend_R","Bash+1","Perfected Strike+1","Dark Embrace+1","Twin Strike","Pommel Strike","Seeing Red+1","Burning Pact","Perfected Strike+1","Battle Trance+1","Shockwave+1","Dual Wield+1","Offering+1","Perfected Strike","Twin Strike","Double Tap+1","Ghostly Armor+1","Perfected Strike+1","True Grit+1","True Grit+1"],"relics":["Burning Blood","NeowsBlessing","HornCleat","Smiling Mask","Anchor","Sozu","Membership Card","Self Forming Clay","Toxic Egg 2","Empty Cage","Ice Cream","Vajra","Boot","StrikeDummy","Red Mask","Kunai"],"acts_visited":["Exordium","TheCity","TheBeyond"],"potions_floor_usage":[50],"damage_taken":[{"damage":0.0,"enemies":"Jaw Worm","floor":1.0,"turns":1.0},{"damage":0.0,"enemies":"Small Slimes","floor":2.0,"turns":1.0},{"damage":0.0,"enemies":"3 Sentries","floor":7.0,"turns":2.0},{"damage":5.0,"enemies":"Cultist","floor":8.0,"turns":4.0},{"damage":10.0,"enemies":"Looter","floor":11.0,"turns":4.0},{"damage":2.0,"enemies":"Gremlin Nob","floor":12.0,"turns":3.0},{"damage":2.0,"enemies":"Lots of Slimes","floor":13.0,"turns":3.0},{"damage":2.0,"enemies":"Exordium Wildlife","floor":14.0,"turns":3.0},{"damage":51.0,"enemies":"Hexaghost","floor":16.0,"turns":9.0},{"damage":14.0,"enemies":"2 Thieves","floor":18.0,"turns":4.0},{"damage":2.0,"enemies":"Shell Parasite","floor":20.0,"turns":2.0},{"damage":18.0,"enemies":"Cultist and Chosen","floor":21.0,"turns":5.0},{"damage":11.0,"enemies":"3 Cultists","floor":22.0,"turns":4.0},{"damage":20.0,"enemies":"Snake Plant","floor":27.0,"turns":3.0},{"damage":20.0,"enemies":"Snecko","floor":30.0,"turns":4.0},{"damage":36.0,"enemies":"Collector","floor":33.0,"turns":5.0},{"damage":18.0,"enemies":"3 Shapes","floor":35.0,"turns":4.0},{"damage":17.0,"enemies":"3 Darklings","floor":36.0,"turns":4.0},{"damage":16,"enemies":"2 Orb Walkers","floor":37,"turns":3},{"damage":3,"enemies":"Jaw Worm Horde","floor":39,"turns":4},{"damage":14,"enemies":"Reptomancer","floor":40,"turns":2},{"damage":8,"enemies":"Spire Growth","floor":41,"turns":4},{"damage":0,"enemies":"Transient","floor":42,"turns":5},{"damage":16,"enemies":"3 Darklings","floor":44,"turns":3},{"damage":21,"enemies":"Nemesis","floor":48,"turns":5},{"damage":26,"enemies":"Time Eater","floor":50,"turns":5}],"seed_played":"-7322480980957177393","potions_obtained":[{"floor":1.0,"key":"ColorlessPotion"},{"floor":6.0,"key":"Weak Potion"},{"floor":8.0,"key":"Regen Potion"},{"floor":12.0,"key":"Energy Potion"},{"floor":16.0,"key":"DuplicationPotion"}],"is_trial":false,"path_per_floor":["M","M","?","?","$","?","E","M","T","R","M","E","M","M","R","B",null,"M","?","M","M","M","R","$","R","T","M","R","$","M","?","R","B",null,"M","M","?","$","M","E","M","M","T","M","$","R","?","E","R","B",null],"character_chosen":"IRONCLAD","items_purchased":["Membership Card","Self Forming Clay","Shockwave+1","Double Tap+1","True Grit+1","StrikeDummy"],"campfire_rested":4,"item_purchase_floors":[24,24,29,38,45,45],"current_hp_per_floor":[74,75,75,52,52,52,58,59,59,59,55,59,63,67,67,22,62,54,54,58,46,41,41,41,41,41,27,49,49,35,35,57,27,63,51,40,30,30,33,25,23,29,29,19,19,41,41,26,48,28],"gold":33,"neow_bonus":"THREE_ENEMY_KILL","is_daily":false,"chose_seed":false,"campfire_upgraded":4,"win_rate":0.0,"timestamp":1607662229,"path_taken":["M","M","?","?","$","?","E","M","T","R","?","E","M","M","R","BOSS","M","?","?","M","M","R","$","R","T","M","R","$","M","?","R","BOSS","M","M","?","$","M","E","M","M","T","M","$","R","?","E","R","BOSS"],"items_purchased_type":["Relic","Relic","Undefined","Undefined","Undefined","Relic"],"build_version":"2020-11-30","purchased_purges":2,"victory":true,"max_hp_per_floor":[75,75,75,75,75,75,75,75,75,75,75,75,75,75,75,75,75,75,75,75,75,75,75,75,75,75,75,75,75,75,75,75,75,75,75,75,75,75,75,75,75,75,75,75,75,75,75,75,75,75],"card_choices":[{"not_picked":["Metallicize","Headbutt"],"picked":"Hemokinesis","floor":1.0},{"not_picked":["Flame Barrier","Anger","Thunderclap"],"picked":"SKIP","floor":2.0},{"not_picked":["Searing Blow","Fire Breathing"],"picked":"Dark Embrace","floor":7.0},{"not_picked":["Armaments","Intimidate"],"picked":"Twin Strike","floor":8.0},{"not_picked":["Reckless Charge","Heavy Blade"],"picked":"Pommel Strike","floor":11.0},{"not_picked":["Juggernaut","Headbutt"],"picked":"Seeing Red","floor":12.0},{"not_picked":["Anger","Blood for Blood","Iron Wave"],"picked":"SKIP","floor":13.0},{"not_picked":["Flex","Uppercut","Whirlwind"],"picked":"SKIP","floor":14.0},{"not_picked":["Bludgeon","Limit Break"],"picked":"Fiend Fire","floor":16.0},{"not_picked":["Sword Boomerang","Cleave","Rampage"],"picked":"SKIP","floor":18.0},{"not_picked":["Flex","Spot Weakness","Havoc"],"picked":"SKIP","floor":20.0},{"not_picked":["Rage","Body Slam"],"picked":"Perfected Strike+1","floor":21.0},{"not_picked":["Entrench","Inflame+1"],"picked":"Battle Trance","floor":22.0},{"not_picked":["Rupture","Thunderclap","Cleave"],"picked":"SKIP","floor":27.0},{"not_picked":["Body Slam","Rampage","Thunderclap"],"picked":"SKIP","floor":30.0},{"not_picked":["Reaper","Brutality"],"picked":"Offering+1","floor":33.0},{"not_picked":["Warcry+1","Pommel Strike"],"picked":"Perfected Strike","floor":35.0},{"not_picked":["Sword Boomerang","Wild Strike"],"picked":"Twin Strike","floor":36.0},{"not_picked":["Blood for Blood","Flame Barrier+1","Havoc+1"],"picked":"SKIP","floor":39},{"not_picked":["Combust","Havoc+1"],"picked":"Ghostly Armor+1","floor":40},{"not_picked":["Clothesline","Evolve"],"picked":"Perfected Strike+1","floor":41},{"not_picked":["Havoc+1","Body Slam+1","Cleave"],"picked":"SKIP","floor":42},{"not_picked":["Anger","Clothesline","Flex+1"],"picked":"SKIP","floor":44},{"not_picked":["Heavy Blade+1","Carnage+1"],"picked":"True Grit+1","floor":48}],"player_experience":874681,"relics_obtained":[{"floor":7.0,"key":"HornCleat"},{"floor":9.0,"key":"Smiling Mask"},{"floor":12.0,"key":"Anchor"},{"floor":26.0,"key":"Toxic Egg 2"},{"floor":37,"key":"Ice Cream"},{"floor":40,"key":"Vajra"},{"floor":43,"key":"Boot"},{"floor":48,"key":"Kunai"}],"event_choices":[{"damage_healed":0.0,"max_hp_gain":0.0,"max_hp_loss":0.0,"gold_gain":0.0,"cards_transformed":["Strike_R"],"event_name":"Living Wall","player_choice":"Change","floor":3.0,"gold_loss":0.0,"damage_taken":0.0,"cards_obtained":["Perfected Strike"]},{"damage_healed":0.0,"max_hp_gain":0.0,"max_hp_loss":0.0,"gold_gain":0.0,"event_name":"Shining Light","player_choice":"Entered Light","floor":4.0,"gold_loss":0.0,"damage_taken":23.0,"cards_upgraded":["Strike_R","Bash"]},{"damage_healed":0.0,"max_hp_gain":0.0,"max_hp_loss":0.0,"gold_gain":0.0,"event_name":"Lab","player_choice":"Got Potions","floor":6.0,"gold_loss":0.0,"damage_taken":0.0},{"damage_healed":0.0,"max_hp_gain":0.0,"max_hp_loss":0.0,"gold_gain":0.0,"cards_transformed":["Defend_R"],"event_name":"Transmorgrifier","player_choice":"Transformed","floor":19.0,"gold_loss":0.0,"damage_taken":0.0,"cards_obtained":["Burning Pact"]},{"damage_healed":0.0,"max_hp_gain":0.0,"max_hp_loss":0.0,"gold_gain":0.0,"event_name":"The Library","player_choice":"Read","floor":31.0,"gold_loss":0.0,"damage_taken":0.0,"cards_obtained":["Dual Wield"]},{"damage_healed":0,"gold_gain":0,"player_choice":"Fight","damage_taken":0,"max_hp_gain":0,"max_hp_loss":0,"event_name":"Mysterious Sphere","floor":37,"gold_loss":0},{"damage_healed":0,"gold_gain":0,"player_choice":"Paid","damage_taken":0,"relics_obtained":["Red Mask"],"max_hp_gain":0,"max_hp_loss":0,"event_name":"Tomb of Lord Red Mask","floor":47,"gold_loss":25}],"is_beta":false,"boss_relics":[{"not_picked":["Runic Pyramid","Ectoplasm"],"picked":"Sozu"},{"not_picked":["Astrolabe","Pandora\u0027s Box"],"picked":"Empty Cage"}],"items_purged_floors":[5,38],"is_endless":false,"potions_floor_spawned":[1,8,12,16,18,20,30,33,37,39,41,42,48],"ascension_level":16}}