{"host":"qwttrqaysb380yri","time":1607674442,"event":{"mods":["BaseMod","Custom Start","Minty Spire (QoL Compilation)","Puzzle Mod","Relic Stats","StSLib","The Cursed","The Hierophant"],"gold_per_floor":[109,109,127,144,158,190,190,207,207,223,223,243,255,280,280,344,344,359,355,112,112,132,144,159,159,159,159,176,177,82,97,97,151,201,268,325,325,370,400,400,440,440,467,417,491,587,651,725,725,725],"floor_reached":51,"playtime":1875,"items_purged":["hierophant:Strike_Hierophant","hierophant:Strike_Hierophant","hierophant:Defend_Hierophant"],"score":1655,"play_id":"dc5ccb81-6131-495e-8cf6-8bfeba8ee237","local_time":"20201211091402","is_ascension_mode":true,"campfire_choices":[{"floor":7.0,"key":"REST"},{"data":"hierophant:PristineSoul","floor":15.0,"key":"SMITH"},{"data":"hierophant:Exaltation","floor":25.0,"key":"SMITH"},{"data":"hierophant:Chorus","floor":27.0,"key":"SMITH"},{"floor":32.0,"key":"REST"},{"data":"hierophant:PristineSoul","floor":40,"key":"SMITH"},{"data":"hierophant:BulkyChest","floor":42,"key":"SMITH"},{"data":"hierophant:DivineIntervention","floor":49,"key":"SMITH"}],"circlet_count":0,"master_deck":["AscendersBane","hierophant:Punish+1","hierophant:Defend_Hierophant","hierophant:Defend_Hierophant","hierophant:ChurchCoffers","hierophant:Smite","hierophant:HolyVerse","hierophant:Smite+1","hierophant:AuricForm","hierophant:TollTheBells","hierophant:ThreeLashes+1","hierophant:PristineSoul+1","hierophant:Chorus+1","hierophant:Determination","hierophant:Exaltation+1","Panacea","hierophant:MorningPrayer","hierophant:MorningPrayer","hierophant:MorningPrayer+1","hierophant:BulkyChest+1","hierophant:PristineSoul+1","hierophant:DivineIntervention+1"],"relics":["hierophant:PropheticMaskRelic","Omamori","Ginger","Bird Faced Urn","WingedGreaves","Philosopher\u0027s Stone","Smiling Mask","InkBottle","Mummified Hand","Tiny House","Boot","Happy Flower","Art of War","Whetstone"],"acts_visited":["Exordium","TheCity","TheBeyond"],"potions_floor_usage":[38,45,48,50],"damage_taken":[{"damage":6.0,"enemies":"Cultist","floor":1.0,"turns":3.0},{"damage":0.0,"enemies":"Small Slimes","floor":3.0,"turns":1.0},{"damage":0.0,"enemies":"2 Louse","floor":4.0,"turns":1.0},{"damage":13.0,"enemies":"Lots of Slimes","floor":5.0,"turns":3.0},{"damage":10.0,"enemies":"3 Sentries","floor":6.0,"turns":2.0},{"damage":0.0,"enemies":"Large Slime","floor":8.0,"turns":4.0},{"damage":11.0,"enemies":"Blue Slaver","floor":10.0,"turns":3.0},{"damage":0.0,"enemies":"Gremlin Nob","floor":12.0,"turns":2.0},{"damage":6.0,"enemies":"2 Fungi Beasts","floor":13.0,"turns":2.0},{"damage":0.0,"enemies":"3 Sentries","floor":14.0,"turns":2.0},{"damage":2.0,"enemies":"Slime Boss","floor":16.0,"turns":5.0},{"damage":4.0,"enemies":"Shell Parasite","floor":18.0,"turns":4.0},{"damage":4.0,"enemies":"Chosen","floor":19.0,"turns":4.0},{"damage":22.0,"enemies":"Centurion and Healer","floor":22.0,"turns":3.0},{"damage":40.0,"enemies":"Book of Stabbing","floor":23.0,"turns":5.0},{"damage":46.0,"enemies":"Slavers","floor":24.0,"turns":5.0},{"damage":26.0,"enemies":"Shelled Parasite and Fungi","floor":28.0,"turns":5.0},{"damage":0.0,"enemies":"Snake Plant","floor":29.0,"turns":3.0},{"damage":2.0,"enemies":"Chosen and Byrds","floor":31.0,"turns":5.0},{"damage":7.0,"enemies":"Automaton","floor":33.0,"turns":4.0},{"damage":19,"enemies":"3 Darklings","floor":35,"turns":5},{"damage":8,"enemies":"Orb Walker","floor":36,"turns":5},{"damage":10,"enemies":"4 Shapes","floor":38,"turns":5},{"damage":37,"enemies":"Jaw Worm Horde","floor":39,"turns":3},{"damage":0,"enemies":"Nemesis","floor":41,"turns":3},{"damage":0,"enemies":"Reptomancer","floor":45,"turns":2},{"damage":0,"enemies":"Sphere and 2 Shapes","floor":46,"turns":3},{"damage":2,"enemies":"Spire Growth","floor":47,"turns":5},{"damage":0,"enemies":"Giant Head","floor":48,"turns":3},{"damage":48,"enemies":"Awakened One","floor":50,"turns":4}],"seed_played":"-966162845832134204","potions_obtained":[{"floor":1.0,"key":"BlessingOfTheForge"},{"floor":5.0,"key":"CultistPotion"},{"floor":6.0,"key":"Swift Potion"},{"floor":14.0,"key":"EssenceOfSteel"},{"floor":16.0,"key":"SpeedPotion"},{"floor":19.0,"key":"Strength Potion"},{"floor":23.0,"key":"Regen Potion"},{"floor":24.0,"key":"GamblersBrew"},{"floor":33.0,"key":"AttackPotion"},{"floor":34,"key":"LiquidBronze"},{"floor":41,"key":"PowerPotion"},{"floor":45,"key":"SkillPotion"}],"is_trial":false,"path_per_floor":["M","?","M","M","M","E","R","M","T","M","?","E","M","E","R","B",null,"M","M","$","?","M","E","E","R","T","R","M","M","$","M","R","B",null,"M","M","?","M","M","R","E","R","T","$","E","M","M","E","R","B",null],"character_chosen":"HIEROPHANT","items_purchased":["hierophant:Exaltation","Panacea","hierophant:MorningPrayer"],"campfire_rested":2,"item_purchase_floors":[20,20,30],"current_hp_per_floor":[69,62,62,62,49,39,63,63,63,52,52,52,46,46,46,46,73,81,81,81,81,76,40,43,43,43,43,19,26,26,38,62,59,81,87,86,86,87,50,50,70,70,70,70,72,79,81,85,85,39],"gold":725,"neow_bonus":"TEN_PERCENT_HP_BONUS","is_daily":false,"chose_seed":false,"campfire_upgraded":6,"win_rate":0.0,"timestamp":1607674442,"path_taken":["M","?","M","M","M","E","R","M","T","M","?","E","M","E","R","BOSS","M","M","$","?","M","E","E","R","T","R","M","?","$","M","R","BOSS","M","M","?","M","M","R","E","R","T","$","E","M","M","E","R","BOSS"],"items_purchased_type":["Card","Card","Card"],"build_version":"2020-11-30","purchased_purges":3,"victory":true,"max_hp_per_floor":[82,82,82,82,82,82,82,82,82,82,82,82,82,82,82,82,82,82,82,82,82,82,82,82,82,82,82,82,82,82,82,82,82,87,87,87,87,87,87,87,87,87,87,87,87,87,87,87,87,87],"relic_stats":{"Happy Flower":[5],"counters":[30,104],"Mummified Hand":[30],"Bird Faced Urn":[55],"Art of War":[6],"Ginger":[10],"Whetstone":["hierophant:Smite","hierophant:ThreeLashes"],"Smiling Mask":125,"Boot":[36],"obtain_stats":[{"Tiny House":34,"Happy Flower":43,"hierophant:PropheticMaskRelic":0,"Omamori":6,"Ginger":9,"Whetstone":48,"Smiling Mask":23,"Boot":41,"Mummified Hand":26,"Bird Faced Urn":12,"Philosopher\u0027s Stone":17,"WingedGreaves":14,"Art of War":45,"InkBottle":24},{"Tiny House":20,"Happy Flower":25,"hierophant:PropheticMaskRelic":0,"Omamori":5,"Ginger":6,"Whetstone":29,"Smiling Mask":15,"Boot":25,"Mummified Hand":16,"Bird Faced Urn":8,"Philosopher\u0027s Stone":11,"WingedGreaves":10,"Art of War":26,"InkBottle":16},{"Tiny House":66,"Happy Flower":87,"hierophant:PropheticMaskRelic":0,"Omamori":10,"Ginger":14,"Whetstone":100,"Smiling Mask":44,"Boot":87,"Mummified Hand":49,"Bird Faced Urn":19,"Philosopher\u0027s Stone":28,"WingedGreaves":23,"Art of War":89,"InkBottle":49}],"InkBottle":[21]},"card_choices":[{"not_picked":["hierophant:Alms","hierophant:Flagellation"],"picked":"hierophant:Smite","floor":1.0},{"not_picked":["hierophant:OrnateBuckler","hierophant:EyeForCoin"],"picked":"hierophant:HolyVerse","floor":3.0},{"not_picked":["hierophant:AuricShield","hierophant:HolyVerse"],"picked":"hierophant:Smite","floor":4.0},{"not_picked":["hierophant:Alms","hierophant:Remorse"],"picked":"hierophant:AuricForm","floor":5.0},{"not_picked":["hierophant:Refuge","hierophant:Smite","hierophant:DisplayOfPower"],"picked":"SKIP","floor":6.0},{"not_picked":["hierophant:OrnateBuckler","hierophant:Sermon"],"picked":"hierophant:TollTheBells","floor":8.0},{"not_picked":["hierophant:Alms","hierophant:RepressedViolence"],"picked":"hierophant:ThreeLashes","floor":10.0},{"not_picked":["hierophant:OrnateBuckler","hierophant:Glossolalia"],"picked":"hierophant:Chorus","floor":12.0},{"not_picked":["hierophant:DisplayOfPower","hierophant:Chorus","hierophant:RepressedViolence"],"picked":"SKIP","floor":13.0},{"not_picked":["hierophant:Dazzle","hierophant:ArchangelShield","hierophant:MintersHammer"],"picked":"SKIP","floor":14.0},{"not_picked":["hierophant:Invocation","hierophant:Anathema"],"picked":"hierophant:Determination","floor":16.0},{"not_picked":["hierophant:Remorse","hierophant:Zeal+1","hierophant:TollTheBells"],"picked":"SKIP","floor":18.0},{"not_picked":["hierophant:CoinFling+1","hierophant:Purify+1","hierophant:SealAway"],"picked":"SKIP","floor":19.0},{"not_picked":["hierophant:ConvertCurrency","hierophant:Patience","hierophant:HammerAndAnvil"],"picked":"SKIP","floor":22.0},{"not_picked":["hierophant:Doomsaying","hierophant:Determination","hierophant:CoinFling"],"picked":"SKIP","floor":23.0},{"not_picked":["hierophant:PassingBell","hierophant:ConvertCurrency","hierophant:Flagellation"],"picked":"SKIP","floor":24.0},{"not_picked":["hierophant:Purify","hierophant:Dazzle"],"picked":"hierophant:MorningPrayer","floor":28.0},{"not_picked":["hierophant:FlamingChariot","hierophant:RustyCrate","hierophant:AuricBeam"],"picked":"SKIP","floor":29.0},{"not_picked":["hierophant:FlamingChariot","hierophant:RustyCrate","hierophant:AuricBeam"],"picked":"SKIP","floor":29.0},{"not_picked":["hierophant:AuricForm","hierophant:HolyVerse"],"picked":"hierophant:MorningPrayer+1","floor":31.0},{"not_picked":["hierophant:LocustPlague","hierophant:Generosity"],"picked":"hierophant:BulkyChest","floor":33.0},{"not_picked":["hierophant:Upheaval","hierophant:Endure"],"picked":"hierophant:PristineSoul","floor":35},{"not_picked":["hierophant:AuricBeam","hierophant:Remorse","hierophant:Shelter"],"picked":"SKIP","floor":36},{"not_picked":["hierophant:Endure","hierophant:DisplayOfPower","hierophant:MintersHammer"],"picked":"SKIP","floor":38},{"not_picked":["hierophant:DisplayOfPower+1","hierophant:Racketeering+1","hierophant:Prophecy"],"picked":"SKIP","floor":39},{"not_picked":["hierophant:SealAway","hierophant:Endure","hierophant:ConvertCurrency"],"picked":"SKIP","floor":41},{"not_picked":["hierophant:DisplayOfPower","hierophant:RustyCrate","hierophant:RepressedViolence+1"],"picked":"SKIP","floor":45},{"not_picked":["hierophant:Flagellation","hierophant:Zeal","hierophant:Endure"],"picked":"SKIP","floor":46},{"not_picked":["hierophant:Doomsaying+1","hierophant:Community","hierophant:AuricBeam"],"picked":"SKIP","floor":47},{"not_picked":["hierophant:RustyCrate","hierophant:Charity"],"picked":"hierophant:DivineIntervention","floor":48}],"player_experience":1807870,"relics_obtained":[{"floor":6.0,"key":"Omamori"},{"floor":9.0,"key":"Ginger"},{"floor":12.0,"key":"Bird Faced Urn"},{"floor":14.0,"key":"WingedGreaves"},{"floor":23.0,"key":"Smiling Mask"},{"floor":24.0,"key":"InkBottle"},{"floor":26.0,"key":"Mummified Hand"},{"floor":41,"key":"Boot"},{"floor":43,"key":"Happy Flower"},{"floor":45,"key":"Art of War"},{"floor":48,"key":"Whetstone"}],"event_choices":[{"cards_removed":["hierophant:Strike_Hierophant"],"damage_healed":0.0,"max_hp_gain":0.0,"max_hp_loss":0.0,"gold_gain":0.0,"event_name":"Golden Wing","player_choice":"Card Removal","floor":2.0,"gold_loss":0.0,"damage_taken":7.0},{"damage_healed":0.0,"max_hp_gain":0.0,"max_hp_loss":0.0,"gold_gain":0.0,"cards_transformed":["hierophant:Strike_Hierophant"],"event_name":"Living Wall","player_choice":"Change","floor":11.0,"gold_loss":0.0,"damage_taken":0.0,"cards_obtained":["hierophant:PristineSoul"]},{"cards_removed":["hierophant:Defend_Hierophant"],"damage_healed":0.0,"max_hp_gain":0.0,"max_hp_loss":0.0,"gold_gain":0.0,"event_name":"Bonfire Elementals","player_choice":"Offered Basic","floor":21.0,"gold_loss":0.0,"damage_taken":0.0},{"damage_healed":0,"gold_gain":0,"player_choice":"Ignored","damage_taken":0,"max_hp_gain":0,"max_hp_loss":0,"event_name":"Tomb of Lord Red Mask","floor":37,"gold_loss":0}],"is_beta":false,"boss_relics":[{"not_picked":["SacredBark","Empty Cage"],"picked":"Philosopher\u0027s Stone"},{"not_picked":["Pandora\u0027s Box","Velvet Choker"],"picked":"Tiny House"}],"items_purged_floors":[20,30,44],"is_endless":false,"potions_floor_spawned":[1,5,6,8,14,16,19,23,24,33,41,45,46],"ascension_level":15}}