{"host":"jak4ncvfzor9mys0","time":1607729683,"event":{"mods":["2.2 Compatiblity","AchievementEnabler","BaseMod","Better Altar","Better Match","Better Note","Better Sensory Stone","Better Skull","Better Third Choice","BetterRewards","Block Reminder","Colored Map","Colored Powertips","Energized Spire","Gold Saver","Hubris","Infinite Spire","Key Reminder","Minty Spire (QoL Compilation)","Rare Cards Sparkle","Red Circlet Mod","Relic Sorter","Relic Stats","Replay The Spire","Retaliation","StSLib","SuperFastMode","The Blue Laboratory"],"gold_per_floor":[432,432,432,432,451,485,498,518,518,418,444,444,272,284,284,387,387,405,26,26,26,26,26,26,26],"floor_reached":24,"playtime":624,"items_purged":["Strike_B","Strike_B","Strike_B"],"score":302,"play_id":"5a48b9b0-1afe-4ab4-9a2f-da22a14b6c5e","local_time":"20201211153443","is_ascension_mode":false,"campfire_choices":[{"floor":12,"key":"REST"},{"data":"Hologram","floor":15,"key":"SMITH"},{"data":"Darkness","floor":23,"key":"SMITH"}],"circlet_count":0,"master_deck":["Strike_B+1","Defend_B+1","Defend_B+1","Defend_B+1","Defend_B+1","Zap+1","Dualcast","ReplayGash+1","Go for the Eyes","Conserve Battery","Dramatic Entrance","Darkness+1","BootSequence","Melter+1","Hologram+1","FTL+1"],"relics":["Cracked Core","Pen Nib","Bird Faced Urn","Molten Egg 2","hubris:HollowSoul","Ice Cream"],"acts_visited":["Exordium","TheCity"],"potions_floor_usage":[11,11,24],"damage_taken":[{"damage":0,"enemies":"Cultist","floor":1,"turns":3},{"damage":1,"enemies":"Jaw Worm","floor":5,"turns":2},{"damage":17,"enemies":"3 Sentries","floor":6,"turns":6},{"damage":0,"enemies":"Small Slimes","floor":7,"turns":2},{"damage":2,"enemies":"Blue Slaver","floor":8,"turns":3},{"damage":35,"enemies":"Gremlin Nob","floor":11,"turns":5},{"damage":0,"enemies":"2 Fungi Beasts","floor":14,"turns":2},{"damage":31,"enemies":"Slime Boss","floor":16,"turns":10},{"damage":20,"enemies":"2 Thieves","floor":18,"turns":4},{"damage":25,"enemies":"Nightmare","floor":24,"turns":2}],"seed_played":"8316262304223700254","potions_obtained":[{"floor":1,"key":"blueLaboratory:RelayPotion"},{"floor":6,"key":"blueLaboratory:LouseDecoction"},{"floor":16,"key":"LiquidBronze"}],"is_trial":false,"path_per_floor":["M","?","?","?","M","E","M","M","T","$","E","R","$","M","R","B",null,"M","$","?","?","?","R","NM"],"character_chosen":"DEFECT","items_purchased":["ReplayGash+1","Go for the Eyes","Conserve Battery","Hologram","Ice Cream","FTL+1"],"campfire_rested":1,"item_purchase_floors":[0,0,0,13,19,19],"current_hp_per_floor":[75,75,75,75,74,57,57,55,55,55,20,42,42,42,42,11,75,55,55,55,55,55,55,0,0],"gold":26,"neow_bonus":"","is_daily":false,"chose_seed":false,"campfire_upgraded":2,"win_rate":0.0,"timestamp":1607729683,"path_taken":["M","?","?","?","M","E","M","M","T","$","E","R","$","M","R","BOSS","M","$","?","?","?","R","NM"],"items_purchased_type":["Card","Card","Card","Card","Relic","Card"],"build_version":"2020-11-30","purchased_purges":3,"victory":false,"max_hp_per_floor":[75,75,75,75,75,75,75,75,75,75,75,75,75,75,75,75,75,75,75,75,75,75,75,75,75],"relic_stats":{"counters":[158,788],"Bird Faced Urn":[0],"Pen Nib":[6],"obtain_stats":[{"Ice Cream":39,"energizedSpire:UnstableMolecules":20,"Calipers":17,"CeramicFish":24,"Vajra":28,"Whetstone":9,"Sling":0,"Sozu":17,"Lizard Tail":29,"infinitespire:SolderingIron":28,"Replay:Frozen Program":2,"infinitespire:ShieldingShard":6,"Sundial":11,"infinitespire:Golems Mask":20,"MealTicket":0,"HandDrill":3,"Kunai":23,"Toxic Egg 2":7,"Counterbalance":40,"hubris:SphereOfDissonance":9,"Oddly Smooth Stone":21,"Pen Nib":6,"hubris:HollowSoul":17,"War Paint":14,"Du-Vu Doll":24,"SlaversCollar":27,"Replay:Baseball":26,"Bird Faced Urn":9,"Molten Egg 2":23,"hubris:TenFootPole":43,"ReplayTheSpireMod:TigerMarble":9,"energizedSpire:OldTV":34,"Solar Panel":6,"ReplayFunnel":21,"hubris:Metronome":14,"Carrot":9,"Snecko Heart":17,"Torii":8,"StoneCalendar":37,"hubris:SlimyHat":29,"Incense Burner":9,"Replay:Mystery Machine":46,"Ancient Tea Set":9,"Empty Cage":17,"ClockworkSouvenir":13,"Replay:Bandana":0,"Emotion Chip":25,"hubris:Backtick":17,"Shovel":26,"hubris:ScarierMask":17,"Tiny Chest":9,"Replay:Bottled Eggs":10,"Cracked Core":0,"InkBottle":27,"hubris:GlazedTorus":9,"Lee\u0027s Waffle":3,"NeowsBlessing":0,"Golden Idol":4,"The Courier":13,"hubris:MedicalManual":48,"Geode":24,"hubris:Towel":37,"energizedSpire:DeadBattery":17,"Peace Pipe":11,"Anchor":13,"Ornamental Fan":38,"betterThird:SlimedRelic":2,"Snack Pack":26,"Membership Card":28,"ReplayTheSpireMod:Lightbulb":26,"Toy Ornithopter":13,"hubris:OldNail":12,"FossilizedHelix":26,"infinitespire:Midas Blood":9,"hubris:BottledRain":43},{"Ice Cream":55,"energizedSpire:UnstableMolecules":25,"Calipers":45,"CeramicFish":12,"Vajra":131,"Whetstone":42,"Sling":39,"Sozu":140,"Lizard Tail":50,"infinitespire:SolderingIron":49,"Replay:Frozen Program":109,"infinitespire:ShieldingShard":123,"Sundial":89,"infinitespire:Golems Mask":25,"MealTicket":57,"HandDrill":59,"Kunai":143,"Toxic Egg 2":42,"Counterbalance":56,"hubris:SphereOfDissonance":63,"Oddly Smooth Stone":117,"Pen Nib":151,"hubris:HollowSoul":156,"War Paint":64,"Du-Vu Doll":48,"SlaversCollar":71,"Replay:Baseball":71,"Bird Faced Urn":153,"Molten Egg 2":70,"hubris:TenFootPole":79,"ReplayTheSpireMod:TigerMarble":112,"energizedSpire:OldTV":52,"Solar Panel":62,"ReplayFunnel":93,"hubris:Metronome":22,"Carrot":30,"Snecko Heart":23,"Torii":124,"StoneCalendar":55,"hubris:SlimyHat":73,"Incense Burner":87,"Replay:Mystery Machine":106,"Ancient Tea Set":124,"Empty Cage":127,"ClockworkSouvenir":63,"Replay:Bandana":119,"Emotion Chip":144,"hubris:Backtick":45,"Shovel":130,"hubris:ScarierMask":65,"Tiny Chest":137,"Replay:Bottled Eggs":5,"Cracked Core":0,"InkBottle":71,"hubris:GlazedTorus":4,"Lee\u0027s Waffle":17,"NeowsBlessing":0,"Golden Idol":29,"The Courier":22,"hubris:MedicalManual":83,"Geode":95,"hubris:Towel":77,"energizedSpire:DeadBattery":116,"Peace Pipe":43,"Anchor":63,"Ornamental Fan":101,"betterThird:SlimedRelic":17,"Snack Pack":13,"Membership Card":49,"ReplayTheSpireMod:Lightbulb":48,"Toy Ornithopter":33,"hubris:OldNail":43,"FossilizedHelix":144,"infinitespire:Midas Blood":19,"hubris:BottledRain":104},{"Ice Cream":284,"energizedSpire:UnstableMolecules":129,"Calipers":223,"CeramicFish":65,"Vajra":619,"Whetstone":205,"Sling":194,"Sozu":656,"Lizard Tail":254,"infinitespire:SolderingIron":245,"Replay:Frozen Program":524,"infinitespire:ShieldingShard":579,"Sundial":432,"infinitespire:Golems Mask":129,"MealTicket":294,"HandDrill":302,"Kunai":683,"Toxic Egg 2":205,"Counterbalance":291,"hubris:SphereOfDissonance":314,"Oddly Smooth Stone":557,"Pen Nib":754,"hubris:HollowSoul":776,"War Paint":319,"Du-Vu Doll":239,"SlaversCollar":351,"Replay:Baseball":351,"Bird Faced Urn":759,"Molten Egg 2":349,"hubris:TenFootPole":384,"ReplayTheSpireMod:TigerMarble":532,"energizedSpire:OldTV":269,"Solar Panel":311,"ReplayFunnel":446,"hubris:Metronome":107,"Carrot":150,"Snecko Heart":118,"Torii":583,"StoneCalendar":284,"hubris:SlimyHat":357,"Incense Burner":427,"Replay:Mystery Machine":503,"Ancient Tea Set":583,"Empty Cage":597,"ClockworkSouvenir":314,"Replay:Bandana":569,"Emotion Chip":690,"hubris:Backtick":223,"Shovel":609,"hubris:ScarierMask":330,"Tiny Chest":640,"Replay:Bottled Eggs":18,"Cracked Core":0,"InkBottle":351,"hubris:GlazedTorus":8,"Lee\u0027s Waffle":90,"NeowsBlessing":0,"Golden Idol":145,"The Courier":107,"hubris:MedicalManual":406,"Geode":452,"hubris:Towel":376,"energizedSpire:DeadBattery":554,"Peace Pipe":212,"Anchor":314,"Ornamental Fan":480,"betterThird:SlimedRelic":90,"Snack Pack":70,"Membership Card":245,"ReplayTheSpireMod:Lightbulb":239,"Toy Ornithopter":162,"hubris:OldNail":212,"FossilizedHelix":690,"infinitespire:Midas Blood":94,"hubris:BottledRain":493}]},"card_choices":[{"not_picked":["ReplayTheSpireMod:GoodbyeWorld","Cold Snap","Turbo"],"picked":"SKIP","floor":1},{"not_picked":["Blind","ReplayTheSpireMod:Trickstab"],"picked":"Dramatic Entrance","floor":3},{"not_picked":["BasicCrystalCard","Conserve Battery"],"picked":"Darkness","floor":5},{"not_picked":["Steam","Ball Lightning"],"picked":"BootSequence","floor":6},{"not_picked":["Streamline","Loop","ReplayTheSpireMod:Calculation Training"],"picked":"SKIP","floor":7},{"not_picked":["Coolheaded","Aggregate","Steam"],"picked":"SKIP","floor":8},{"not_picked":["Turbo","Time Bomb"],"picked":"Melter+1","floor":11},{"not_picked":["Go for the Eyes+1","Steam","Sweeping Beam+1"],"picked":"SKIP","floor":14},{"not_picked":["Coolheaded+1","Hologram","Cold Snap+1"],"picked":"SKIP","floor":18}],"player_experience":2567169,"relics_obtained":[{"floor":6,"key":"Pen Nib"},{"floor":9,"key":"Bird Faced Urn"},{"floor":11,"key":"Molten Egg 2"}],"event_choices":[{"damage_healed":0,"gold_gain":0,"player_choice":"Grow","damage_taken":0,"max_hp_gain":0,"max_hp_loss":0,"event_name":"Living Wall","floor":2,"gold_loss":0,"cards_upgraded":["Zap"]},{"damage_healed":0,"gold_gain":1,"player_choice":"1","damage_taken":0,"max_hp_gain":0,"max_hp_loss":0,"event_name":"betterStone:BetterStone","floor":3,"gold_loss":0},{"damage_healed":0,"gold_gain":0,"player_choice":"Ignored","damage_taken":0,"max_hp_gain":0,"max_hp_loss":0,"event_name":"Transmorgrifier","floor":20,"gold_loss":0},{"cards_removed":["Strike_B"],"damage_healed":0,"gold_gain":0,"player_choice":"Give","damage_taken":0,"max_hp_gain":0,"max_hp_loss":0,"event_name":"betterNote:BetterNote","floor":21,"gold_loss":0,"cards_obtained":["Defend_B"]},{"damage_healed":0,"gold_gain":0,"player_choice":"Simplicity","damage_taken":0,"max_hp_gain":0,"max_hp_loss":5,"event_name":"betterThird:BetterWriting","floor":22,"gold_loss":0}],"is_beta":false,"boss_relics":[{"not_picked":["energizedSpire:RedRose","energizedSpire:NeverEndingSparkler"],"picked":"hubris:HollowSoul"}],"items_purged_floors":[0,10,13],"is_endless":false,"potions_floor_spawned":[1,6,14,16,18],"killed_by":"Nightmare","ascension_level":0}}