{"host":"vzugls1u57eppbds","time":1607713987,"event":{"mods":["AchievementEnabler","BaseMod","Better Third Choice","Minty Spire (QoL Compilation)","Relic Stats","Shop Mod","StSLib","The IronCluck"],"gold_per_floor":[367,380,25,25,25,87,119,119,119,119,137,153,228,8,8,139,139,164,79,79,79,4,4,4,17,66,66,66,99,99,119,119,119,119],"floor_reached":33,"playtime":676,"items_purged":[],"score":383,"play_id":"00eedb14-f3f4-47c9-8adb-63025cdc3c7b","local_time":"20201211201307","is_ascension_mode":true,"campfire_choices":[{"data":"Fire Breathing","floor":8.0,"key":"SMITH"},{"floor":15.0,"key":"REST"},{"floor":23.0,"key":"REST"},{"data":"Demon Form","floor":27.0,"key":"SMITH"},{"floor":32,"key":"REST"}],"circlet_count":0,"master_deck":["Strike_R+1","Strike_R+1","Strike_R+1","Strike_R+1","Defend_R+1","Defend_R+1","Defend_R+1","Defend_R+1","Bash","Shrug It Off","Wild Strike","Fire Breathing+1","Infernal Blade+1","Twin Strike+1","True Grit","Power Through","Demon Form+1","Cleave+1","Limit Break","Bash","Iron Wave+1","RitualDagger","Rampage"],"relics":["Burning Blood","Juzu Bracelet","Kunai","Peace Pipe","Golden Idol","Membership Card","Runic Cube","Letter Opener","Whetstone","Torii"],"acts_visited":["Exordium","TheCity"],"potions_floor_usage":[31,33,33],"damage_taken":[{"damage":18.0,"enemies":"2 Louse","floor":1.0,"turns":3.0},{"damage":7.0,"enemies":"Small Slimes","floor":2.0,"turns":5.0},{"damage":0.0,"enemies":"3 Sentries","floor":7.0,"turns":5.0},{"damage":7.0,"enemies":"Jaw Worm","floor":11.0,"turns":2.0},{"damage":13.0,"enemies":"Blue Slaver","floor":12.0,"turns":2.0},{"damage":41.0,"enemies":"The Guardian","floor":16.0,"turns":12.0},{"damage":21.0,"enemies":"2 Thieves","floor":18.0,"turns":4.0},{"damage":12.0,"enemies":"Chosen","floor":25.0,"turns":4.0},{"damage":45.0,"enemies":"Slavers","floor":29.0,"turns":4.0},{"damage":16,"enemies":"Shelled Parasite and Fungi","floor":31,"turns":3},{"damage":90,"enemies":"Automaton","floor":33,"turns":6}],"seed_played":"-3628477713115820480","potions_obtained":[{"floor":1.0,"key":"Regen Potion"},{"floor":7.0,"key":"Energy Potion"},{"floor":11.0,"key":"DuplicationPotion"},{"floor":21.0,"key":"SmokeBomb"},{"floor":21.0,"key":"EntropicBrew"},{"floor":21.0,"key":"PowerPotion"},{"floor":29.0,"key":"SteroidPotion"},{"floor":31,"key":"ColorlessPotion"}],"is_trial":false,"path_per_floor":["M","M","$","?","?","?","E","R","T","?","M","M","?","$","R","B",null,"M","?","?","?","?","R","?","M","T","R","?","E","?","M","R","B"],"character_chosen":"IRONCLAD","items_purchased":["Fire Breathing","Infernal Blade","Juzu Bracelet","PowerPotion","Membership Card","Power Through","BlessingOfTheForge"],"campfire_rested":3,"item_purchase_floors":[3,3,3,3,14,14,14],"current_hp_per_floor":[60,59,59,64,64,64,70,70,70,51,55,48,37,37,60,25,64,49,49,49,49,49,72,72,66,66,66,60,21,21,11,34,0,0],"gold":119,"neow_bonus":"TWO_FIFTY_GOLD","is_daily":false,"chose_seed":false,"campfire_upgraded":2,"win_rate":0.0,"timestamp":1607713987,"path_taken":["M","M","$","?","?","?","E","R","T","?","M","M","?","$","R","BOSS","M","?","?","?","?","R","?","M","T","R","?","E","?","M","R","BOSS"],"items_purchased_type":["Card","Card","Relic","Potion","Relic","Card","Potion"],"build_version":"2020-11-30","purchased_purges":0,"victory":false,"max_hp_per_floor":[72,72,72,77,77,77,77,77,77,77,77,77,77,77,77,77,77,77,77,77,77,77,77,77,77,77,77,77,77,77,77,77,77,77],"relic_stats":{"Peace Pipe":0,"Torii":0,"counters":[11,50],"Golden Idol":52,"Juzu Bracelet":3,"Kunai":[8],"Letter Opener":[15],"Whetstone":["Cleave","Twin Strike"],"obtain_stats":[{"Peace Pipe":9,"Torii":29,"Golden Idol":10,"Juzu Bracelet":3,"Kunai":7,"Membership Card":14,"Letter Opener":19,"Whetstone":26,"Burning Blood":0,"Runic Cube":17},{"Peace Pipe":3,"Torii":9,"Golden Idol":3,"Juzu Bracelet":2,"Kunai":3,"Membership Card":5,"Letter Opener":7,"Whetstone":8,"Burning Blood":0,"Runic Cube":6},{"Peace Pipe":13,"Torii":41,"Golden Idol":13,"Juzu Bracelet":8,"Kunai":13,"Membership Card":17,"Letter Opener":33,"Whetstone":37,"Burning Blood":0,"Runic Cube":29}],"Burning Blood":60,"Runic Cube":[17]},"card_choices":[{"not_picked":["Whirlwind","Havoc"],"picked":"Shrug It Off","floor":1.0},{"not_picked":["Anger","Power Through"],"picked":"Wild Strike","floor":2.0},{"not_picked":["Uppercut","Exhume"],"picked":"Twin Strike","floor":7.0},{"not_picked":["Blood for Blood","Heavy Blade"],"picked":"True Grit","floor":11.0},{"not_picked":["Dual Wield","Anger","Warcry"],"picked":"SKIP","floor":12.0},{"not_picked":["Offering","Berserk"],"picked":"Demon Form","floor":16.0},{"not_picked":["Dropkick","Havoc"],"picked":"Cleave","floor":18.0},{"not_picked":["Havoc","Armaments"],"picked":"Iron Wave+1","floor":25.0},{"not_picked":["Perfected Strike","Sword Boomerang","Anger"],"picked":"SKIP","floor":29.0},{"not_picked":["Wild Strike+1","Flex+1"],"picked":"Rampage","floor":31}],"player_experience":202037,"relics_obtained":[{"floor":7.0,"key":"Kunai"},{"floor":9.0,"key":"Peace Pipe"},{"floor":26.0,"key":"Whetstone"},{"floor":29.0,"key":"Torii"}],"event_choices":[{"damage_healed":0.0,"max_hp_gain":5.0,"max_hp_loss":0.0,"gold_gain":0.0,"event_name":"Big Fish","player_choice":"Donut","floor":4.0,"gold_loss":0.0,"damage_taken":0.0},{"damage_healed":0.0,"max_hp_gain":0.0,"max_hp_loss":0.0,"gold_gain":0.0,"event_name":"Living Wall","player_choice":"Grow","floor":5.0,"gold_loss":0.0,"damage_taken":0.0,"cards_upgraded":["Infernal Blade"]},{"damage_healed":0.0,"max_hp_gain":0.0,"max_hp_loss":0.0,"gold_gain":62.0,"event_name":"Golden Wing","player_choice":"Gained Gold","floor":6.0,"gold_loss":0.0,"damage_taken":0.0},{"damage_healed":0.0,"max_hp_gain":0.0,"max_hp_loss":0.0,"gold_gain":0.0,"event_name":"Golden Idol","player_choice":"Take Damage","floor":10.0,"gold_loss":0.0,"damage_taken":19.0,"relics_obtained":["Golden Idol"]},{"damage_healed":0.0,"max_hp_gain":0.0,"max_hp_loss":0.0,"gold_gain":75.0,"event_name":"betterThird:BetterGoop","player_choice":"Gold","floor":13.0,"gold_loss":0.0,"damage_taken":11.0},{"damage_healed":0.0,"max_hp_gain":0.0,"max_hp_loss":0.0,"gold_gain":0.0,"event_name":"Addict","player_choice":"Obtained Relic","floor":19.0,"gold_loss":85.0,"damage_taken":0.0,"relics_obtained":["Letter Opener"]},{"damage_healed":0.0,"max_hp_gain":0.0,"max_hp_loss":9.0,"gold_gain":0.0,"event_name":"betterThird:BetterWriting","player_choice":"Simplicity","floor":20.0,"gold_loss":0.0,"damage_taken":0.0},{"damage_healed":0.0,"max_hp_gain":0.0,"max_hp_loss":0.0,"gold_gain":0.0,"event_name":"Lab","player_choice":"Got Potions","floor":21.0,"gold_loss":0.0,"damage_taken":0.0},{"cards_removed":["Strike_R"],"damage_healed":0.0,"max_hp_gain":0.0,"max_hp_loss":0.0,"gold_gain":0.0,"event_name":"Beggar","player_choice":"Gave Gold","floor":22.0,"gold_loss":75.0,"damage_taken":0.0},{"damage_healed":0.0,"max_hp_gain":0.0,"max_hp_loss":0.0,"gold_gain":0.0,"event_name":"Match and Keep!","player_choice":"2 cards matched","floor":24.0,"gold_loss":0.0,"damage_taken":0.0,"cards_obtained":["Limit Break","Bash"]},{"damage_healed":0.0,"max_hp_gain":0.0,"max_hp_loss":0.0,"gold_gain":0.0,"event_name":"betterThird:BetterNest","player_choice":"Dagger","floor":28.0,"gold_loss":0.0,"damage_taken":6.0,"cards_obtained":["RitualDagger"]},{"damage_healed":0.0,"max_hp_gain":0.0,"max_hp_loss":0.0,"gold_gain":0.0,"event_name":"Ghosts","player_choice":"Ignored","floor":30.0,"gold_loss":0.0,"damage_taken":0.0}],"is_beta":false,"boss_relics":[{"not_picked":["Empty Cage","Runic Dome"],"picked":"Runic Cube"}],"items_purged_floors":[],"is_endless":false,"potions_floor_spawned":[1,7,11,29,31],"killed_by":"Automaton","ascension_level":7}}