{"host":"u2dm6glrpyjr66v9","time":1607671310,"event":{"mods":["AchievementEnabler","BaseMod","CapriCore","Colored Map","Colored Powertips","DeckTracker","Friendly Minions","Minty Spire (QoL Compilation)","Quick Restart","StSLib","SuperFastMode","The Immortal"],"gold_per_floor":[115,127,127,127,302,341,25,25,25],"floor_reached":8,"playtime":131,"items_purged":[],"score":79,"play_id":"f346c643-abb9-4d88-8964-b512d0f1b62c","local_time":"20201211162150","is_ascension_mode":false,"campfire_choices":[],"circlet_count":0,"master_deck":["Strike_G","Strike_G","Strike_G","Strike_G","Strike_G","Defend_G","Defend_G","Defend_G","Defend_G","Defend_G","Survivor","Neutralize","Slice","Injury","Doubt","Noxious Fumes"],"relics":["Ring of the Snake","NeowsBlessing","Art of War","Golden Idol","Tough Bandages","Mummified Hand"],"acts_visited":["Exordium"],"potions_floor_usage":[],"damage_taken":[{"damage":0,"enemies":"Jaw Worm","floor":1,"turns":1},{"damage":0,"enemies":"2 Louse","floor":2,"turns":1},{"damage":0,"enemies":"Gremlin Nob","floor":6,"turns":1},{"damage":64,"enemies":"Lagavulin","floor":8,"turns":9}],"seed_played":"2379543423209129017","potions_obtained":[],"is_trial":false,"path_per_floor":["M","M","?","?","?","E","$","E"],"character_chosen":"THE_SILENT","items_purchased":["Mummified Hand","Noxious Fumes"],"campfire_rested":0,"item_purchase_floors":[7,7],"current_hp_per_floor":[70,70,63,63,63,63,63,0,0],"gold":25,"neow_bonus":"THREE_ENEMY_KILL","is_daily":false,"chose_seed":false,"campfire_upgraded":0,"win_rate":0.0,"timestamp":1607671310,"path_taken":["M","M","?","?","?","E","$","E"],"items_purchased_type":["Relic","Card"],"build_version":"2020-11-30","purchased_purges":0,"victory":false,"max_hp_per_floor":[70,70,70,70,70,70,70,70,70],"card_choices":[{"not_picked":["Prepared","Underhanded Strike","Concentrate"],"picked":"SKIP","floor":1},{"not_picked":["Predator","Flechettes"],"picked":"Slice","floor":2},{"not_picked":["Dagger Throw","Acrobatics","Predator"],"picked":"SKIP","floor":6}],"player_experience":45601,"relics_obtained":[{"floor":6,"key":"Tough Bandages"}],"event_choices":[{"damage_healed":0,"gold_gain":0,"player_choice":"Success","damage_taken":7,"relics_obtained":["Art of War"],"max_hp_gain":0,"max_hp_loss":0,"event_name":"Scrap Ooze","floor":3,"gold_loss":0},{"damage_healed":0,"gold_gain":0,"player_choice":"Take Wound","damage_taken":0,"relics_obtained":["Golden Idol"],"max_hp_gain":0,"max_hp_loss":0,"event_name":"Golden Idol","floor":4,"gold_loss":0,"cards_obtained":["Injury"]},{"damage_healed":0,"gold_gain":175,"player_choice":"AGREE","damage_taken":0,"max_hp_gain":0,"max_hp_loss":0,"event_name":"Liars Game","floor":5,"gold_loss":0,"cards_obtained":["Doubt"]}],"is_beta":false,"boss_relics":[],"items_purged_floors":[],"is_endless":false,"potions_floor_spawned":[],"killed_by":"Lagavulin","ascension_level":0}}