{"host":"6rmw1q50jy0xmvyl","time":1607681236,"event":{"mods":["BaseMod","Colored Map","Duelist Mod","Infinite Spire","Minty Spire (QoL Compilation)","Remove Card Discount Mod","StSLib","??????REMEMod"],"gold_per_floor":[141,39,50,66,66,66,92,110,110,75,77,103,127,127,127,230,230,249,267,267],"floor_reached":19,"playtime":2037,"items_purged":["theDuelist:CastleWalls","theDuelist:CastleWalls","theDuelist:Sparks","theDuelist:Sparks","theDuelist:Deskbot005","theDuelist:Deskbot004"],"score":301,"play_id":"5f7fa8a8-7cd4-4e17-b382-1413ae7ad612","local_time":"20201211110716","is_ascension_mode":true,"campfire_choices":[{"floor":6,"key":"REST"},{"data":"theDuelist:MetalDragon","floor":15,"key":"SMITH"}],"circlet_count":0,"master_deck":["theDuelist:GreenGadget","theDuelist:Deskbot004","theDuelist:AncientGearGolem","theDuelist:MetalDragon+1","theDuelist:JadeKnight","theDuelist:SolemnStrike","theDuelist:Deskbot001","theDuelist:DragonShield","theDuelist:RedGadget","theDuelist:RevolvingSwitchyard","theDuelist:Deskbot005","theDuelist:DoubleTool","AscendersBane","theDuelist:Biofalcon","theDuelist:GenexAllyBirdman","theDuelist:StrayLambs","theDuelist:SolemnWarning"],"relics":["theDuelist:MillenniumPuzzle","theDuelist:CardPoolRelic","theDuelist:CardPoolBasicRelic","theDuelist:BoosterPackPoolRelic","theDuelist:CardPoolAddRelic","theDuelist:CardPoolMinusRelic","theDuelist:CardPoolSaveRelic","theDuelist:CardPoolOptionsRelic","REME_ComplimentaryCards","infinitespire:Midas Blood","Peace Pipe","Unceasing Top","Sozu"],"acts_visited":["Exordium","TheCity"],"potions_floor_usage":[13,16,16],"damage_taken":[{"damage":0,"enemies":"Jaw Worm","floor":1,"turns":6},{"damage":0,"enemies":"Small Slimes","floor":3,"turns":4},{"damage":6,"enemies":"infinitespire:Voidling","floor":4,"turns":3},{"damage":22,"enemies":"3 Sentries","floor":7,"turns":7},{"damage":14,"enemies":"Looter","floor":8,"turns":3},{"damage":8,"enemies":"Lots of Slimes","floor":12,"turns":4},{"damage":11,"enemies":"3 Louse","floor":13,"turns":4},{"damage":3,"enemies":"The Guardian","floor":16,"turns":8},{"damage":0,"enemies":"Chosen","floor":18,"turns":5},{"damage":76,"enemies":"Chosen","floor":19,"turns":8}],"seed_played":"2688937144212117285","potions_obtained":[{"floor":8,"key":"BlessingOfTheForge"},{"floor":12,"key":"Energy Potion"},{"floor":13,"key":"theDuelist:EarthBottle"}],"is_trial":false,"path_per_floor":["M","$","M","M","?","R","E","M","T","?","?","M","M","?","R","B",null,"M","?"],"character_chosen":"THE_DUELIST","items_purchased":["theDuelist:GenexAllyBirdman","theDuelist:RedGadget"],"campfire_rested":1,"item_purchase_floors":[2,2],"current_hp_per_floor":[72,72,72,66,66,80,58,44,44,64,61,53,42,68,68,65,76,76,0,0],"gold":267,"neow_bonus":"THREE_CARDS","is_daily":false,"chose_seed":false,"campfire_upgraded":1,"win_rate":0.0,"timestamp":1607681236,"path_taken":["M","$","M","M","?","R","E","M","T","?","?","M","M","?","R","BOSS","M","?"],"items_purchased_type":["Card","Card"],"build_version":"2020-11-30","purchased_purges":6,"victory":false,"max_hp_per_floor":[80,80,80,80,80,80,80,80,80,80,80,80,80,80,80,80,80,80,80,80],"card_choices":[{"not_picked":["theDuelist:Quariongandrax","theDuelist:Jinzo"],"picked":"theDuelist:AncientGearGolem","floor":0},{"not_picked":["theDuelist:AncientGearFist","theDuelist:RainbowBridge","theDuelist:MachineDuplication","theDuelist:GravityAxe"],"picked":"theDuelist:DoubleTool","floor":1},{"not_picked":["theDuelist:SevenCompleted","theDuelist:NightmareWheel","theDuelist:IronhammerGiant","theDuelist:GoldenBlastJuggler"],"picked":"theDuelist:SolemnStrike","floor":3},{"not_picked":["theDuelist:GearGigant","theDuelist:CyberArchfiend","theDuelist:BlastJuggler","theDuelist:Biofalcon"],"picked":"theDuelist:JadeKnight","floor":4},{"not_picked":["theDuelist:BarrelDragon","theDuelist:AncientGearReactorDragon","theDuelist:AncientGearGadjiltron","theDuelist:MegafleetDragon"],"picked":"theDuelist:MetalDragon","floor":7},{"not_picked":["theDuelist:GenexAllyBirdman","theDuelist:Deskbot005","theDuelist:ScrapIronScarecrow","theDuelist:BarrelDragon"],"picked":"theDuelist:Deskbot001","floor":8},{"not_picked":["theDuelist:LimiterRemoval","theDuelist:BreakDraw","theDuelist:PotDuality","theDuelist:CardsFromTheSky"],"picked":"theDuelist:RevolvingSwitchyard","floor":12},{"not_picked":["theDuelist:Sangan","theDuelist:DarkCreator","theDuelist:LostGuardian","theDuelist:DreadnoughtDreadnoid"],"picked":"theDuelist:StrayLambs","floor":13},{"not_picked":["theDuelist:SolemnStrike","theDuelist:SevenCompleted","theDuelist:GoldGadget","theDuelist:Deskbot007"],"picked":"theDuelist:SolemnWarning","floor":16},{"not_picked":["theDuelist:SevenCompleted","theDuelist:OrcustCrescendo","theDuelist:MachineKingPrototype","theDuelist:JinzoLord","theDuelist:Deskbot009"],"picked":"SKIP","floor":18}],"player_experience":494386,"relics_obtained":[{"floor":7,"key":"infinitespire:Midas Blood"},{"floor":9,"key":"Peace Pipe"}],"event_choices":[{"damage_healed":20,"gold_gain":0,"player_choice":"Healed","damage_taken":0,"max_hp_gain":0,"max_hp_loss":0,"event_name":"The Cleric","floor":10,"gold_loss":35},{"damage_healed":0,"gold_gain":0,"player_choice":"Success","damage_taken":3,"relics_obtained":["Unceasing Top"],"max_hp_gain":0,"max_hp_loss":0,"event_name":"Scrap Ooze","floor":11,"gold_loss":0},{"damage_healed":26,"gold_gain":0,"player_choice":"Banana","damage_taken":0,"max_hp_gain":0,"max_hp_loss":0,"event_name":"Big Fish","floor":14,"gold_loss":0},{"damage_healed":0,"gold_gain":0,"player_choice":"Fight","duelist":true,"damage_taken":0,"max_hp_gain":0,"max_hp_loss":0,"event_name":"Battle City","floor":19,"gold_loss":0}],"is_beta":false,"boss_relics":[{"not_picked":["Mark of Pain","Astrolabe"],"picked":"Sozu"}],"items_purged_floors":[2,2,2,2,2,2],"is_endless":false,"potions_floor_spawned":[1,8,12,13,18],"killed_by":"Chosen","ascension_level":11}}