{"host":"plbsiuh3vwan8ocg","time":1607665372,"event":{"mods":["AchievementEnabler","BaseMod","Minty Spire (QoL Compilation)","Quick Restart","StSLib"],"gold_per_floor":[116,116,136,136,15,15,48,69,117,133,133,149,149,162,162,251,251,269,284,284,284,9,48,48,10,10,23,61,61,61,61,61,61,61],"floor_reached":33,"playtime":2253,"items_purged":[],"score":492,"play_id":"cd106beb-4bb2-436f-accb-1a2423b9eb1a","local_time":"20201211004252","is_ascension_mode":true,"campfire_choices":[{"data":"Defragment","floor":6.0,"key":"SMITH"},{"data":"Rip and Tear","floor":11.0,"key":"SMITH"},{"data":"Self Repair","floor":13.0,"key":"SMITH"},{"floor":15.0,"key":"REST"},{"floor":24.0,"key":"REST"},{"floor":30.0,"key":"REST"},{"data":"Storm","floor":32.0,"key":"SMITH"}],"circlet_count":0,"master_deck":["AscendersBane","Defend_B+1","Defend_B+1","Defend_B+1","Zap","Dualcast","Stack","Cold Snap","Defragment+1","Rip and Tear+1","Cold Snap","Coolheaded","Go for the Eyes","Self Repair+1","Conserve Battery","All For One","Skim","Conserve Battery","J.A.X.","The Bomb","Storm+1","Turbo","Lockon","Coolheaded+1","Steam+1","Shame","Bite","Bite","Bite","Bite","Bite"],"relics":["Cracked Core","Mango","Golden Idol","Lantern","Oddly Smooth Stone","Philosopher\u0027s Stone","Juzu Bracelet","Ginger","InkBottle","Vajra"],"acts_visited":["Exordium","TheCity"],"potions_floor_usage":[],"damage_taken":[{"damage":0.0,"enemies":"Small Slimes","floor":1.0,"turns":3.0},{"damage":4.0,"enemies":"Jaw Worm","floor":3.0,"turns":4.0},{"damage":1.0,"enemies":"Gremlin Nob","floor":7.0,"turns":3.0},{"damage":5.0,"enemies":"2 Louse","floor":8.0,"turns":2.0},{"damage":2.0,"enemies":"Exordium Wildlife","floor":10.0,"turns":3.0},{"damage":2.0,"enemies":"Red Slaver","floor":12.0,"turns":3.0},{"damage":9.0,"enemies":"3 Louse","floor":14.0,"turns":3.0},{"damage":10.0,"enemies":"The Guardian","floor":16.0,"turns":14.0},{"damage":19.0,"enemies":"2 Thieves","floor":18.0,"turns":4.0},{"damage":18.0,"enemies":"3 Byrds","floor":19.0,"turns":5.0},{"damage":47.0,"enemies":"Gremlin Leader","floor":23.0,"turns":6.0},{"damage":18.0,"enemies":"Snake Plant","floor":27.0,"turns":4.0},{"damage":30.0,"enemies":"Book of Stabbing","floor":28.0,"turns":7.0},{"damage":106,"enemies":"Automaton","floor":33,"turns":12}],"seed_played":"-2294549913213576550","potions_obtained":[{"floor":3.0,"key":"Regen Potion"},{"floor":8.0,"key":"ColorlessPotion"},{"floor":16.0,"key":"AttackPotion"},{"floor":18.0,"key":"GamblersBrew"},{"floor":27.0,"key":"Regen Potion"}],"is_trial":false,"path_per_floor":["M","?","M","?","$","R","E","M","T","M","R","M","R","M","R","B",null,"M","M","?","?","$","E","R","$","T","M","E","?","R","?","R","B"],"character_chosen":"DEFECT","items_purchased":["Defragment","Rip and Tear","The Bomb","Storm","Lockon"],"campfire_rested":3,"item_purchase_floors":[5,5,22,22,25],"current_hp_per_floor":[82,75,71,51,51,51,50,45,45,43,43,41,41,42,66,81,82,73,65,65,65,65,28,52,52,52,44,36,36,60,57,57,0,0],"gold":61,"neow_bonus":"ONE_RARE_RELIC","is_daily":false,"chose_seed":false,"campfire_upgraded":4,"win_rate":0.0,"timestamp":1607665372,"path_taken":["M","?","M","?","?","R","E","?","T","M","R","M","R","M","R","BOSS","M","M","?","?","$","E","R","?","T","M","E","?","R","?","R","BOSS"],"items_purchased_type":["Card","Card","Card","Card","Card"],"build_version":"2020-11-30","purchased_purges":0,"victory":false,"max_hp_per_floor":[82,82,82,82,82,82,82,82,82,82,82,82,82,82,82,82,82,82,82,82,82,82,82,82,82,82,82,82,82,82,57,57,57,57],"card_choices":[{"not_picked":["Gash","Reinforced Body"],"picked":"Stack","floor":1.0},{"not_picked":["Skim","Leap"],"picked":"Cold Snap","floor":3.0},{"not_picked":["Stack","Ball Lightning"],"picked":"Cold Snap","floor":7.0},{"not_picked":["Turbo","Rip and Tear"],"picked":"Coolheaded","floor":8.0},{"not_picked":["Force Field","Compile Driver"],"picked":"Go for the Eyes","floor":10.0},{"not_picked":["Rip and Tear","Ball Lightning"],"picked":"Self Repair","floor":12.0},{"not_picked":["Fusion","Tempest"],"picked":"Conserve Battery","floor":14.0},{"not_picked":["Reboot","Thunder Strike"],"picked":"All For One","floor":16.0},{"not_picked":["Coolheaded","Steam"],"picked":"Skim","floor":18.0},{"not_picked":["Compile Driver","Hologram"],"picked":"Conserve Battery","floor":19.0},{"not_picked":["Hologram","Leap"],"picked":"Turbo","floor":23.0},{"not_picked":["Redo","Conserve Battery"],"picked":"Coolheaded+1","floor":27.0},{"not_picked":["Biased Cognition","Blizzard"],"picked":"Steam+1","floor":28.0}],"player_experience":376198,"relics_obtained":[{"floor":7.0,"key":"Lantern"},{"floor":9.0,"key":"Oddly Smooth Stone"},{"floor":23.0,"key":"Juzu Bracelet"},{"floor":26.0,"key":"Ginger"},{"floor":28.0,"key":"InkBottle"}],"event_choices":[{"cards_removed":["Defend_B"],"damage_healed":0.0,"max_hp_gain":0.0,"max_hp_loss":0.0,"gold_gain":0.0,"event_name":"Golden Wing","player_choice":"Card Removal","floor":2.0,"gold_loss":0.0,"damage_taken":7.0},{"damage_healed":0.0,"max_hp_gain":0.0,"max_hp_loss":0.0,"gold_gain":0.0,"event_name":"Golden Idol","player_choice":"Take Damage","floor":4.0,"gold_loss":0.0,"damage_taken":20.0,"relics_obtained":["Golden Idol"]},{"damage_healed":0.0,"max_hp_gain":0.0,"max_hp_loss":0.0,"gold_gain":0.0,"event_name":"Back to Basics","player_choice":"Simplicity","floor":20.0,"gold_loss":0.0,"damage_taken":0.0,"cards_upgraded":["Strike_B","Strike_B","Strike_B","Strike_B","Defend_B","Defend_B","Defend_B"]},{"damage_healed":0.0,"max_hp_gain":0.0,"max_hp_loss":0.0,"gold_gain":0.0,"event_name":"Drug Dealer","player_choice":"Obtain J.A.X.","floor":21.0,"gold_loss":0.0,"damage_taken":0.0,"cards_obtained":["J.A.X."]},{"damage_healed":0.0,"max_hp_gain":0.0,"max_hp_loss":0.0,"gold_gain":0.0,"event_name":"Addict","player_choice":"Stole Relic","floor":29.0,"gold_loss":0.0,"damage_taken":0.0,"relics_obtained":["Vajra"],"cards_obtained":["Shame"]},{"damage_healed":0.0,"max_hp_gain":0.0,"max_hp_loss":25.0,"gold_gain":0.0,"event_name":"Vampires","player_choice":"Became a vampire","floor":31.0,"gold_loss":0.0,"damage_taken":0.0,"cards_obtained":["Bite","Bite","Bite","Bite","Bite"]}],"is_beta":false,"boss_relics":[{"not_picked":["Empty Cage","Fusion Hammer"],"picked":"Philosopher\u0027s Stone"}],"items_purged_floors":[],"is_endless":false,"potions_floor_spawned":[3,8,12,16,18,27],"killed_by":"Automaton","ascension_level":13}}