{"host":"zaewvcigpm0efuvp","time":1607680839,"event":{"mods":["2.2 Compatiblity","AchievementEnabler","Act Like it!","Aspiration","Astrologer","Bard","BaseMod","Beaked The Cultist","Better Altar","Better Match","Better Note","Better Sensory Stone","Better Skull","Better Third Choice","BetterRewards","CCEM","Chen","Clawfect","Colored Map","Conspire","Decade(???)","Dota2Spire","Downfall","Friendly Minions","GifTheSpireLib","Googly Eyes","Halation","Hallownest","Hermit","Hero for Fun","Highlight Path","Hubris","Hunter ??","Infinite Spire","Jedi Mod","Jorbs\u0027s Wanderer Trilogy","Koishi","Luminous","Mad Scientist","Marisa????????","Mimic Mod","Minty Spire (QoL Compilation)","Permanent Neow","Prisma Mod","Reimu??????","Remilia_Scarlet Moed?????·?????3.3.5","Replay The Spire","Robot Space Explorer","Shade Mod","Shop Mod","Spicy Shops","StSLib","Stuff the Spire","Td1madao Mod","The Administrix","The Alterego","The Blackbeard","The Bladedancer","The Bug Knight","The Construct","The Cursed","The Disciple","The Dragon Tamer","The Exalted","The Gatherer","The Hayseed","The Hierophant","The IronCluck","The Jungle","The Mystic","The Necromancer","The Poker Player","The Problem Sleuth","The Runesmith","The Senshi","The Servant 0.9.4","The Spell Scribe","The Vixen","The Wild Card","The Witch","TheArtist","TheBandit","TheSwordswoman","Unceasing Turn Reminder","WarShipGirlsR/????R mod","Yuri Mod","Yuyuko","[IsaacMod]????","everything is the same but u backflip on backflip","slay the spire mod where everything is the same but ironclad has a cowboy hat","???????????mod","??????REMEMod"],"gold_per_floor":[369,369,7,7,23,23,36,36,36,36,70,135,135,177,177,305,305,324,0,36,23,23,23,23,23,97,140,140],"floor_reached":27,"playtime":1525,"items_purged":[],"score":215,"play_id":"5d2ccfe3-d14d-4652-8198-da2e0e0369b4","local_time":"20201211110039","is_ascension_mode":false,"campfire_choices":[{"data":"Thunderclap","floor":6,"key":"SMITH"},{"data":"jedi:fear","floor":8,"key":"SMITH"},{"data":"Armaments","floor":10,"key":"SMITH"},{"data":"Mayhem","floor":23,"key":"SMITH"}],"circlet_count":0,"master_deck":["Strike_R","Strike_R","Strike_R","Strike_R","Strike_R","Defend_R","Defend_R","Defend_R","Defend_R","Bash","BettingIsNotGood+1","Guardian:Strike_Guardian","Clothesline","Juggernaut+1","Armaments+1","Thunderclap+1","hubris:DuctTapeCard","Perfected Strike","Blood for Blood","Poor:ReiMu","StuffTheSpire:Incineration","REME_TheLastStrike","Mayhem+1","REME_Scribble+1","Trip","Trip","Dropkick","Run Through","infinitespire:SevenWalls"],"relics":["Burning Blood","HushsDoor","REME_ComplimentaryCards","DeathBook","Red Skull","aspiration:Nostalgia","MiniHakkero","Blue Doll","hubris:DuctTape","SalivaCoin","YidongShenshe:ReiMu","jedi:ironblood","Replay:Ancient Bell","GuppysTail","Tea:ReiMu","Nloth\u0027s Gift","hubris:TinFlute","AnarchistCookbook"],"acts_visited":["Exordium","TheCity"],"potions_floor_usage":[12,12],"damage_taken":[{"damage":1,"enemies":"2 Louse","floor":1,"turns":3},{"damage":8,"enemies":"Jaw Worm","floor":5,"turns":4},{"damage":12,"enemies":"Small Slimes","floor":7,"turns":3},{"damage":11,"enemies":"HollowMod:MossKnight","floor":11,"turns":6},{"damage":14,"enemies":"Hiden Room Battle","floor":12,"turns":5},{"damage":26,"enemies":"Lagavulin","floor":14,"turns":5},{"damage":43,"enemies":"Slime Boss","floor":16,"turns":10},{"damage":0,"enemies":"conspire:FuzzyDice","floor":18,"turns":2},{"damage":31,"enemies":"Shell Parasite","floor":20,"turns":4},{"damage":66,"enemies":"Nightmare","floor":27,"turns":7}],"seed_played":"8827021184271248618","potions_obtained":[{"floor":1,"key":"Slimebound:ThreeZeroPotion"},{"floor":7,"key":"GamblersBrew"},{"floor":12,"key":"jedi:holywater"}],"is_trial":false,"path_per_floor":["M","?","$","?","M","R","M","R","T","R","E","?","?","E","R_BF","B",null,"M","$","M","$","?","R","?","AVR","T","NM"],"character_chosen":"IRONCLAD","items_purchased":["Red Skull","aspiration:Nostalgia","Armaments","Mayhem","GuppysTail","Tea:ReiMu","Trip","Run Through"],"campfire_rested":0,"item_purchase_floors":[3,3,3,17,17,19,19,21],"current_hp_per_floor":[80,80,80,80,78,78,77,77,77,77,75,52,52,32,56,29,65,65,65,43,43,43,63,63,63,63,0,0],"gold":140,"neow_bonus":"TWO_FIFTY_GOLD","is_daily":false,"chose_seed":false,"campfire_upgraded":4,"win_rate":0.0,"timestamp":1607680839,"path_taken":["M","?","$","?","?","R","M","R","T","R","E","?","?","E","R_BF","BOSS","M","?","M","$","?","R","?","AVR","T","NM"],"items_purchased_type":["Relic","Relic","Card","Card","Relic","Relic","Card","Card"],"build_version":"2020-11-30","purchased_purges":0,"victory":false,"max_hp_per_floor":[80,80,80,80,80,80,80,80,80,80,80,80,80,80,80,80,65,65,65,68,68,68,68,68,68,68,71,71],"card_choices":[{"not_picked":[],"picked":"BettingIsNotGood","floor":0},{"not_picked":["Dual Wield","ReplayTheSpireMod:Strike From Hell"],"picked":"Clothesline","floor":1},{"not_picked":["StuffTheSpire:RockThrow","hubris:CleavingFinish"],"picked":"Thunderclap","floor":5},{"not_picked":["jedi:controlledanger","Thunderclap"],"picked":"jedi:fear","floor":7},{"not_picked":["Anger","Thunderclap"],"picked":"Perfected Strike","floor":11},{"not_picked":["REME_SingleHolding","Anger"],"picked":"Blood for Blood","floor":12},{"not_picked":["Brutality","Clash"],"picked":"StuffTheSpire:Incineration","floor":14},{"not_picked":["hubris:StunningStrike","conspire:Purge"],"picked":"REME_TheLastStrike","floor":16},{"not_picked":["StuffTheSpire:RockThrow","Seeing Red"],"picked":"REME_Scribble+1","floor":18},{"not_picked":["Armaments","jedi:MakeshiftSword+1"],"picked":"Dropkick","floor":20}],"player_experience":5915,"relics_obtained":[{"floor":9,"key":"Blue Doll"},{"floor":11,"key":"hubris:DuctTape"},{"floor":12,"key":"Dota2Spire:CrimsonGuard"},{"floor":12,"key":"SalivaCoin"},{"floor":14,"key":"jedi:ironblood"},{"floor":26,"key":"AnarchistCookbook"}],"event_choices":[{"damage_healed":0,"gold_gain":0,"player_choice":"Fight","damage_taken":0,"max_hp_gain":0,"max_hp_loss":0,"event_name":"HidenRoomEvent","floor":12,"gold_loss":0},{"damage_healed":0,"gold_gain":0,"player_choice":"Take Tiny Shrine away","damage_taken":0,"relics_obtained":["YidongShenshe:ReiMu"],"max_hp_gain":0,"max_hp_loss":0,"event_name":"yidonshenshe","floor":13,"gold_loss":0,"cards_obtained":["Poor:ReiMu"]},{"damage_healed":0,"gold_gain":0,"player_choice":"Traded Relic","damage_taken":0,"relics_obtained":["Nloth\u0027s Gift"],"max_hp_gain":0,"max_hp_loss":0,"event_name":"N\u0027loth","floor":22,"relics_lost":["Dota2Spire:CrimsonGuard"],"gold_loss":0},{"cards_removed":["Mayhem"],"damage_healed":0,"gold_gain":0,"player_choice":"Give","damage_taken":0,"max_hp_gain":0,"max_hp_loss":0,"event_name":"betterNote:BetterNote","floor":24,"gold_loss":0,"cards_obtained":["None"]}],"is_beta":false,"boss_relics":[{"not_picked":["ReplayTheSpireMod:DimensionalGlitch","aspiration:ScribeSkillbook"],"picked":"Replay:Ancient Bell"},{"not_picked":[]}],"items_purged_floors":[],"is_endless":false,"potions_floor_spawned":[1,7,12],"killed_by":"Nightmare","ascension_level":0}}