{"host":"e87rn453naquue3h","time":1607662965,"event":{"mods":["AchievementEnabler","BaseMod","Minty Spire (QoL Compilation)","Relic Stats","StSLib"],"gold_per_floor":[360,360,42,62,76,108,108,108,108,108,127,127,146,146,146,251,251,268,13,13,13,24,52,52,87,87,122,122,133,133,150,150,254,254,274,289,299,299,318,318,349,349,376,376,376,17,46,56,56,56,56],"floor_reached":50,"playtime":1790,"items_purged":["Doubt","Strike_P","Strike_P"],"score":912,"play_id":"dea25011-f505-401c-965c-de9fc2fe50e8","local_time":"20201211000245","is_ascension_mode":true,"campfire_choices":[{"data":"Eruption","floor":8,"key":"SMITH"},{"data":"Tantrum","floor":10,"key":"SMITH"},{"data":"Vigilance","floor":12,"key":"SMITH"},{"data":"Meditate","floor":15,"key":"SMITH"},{"data":"Halt","floor":24,"key":"SMITH"},{"data":"Devotion","floor":28,"key":"SMITH"},{"floor":30,"key":"REST"},{"data":"Strike_P","floor":32,"key":"SMITH"},{"floor":40,"key":"REST"},{"floor":42,"key":"REST"},{"floor":44,"key":"REST"},{"floor":49,"key":"REST"}],"circlet_count":0,"master_deck":["AscendersBane","Strike_P+1","Strike_P","Defend_P+1","Defend_P","Eruption+1","Vigilance+1","Fasting2+1","Tantrum+1","Meditate+1","ReachHeaven+1","Brilliance+1","Halt+1","Devotion+1","Fasting2+1","InnerPeace+1","Devotion","Tantrum+1","Panacea","Panacea","CutThroughFate+1"],"relics":["PureWater","Lantern","Molten Egg 2","Blood Vial","Sozu","Lee\u0027s Waffle","TungstenRod","WingedGreaves","Unceasing Top","Matryoshka","Toy Ornithopter","VioletLotus","Nunchaku","Juzu Bracelet","Orichalcum","DollysMirror","Happy Flower"],"acts_visited":["Exordium","TheCity","TheBeyond"],"potions_floor_usage":[6,6,39,39],"damage_taken":[{"damage":2,"enemies":"2 Louse","floor":1,"turns":4},{"damage":0,"enemies":"Jaw Worm","floor":4,"turns":2},{"damage":0,"enemies":"Cultist","floor":5,"turns":2},{"damage":0,"enemies":"Gremlin Nob","floor":6,"turns":1},{"damage":4,"enemies":"Exordium Wildlife","floor":11,"turns":2},{"damage":0,"enemies":"Looter","floor":13,"turns":2},{"damage":39,"enemies":"Hexaghost","floor":16,"turns":6},{"damage":0,"enemies":"Shell Parasite","floor":18,"turns":3},{"damage":0,"enemies":"Spheric Guardian","floor":22,"turns":1},{"damage":18,"enemies":"Book of Stabbing","floor":23,"turns":3},{"damage":0,"enemies":"Gremlin Leader","floor":25,"turns":2},{"damage":5,"enemies":"Book of Stabbing","floor":27,"turns":4},{"damage":21,"enemies":"Snecko","floor":29,"turns":5},{"damage":0,"enemies":"Snake Plant","floor":31,"turns":3},{"damage":60,"enemies":"Automaton","floor":33,"turns":5},{"damage":22,"enemies":"Orb Walker","floor":35,"turns":4},{"damage":12,"enemies":"3 Shapes","floor":36,"turns":3},{"damage":12,"enemies":"3 Darklings","floor":37,"turns":4},{"damage":20,"enemies":"Sphere and 2 Shapes","floor":39,"turns":6},{"damage":17,"enemies":"Giant Head","floor":41,"turns":5},{"damage":54,"enemies":"Nemesis","floor":47,"turns":5},{"damage":53,"enemies":"Maw","floor":48,"turns":5},{"damage":60,"enemies":"Awakened One","floor":50,"turns":4}],"seed_played":"-1068726135389161822","potions_obtained":[{"floor":4,"key":"SkillPotion"},{"floor":5,"key":"SkillPotion"},{"floor":6,"key":"FairyPotion"},{"floor":7,"key":"Block Potion"}],"is_trial":false,"path_per_floor":["M","?","$","M","M","E","?","R","T","R","M","R","M","?","R","B",null,"M","$","?","?","M","E","R","E","T","E","R","M","R","M","R","B",null,"M","M","M","?","M","R","E","R","T","R","?","$","E","M","R","B"],"character_chosen":"WATCHER","items_purchased":["Lantern","Fruit Juice","Lee\u0027s Waffle","Panacea","DollysMirror"],"campfire_rested":5,"item_purchase_floors":[3,3,19,46,46],"current_hp_per_floor":[63,49,49,49,49,49,49,49,49,49,47,47,49,42,42,5,55,57,79,79,79,79,61,61,63,63,60,60,41,64,66,66,8,61,41,31,21,15,12,37,22,47,47,72,72,72,20,25,50,0,0],"gold":56,"neow_bonus":"TWO_FIFTY_GOLD","is_daily":false,"chose_seed":false,"campfire_upgraded":7,"win_rate":0.0,"timestamp":1607662965,"path_taken":["M","?","$","M","M","E","?","R","T","R","M","R","?","?","R","BOSS","M","$","?","?","M","E","R","E","T","E","R","?","R","M","R","BOSS","M","?","M","?","?","R","E","R","T","R","?","$","E","M","R","BOSS"],"items_purchased_type":["Relic","Potion","Relic","Card","Relic"],"build_version":"2020-11-30","purchased_purges":3,"victory":false,"max_hp_per_floor":[72,72,72,72,72,72,72,72,72,72,72,72,72,72,72,72,72,72,79,79,79,79,79,79,79,79,79,79,79,79,79,79,79,79,79,79,79,79,84,84,84,84,84,84,84,84,84,84,84,84,84],"relic_stats":{"Lee\u0027s Waffle":22,"Happy Flower":[3],"counters":[23,81],"Juzu Bracelet":0,"Orichalcum":[30],"Blood Vial":34,"Sozu":5,"Nunchaku":[2],"VioletLotus":[11],"obtain_stats":[{"Lantern":3,"Lee\u0027s Waffle":19,"Happy Flower":47,"Juzu Bracelet":43,"Orichalcum":43,"Blood Vial":9,"Sozu":17,"Nunchaku":41,"Matryoshka":26,"DollysMirror":46,"Molten Egg 2":6,"WingedGreaves":23,"VioletLotus":34,"PureWater":0,"TungstenRod":20,"Unceasing Top":25,"Toy Ornithopter":27},{"Lantern":1,"Lee\u0027s Waffle":8,"Happy Flower":21,"Juzu Bracelet":20,"Orichalcum":20,"Blood Vial":4,"Sozu":7,"Nunchaku":20,"Matryoshka":11,"DollysMirror":20,"Molten Egg 2":4,"WingedGreaves":10,"VioletLotus":15,"PureWater":0,"TungstenRod":8,"Unceasing Top":11,"Toy Ornithopter":12},{"Lantern":4,"Lee\u0027s Waffle":22,"Happy Flower":72,"Juzu Bracelet":67,"Orichalcum":67,"Blood Vial":9,"Sozu":19,"Nunchaku":67,"Matryoshka":28,"DollysMirror":67,"Molten Egg 2":9,"WingedGreaves":26,"VioletLotus":45,"PureWater":0,"TungstenRod":22,"Unceasing Top":28,"Toy Ornithopter":32}],"TungstenRod":38,"Unceasing Top":[1],"Toy Ornithopter":10},"card_choices":[{"not_picked":["EmptyMind","CutThroughFate"],"picked":"Fasting2","floor":1},{"not_picked":["CutThroughFate","Study"],"picked":"Tantrum","floor":4},{"not_picked":["Sanctity","BowlingBash"],"picked":"Meditate","floor":5},{"not_picked":["EmptyBody","FlyingSleeves+1","ForeignInfluence"],"picked":"SKIP","floor":6},{"not_picked":["Indignation","SashWhip+1"],"picked":"ReachHeaven+1","floor":11},{"not_picked":["Prostrate","ClearTheMind","JustLucky+1"],"picked":"SKIP","floor":13},{"not_picked":["Alpha","Vault"],"picked":"Brilliance+1","floor":16},{"not_picked":["BowlingBash+1","ForeignInfluence+1"],"picked":"Halt","floor":18},{"not_picked":["JustLucky+1","ThirdEye","PathToVictory"],"picked":"SKIP","floor":22},{"not_picked":["ThirdEye+1","LikeWater","JustLucky+1"],"picked":"SKIP","floor":23},{"not_picked":["ClearTheMind","FollowUp+1"],"picked":"Devotion","floor":25},{"not_picked":["Halt","Crescendo"],"picked":"Fasting2+1","floor":27},{"not_picked":["EmptyBody","CutThroughFate+1"],"picked":"InnerPeace+1","floor":29},{"not_picked":["BowlingBash+1","Weave+1","WindmillStrike+1"],"picked":"SKIP","floor":31},{"not_picked":["MasterReality","Ragnarok+1"],"picked":"Devotion","floor":33},{"not_picked":["Meditate+1","ThirdEye+1"],"picked":"Tantrum+1","floor":35},{"not_picked":["PathToVictory+1","ThirdEye+1","Wireheading+1"],"picked":"SKIP","floor":36},{"not_picked":["FearNoEvil+1","Halt","EmptyBody"],"picked":"SKIP","floor":37},{"not_picked":["Protect","FlyingSleeves+1","BattleHymn+1"],"picked":"SKIP","floor":39},{"not_picked":["Fasting2","SashWhip+1","Prostrate"],"picked":"SKIP","floor":41},{"not_picked":["Worship","BattleHymn"],"picked":"CutThroughFate+1","floor":47},{"not_picked":["EmptyBody+1","JustLucky+1","ReachHeaven+1"],"picked":"SKIP","floor":48}],"player_experience":2241302,"relics_obtained":[{"floor":6,"key":"Molten Egg 2"},{"floor":9,"key":"Blood Vial"},{"floor":23,"key":"WingedGreaves"},{"floor":25,"key":"Unceasing Top"},{"floor":26,"key":"Matryoshka"},{"floor":27,"key":"Toy Ornithopter"},{"floor":41,"key":"Nunchaku"},{"floor":43,"key":"Juzu Bracelet"},{"floor":43,"key":"Orichalcum"},{"floor":47,"key":"Happy Flower"}],"event_choices":[{"damage_healed":0,"gold_gain":0,"player_choice":"Entered Light","damage_taken":14,"max_hp_gain":0,"max_hp_loss":0,"event_name":"Shining Light","floor":2,"gold_loss":0,"cards_upgraded":["Defend_P","Fasting2"]},{"damage_healed":0,"gold_gain":0,"player_choice":"Got Potions","damage_taken":0,"max_hp_gain":0,"max_hp_loss":0,"event_name":"Lab","floor":7,"gold_loss":0},{"cards_removed":["Defend_P"],"damage_healed":0,"gold_gain":0,"player_choice":"Card Removal","damage_taken":7,"max_hp_gain":0,"max_hp_loss":0,"event_name":"Golden Wing","floor":14,"gold_loss":0},{"damage_healed":0,"gold_gain":0,"player_choice":"Opened","damage_taken":0,"relics_obtained":["TungstenRod"],"max_hp_gain":0,"max_hp_loss":0,"event_name":"The Mausoleum","floor":20,"gold_loss":0,"cards_obtained":["Writhe"]},{"cards_removed":["Writhe"],"damage_healed":0,"gold_gain":0,"player_choice":"Purged","damage_taken":0,"max_hp_gain":0,"max_hp_loss":0,"event_name":"Purifier","floor":21,"gold_loss":0},{"damage_healed":0,"gold_gain":0,"player_choice":"Damaged","damage_taken":7,"max_hp_gain":0,"max_hp_loss":0,"event_name":"Wheel of Change","floor":38,"gold_loss":0},{"cards_removed":["Defend_P"],"damage_healed":0,"gold_gain":0,"player_choice":"Purged","damage_taken":0,"max_hp_gain":0,"max_hp_loss":0,"event_name":"Purifier","floor":45,"gold_loss":0}],"is_beta":false,"boss_relics":[{"not_picked":["Coffee Dripper","Tiny House"],"picked":"Sozu"},{"not_picked":["Runic Pyramid","SlaversCollar"],"picked":"VioletLotus"}],"items_purged_floors":[3,19,46],"is_endless":false,"potions_floor_spawned":[4,5,6,25,27,31,39,47],"killed_by":"Awakened One","ascension_level":10}}