{"host":"vvp4eihuvtuugjfx","time":1607696048,"event":{"mods":["Act Like it!","Aspiration","BaseMod","Better Note","CCEM","Colored Map","Colored Powertips","Downfall","Hallownest","Highlight Path","Mimic Mod","Minty Spire (QoL Compilation)","Permanent Neow","Quick Restart","Replay The Spire","Shop Mod","Spicy Shops","StSLib","The Bug Knight","The Construct","Unceasing Turn Reminder"],"gold_per_floor":[116,136,136,146,158,183,183,218,265,265,292,23,55,65,65,140,140,152,7,21,21,21,21,51,65,91,103,103,3,3],"floor_reached":29,"playtime":2297,"items_purged":[],"score":485,"play_id":"23120405-7987-4246-8b38-71cbcf74cd7e","local_time":"20201211151408","is_ascension_mode":true,"campfire_choices":[{"data":"Armaments","floor":7,"key":"SMITH"},{"data":"Feel No Pain","floor":15,"key":"SMITH"},{"data":"ReplayTheSpireMod:Brewmster","floor":23,"key":"SMITH"},{"data":"Life Link","floor":28,"key":"SMITH"}],"circlet_count":0,"master_deck":["AscendersBane","Defend_R","Defend_R","Defend_R","Bash","Battle Trance","Armaments+1","Heel Hook","All Out Attack","Dodge and Roll","Feel No Pain+1","Intimidate","Rampage","Whirlwind","Battle Trance","Battle Trance","Demon Form","Life Link+1","ReplayTheSpireMod:Brewmster+1","Thunderclap","Bite","Bite","Bite","Bite","Bite","Fire Breathing+1","Dropkick"],"relics":["Burning Blood","Red Skull","StoneCalendar","CCEMRelics:Barrel","MerchantsRug","Vajra","ClockworkSouvenir","Pet Ghost","aspiration:PoetsPen_weak","Replay:Bottled Snecko","MealTicket"],"acts_visited":["Exordium","TheCity"],"potions_floor_usage":[4,6,20,20,24,24,24,25,25,25,27,29,29],"damage_taken":[{"damage":2,"enemies":"Jaw Worm","floor":1,"turns":5},{"damage":0,"enemies":"Small Slimes","floor":2,"turns":3},{"damage":1,"enemies":"2 Louse","floor":4,"turns":2},{"damage":13,"enemies":"Exordium Thugs","floor":5,"turns":6},{"damage":27,"enemies":"Replay:BlueRogue","floor":6,"turns":10},{"damage":18,"enemies":"Lagavulin","floor":8,"turns":6},{"damage":4,"enemies":"3 Sentries","floor":11,"turns":4},{"damage":0,"enemies":"Red Slaver","floor":13,"turns":7},{"damage":6,"enemies":"Red Slaver","floor":14,"turns":4},{"damage":36,"enemies":"Hexaghost","floor":16,"turns":8},{"damage":25,"enemies":"2 Thieves","floor":18,"turns":4},{"damage":1,"enemies":"3 Byrds","floor":20,"turns":4},{"damage":2,"enemies":"Gremlin Leader","floor":24,"turns":6},{"damage":48,"enemies":"Snake Plant","floor":25,"turns":3},{"damage":10,"enemies":"Snecko","floor":27,"turns":4},{"damage":30,"enemies":"Book of Stabbing","floor":29,"turns":3}],"seed_played":"-964390539327575317","potions_obtained":[{"floor":1,"key":"Swift Potion"},{"floor":4,"key":"Dexterity Potion"},{"floor":5,"key":"Adrenaline Potion"},{"floor":11,"key":"Strength Potion"},{"floor":14,"key":"DuplicationPotion"},{"floor":20,"key":"Milkshake"}],"is_trial":false,"path_per_floor":["M","M","?","M","M","E","R","E","T","?","E","$","MIM","M","R","B",null,"M","$","M","?","?","R","E","M","T","M","R","E"],"character_chosen":"IRONCLAD","items_purchased":["MerchantsRug","Vajra","ClockworkSouvenir","ReplayTheSpireMod:Brewmster"],"campfire_rested":0,"item_purchase_floors":[12,12,12,19],"current_hp_per_floor":[72,75,75,75,68,47,47,35,35,35,37,37,51,51,51,21,62,43,43,56,56,52,52,52,17,17,23,23,0,0],"gold":3,"neow_bonus":"RANDOM_COMMON_RELIC","is_daily":false,"chose_seed":false,"campfire_upgraded":4,"win_rate":0.0,"timestamp":1607696048,"path_taken":["M","M","?","M","M","E","R","E","T","?","E","$","?","?","R","BOSS","M","$","M","?","?","R","E","M","T","M","R","E"],"items_purchased_type":["Relic","Relic","Relic","Card"],"build_version":"2020-11-30","purchased_purges":0,"victory":false,"max_hp_per_floor":[75,75,75,75,75,75,75,75,75,75,75,75,75,75,75,75,75,75,75,75,75,52,52,52,52,52,52,52,52,52],"card_choices":[{"not_picked":["Rupture","ReplayTheSpireMod:LeadingStrike"],"picked":"Battle Trance","floor":1},{"not_picked":["Clothesline","Iron Wave"],"picked":"Armaments","floor":2},{"not_picked":["Warcry","Dual Wield"],"picked":"Feel No Pain","floor":4},{"not_picked":["Anger","Pommel Strike"],"picked":"Intimidate","floor":5},{"not_picked":["Warcry","Clothesline"],"picked":"Rampage","floor":6},{"not_picked":["Thunderclap","Havoc"],"picked":"Whirlwind","floor":8},{"not_picked":["Replay:Undeath\u0027s Touch","Sentinel"],"picked":"Battle Trance","floor":11},{"not_picked":["Wild Strike","Combust"],"picked":"Battle Trance","floor":13},{"not_picked":["Havoc","Entrench","Pommel Strike"],"picked":"SKIP","floor":14},{"not_picked":["Feed","Replay:Many Hands"],"picked":"Demon Form","floor":16},{"not_picked":["Clothesline","Cleave"],"picked":"Life Link","floor":18},{"not_picked":["Clash","Combust"],"picked":"Thunderclap","floor":20},{"not_picked":["Infernal Blade","ReplayTheSpireMod:Strike From Hell","Clash"],"picked":"SKIP","floor":24},{"not_picked":["ReplayTheSpireMod:Stacked","Armaments+1"],"picked":"Fire Breathing+1","floor":25},{"not_picked":["Burning Pact","Thunderclap+1"],"picked":"Dropkick","floor":27}],"player_experience":724262,"relics_obtained":[{"floor":6,"key":"Red Skull"},{"floor":8,"key":"StoneCalendar"},{"floor":9,"key":"CCEMRelics:Pendulum"},{"floor":11,"key":"CCEMRelics:Barrel"},{"floor":13,"key":"Pet Ghost"},{"floor":24,"key":"Replay:Bottled Snecko"},{"floor":26,"key":"MealTicket"}],"event_choices":[{"damage_healed":0,"gold_gain":0,"player_choice":"Ignored","damage_taken":0,"max_hp_gain":0,"max_hp_loss":0,"event_name":"Liars Game","floor":10,"gold_loss":0},{"damage_healed":0,"gold_gain":0,"player_choice":"Became a vampire","damage_taken":0,"max_hp_gain":0,"max_hp_loss":23,"event_name":"Vampires","floor":22,"gold_loss":0,"cards_obtained":["Bite","Bite","Bite","Bite","Bite"]}],"is_beta":false,"boss_relics":[{"not_picked":["Velvet Choker","Runic Dome"],"picked":"aspiration:PoetsPen_weak"}],"items_purged_floors":[],"is_endless":false,"potions_floor_spawned":[1,4,5,11,14,20,27],"killed_by":"Book of Stabbing","ascension_level":15}}