{"host":"uxq2rly8rxtwffuf","time":1607667427,"event":{"mods":["BaseMod","Koishi","Minty Spire (QoL Compilation)","StSLib","The Judge","The Servant 0.9.4"],"gold_per_floor":[115,115,140,140,152,152,163,54,80,97,117,130,143,155,155,155,155],"floor_reached":16,"playtime":505,"items_purged":[],"score":187,"play_id":"63f0435e-d5d4-4efd-a326-aeb315744cd1","local_time":"20201211091707","is_ascension_mode":true,"campfire_choices":[{"floor":6,"key":"REST"},{"floor":15,"key":"REST"}],"circlet_count":0,"master_deck":["AscendersBane","Strike_S","Strike_S","Strike_S","Strike_S","Defend_S","Defend_S+1","Defend_S+1","Defend_S","KidneyShot","Exchange","FanOfKnives+1","SilverBlades","Reset","Manipulate","Ricochet","Orbit","Contraction","Solidify"],"relics":["Uniform","MealTicket","Tiny Chest"],"acts_visited":["Exordium"],"potions_floor_usage":[7,16],"damage_taken":[{"damage":10,"enemies":"Small Slimes","floor":1,"turns":4},{"damage":4,"enemies":"Jaw Worm","floor":5,"turns":2},{"damage":0,"enemies":"2 Louse","floor":7,"turns":3},{"damage":2,"enemies":"2 Fungi Beasts","floor":10,"turns":3},{"damage":6,"enemies":"Looter","floor":11,"turns":4},{"damage":15,"enemies":"3 Louse","floor":12,"turns":2},{"damage":0,"enemies":"2 Fungi Beasts","floor":13,"turns":2},{"damage":9,"enemies":"Looter","floor":14,"turns":4},{"damage":50,"enemies":"Slime Boss","floor":16,"turns":8}],"seed_played":"-7111384009210585388","potions_obtained":[{"floor":5,"key":"Block Potion"},{"floor":12,"key":"Dexterity Potion"},{"floor":13,"key":"DuplicationPotion"}],"is_trial":false,"path_per_floor":["M","?","T","?","M","R","M","$","T","M","M","M","M","M","R","B"],"character_chosen":"THE_SERVANT","items_purchased":["Manipulate","Ricochet"],"campfire_rested":2,"item_purchase_floors":[8,8],"current_hp_per_floor":[50,50,50,30,26,45,45,60,60,58,52,37,37,28,47,0,0],"gold":155,"neow_bonus":"TEN_PERCENT_HP_BONUS","is_daily":false,"chose_seed":false,"campfire_upgraded":0,"win_rate":0.0,"timestamp":1607667427,"path_taken":["M","?","?","?","M","R","M","?","T","M","M","M","M","?","R","BOSS"],"items_purchased_type":["Card","Card"],"build_version":"2020-11-30","purchased_purges":0,"victory":false,"max_hp_per_floor":[66,66,66,66,66,66,66,66,66,66,66,66,66,66,66,66,66],"card_choices":[{"not_picked":["Replace","Potential"],"picked":"FanOfKnives","floor":1},{"not_picked":["Rewind","Hightail"],"picked":"SilverBlades","floor":5},{"not_picked":["Rearm","DoubleEdge"],"picked":"Reset","floor":7},{"not_picked":["BestPractice","Spin"],"picked":"Orbit","floor":10},{"not_picked":["Replace","TimeWarp"],"picked":"Contraction","floor":11},{"not_picked":["TimeWarp","Alleviate","Defy"],"picked":"SKIP","floor":12},{"not_picked":["Replace","DoubleEdge","Snipe"],"picked":"SKIP","floor":13},{"not_picked":["Replace","GearUp"],"picked":"Solidify","floor":14}],"player_experience":1325337,"relics_obtained":[{"floor":3,"key":"MealTicket"},{"floor":9,"key":"Tiny Chest"}],"event_choices":[{"damage_healed":0,"gold_gain":0,"player_choice":"Grow","damage_taken":0,"max_hp_gain":0,"max_hp_loss":0,"event_name":"Living Wall","floor":2,"gold_loss":0,"cards_upgraded":["FanOfKnives"]},{"damage_healed":0,"gold_gain":0,"player_choice":"Entered Light","damage_taken":20,"max_hp_gain":0,"max_hp_loss":0,"event_name":"Shining Light","floor":4,"gold_loss":0,"cards_upgraded":["Defend_S","Defend_S"]}],"is_beta":false,"boss_relics":[],"items_purged_floors":[],"is_endless":false,"potions_floor_spawned":[5,12,13,14],"killed_by":"Slime Boss","ascension_level":19}}