{"host":"49c2zf0lajbcs427","time":1607653944,"event":{"mods":["AchievementEnabler","BaseMod","Colored Map","Colored Powertips","Highlight Path","Minty Spire (QoL Compilation)","Relic Stats","StSLib"],"gold_per_floor":[115,115,115,134,145,171,187,187,212,212,227,259,259,274,274,345,345,357,368,283,243,25,56,56,91,118,118,135,167,167,199,199,278,278,293,348,348,99,99,126,126,154,154,154,166,199,199,212,212,212],"floor_reached":51,"playtime":2329,"items_purged":["Pray","Wireheading"],"score":1591,"play_id":"c333f938-a4b6-4904-94c1-b51d4d357ee2","local_time":"20201211153224","is_ascension_mode":true,"campfire_choices":[{"floor":8.0,"key":"REST"},{"floor":13.0,"key":"REST"},{"floor":15.0,"key":"RECALL"},{"floor":32.0,"key":"REST"},{"floor":49,"key":"REST"}],"circlet_count":0,"master_deck":["AscendersBane","Eruption+1","Vigilance+1","Consecrate+1","SignatureMove+1","SpiritShield+1","EmptyBody+1","LikeWater+1","Blasphemy+1","Tantrum+1","Ragnarok+1","Necronomicurse","WaveOfTheHand+1","Swivel+1","Omniscience+1","Vengeance+1","CutThroughFate+1","Evaluate+1","TalkToTheHand+1","Scrawl+1","Wallop+1","SandsOfTime+1","Ragnarok"],"relics":["Fusion Hammer","Blood Vial","Oddly Smooth Stone","Boot","Snecko Eye","Juzu Bracelet","HornCleat","Necronomicon","WingedGreaves","Lantern","Tiny Chest","MutagenicStrength","Toy Ornithopter","Pandora\u0027s Box","StoneCalendar","Bag of Marbles","Mango","Regal Pillow","Mark of the Bloom","Bottled Flame","Toxic Egg 2","Thread and Needle"],"acts_visited":["Exordium","TheCity","TheBeyond"],"potions_floor_usage":[50,50],"damage_taken":[{"damage":2.0,"enemies":"Jaw Worm","floor":1.0,"turns":4.0},{"damage":0.0,"enemies":"Small Slimes","floor":4.0,"turns":2.0},{"damage":0.0,"enemies":"Cultist","floor":5.0,"turns":3.0},{"damage":27.0,"enemies":"Lagavulin","floor":6.0,"turns":5.0},{"damage":8.0,"enemies":"Large Slime","floor":7.0,"turns":5.0},{"damage":0.0,"enemies":"Looter","floor":11.0,"turns":3.0},{"damage":12.0,"enemies":"Gremlin Nob","floor":12.0,"turns":5.0},{"damage":0.0,"enemies":"Exordium Wildlife","floor":14.0,"turns":2.0},{"damage":27.0,"enemies":"Hexaghost","floor":16.0,"turns":11.0},{"damage":7.0,"enemies":"2 Thieves","floor":18.0,"turns":3.0},{"damage":0.0,"enemies":"Chosen","floor":19.0,"turns":3.0},{"damage":7.0,"enemies":"Gremlin Leader","floor":23.0,"turns":4.0},{"damage":0.0,"enemies":"Book of Stabbing","floor":25.0,"turns":3.0},{"damage":0.0,"enemies":"3 Cultists","floor":28.0,"turns":3.0},{"damage":27.0,"enemies":"Gremlin Leader","floor":29.0,"turns":4.0},{"damage":23.0,"enemies":"Slavers","floor":31.0,"turns":3.0},{"damage":11.0,"enemies":"Collector","floor":33.0,"turns":4.0},{"damage":0.0,"enemies":"Orb Walker","floor":35.0,"turns":2.0},{"damage":0.0,"enemies":"2 Orb Walkers","floor":36.0,"turns":2.0},{"damage":9,"enemies":"Giant Head","floor":40,"turns":6},{"damage":0,"enemies":"Reptomancer","floor":42,"turns":1},{"damage":0,"enemies":"3 Darklings","floor":45,"turns":1},{"damage":0,"enemies":"Giant Head","floor":46,"turns":1},{"damage":0,"enemies":"Sphere and 2 Shapes","floor":48,"turns":1},{"damage":0,"enemies":"Awakened One","floor":50,"turns":6}],"seed_played":"-8004510717502991020","potions_obtained":[{"floor":4.0,"key":"SpeedPotion"},{"floor":6.0,"key":"Energy Potion"},{"floor":11.0,"key":"Strength Potion"},{"floor":19.0,"key":"FairyPotion"},{"floor":33.0,"key":"SteroidPotion"},{"floor":42,"key":"Strength Potion"}],"is_trial":false,"path_per_floor":["M","?","?","M","M","E","M","R","T","?","M","E","R","M","R","B",null,"M","M","?","?","$","E","?","E","T","?","M","E","?","E","R","B",null,"M","?","?","$","T","E","?","E","T","?","M","E","?","M","R","B",null],"character_chosen":"WATCHER","items_purchased":["Ragnarok","Bag of Marbles"],"campfire_rested":4,"item_purchase_floors":[22,38],"current_hp_per_floor":[63,49,42,42,42,15,9,30,30,30,32,22,43,45,45,20,59,54,56,56,56,56,51,35,37,37,37,39,14,14,21,42,33,62,64,66,82,82,96,87,87,87,87,87,87,87,87,87,87,87],"gold":212,"neow_bonus":"BOSS_RELIC","is_daily":false,"chose_seed":false,"campfire_upgraded":0,"win_rate":0.0,"timestamp":1607653944,"path_taken":["M","?","?","M","M","E","M","R","T","?","M","E","R","M","R","BOSS","M","M","?","?","$","E","?","E","T","?","M","E","?","E","R","BOSS","M","?","?","$","?","E","?","E","T","?","M","E","?","M","R","BOSS"],"items_purchased_type":["Card","Relic"],"build_version":"2020-11-30","purchased_purges":2,"victory":true,"max_hp_per_floor":[72,72,72,72,72,72,72,72,72,72,72,72,72,72,72,72,72,72,72,72,72,72,72,72,72,72,72,72,72,72,72,72,72,72,72,72,82,82,96,96,96,96,96,91,91,91,91,91,91,91],"relic_stats":{"Regal Pillow":0,"Mark of the Bloom":62,"counters":[25,87],"StoneCalendar":[0],"Juzu Bracelet":2,"Boot":[83],"Blood Vial":30,"Snecko Eye":[82,73,78,86],"Tiny Chest":1,"Pandora\u0027s Box":["Vengeance","CutThroughFate","Establishment","Evaluate","TalkToTheHand","LikeWater","Scrawl"],"Necronomicon":[28],"obtain_stats":[{"Lantern":26,"Regal Pillow":40,"Mark of the Bloom":41,"Oddly Smooth Stone":9,"StoneCalendar":36,"Mango":39,"Thread and Needle":46,"Juzu Bracelet":20,"Boot":12,"Blood Vial":6,"Bottled Flame":42,"HornCleat":23,"MutagenicStrength":30,"Snecko Eye":17,"Tiny Chest":29,"Pandora\u0027s Box":34,"Fusion Hammer":0,"WingedGreaves":25,"Necronomicon":24,"Bag of Marbles":38,"PureWater":0,"Toxic Egg 2":43,"Toy Ornithopter":31},{"Lantern":13,"Regal Pillow":20,"Mark of the Bloom":20,"Oddly Smooth Stone":5,"StoneCalendar":19,"Mango":19,"Thread and Needle":23,"Juzu Bracelet":11,"Boot":7,"Blood Vial":4,"Bottled Flame":21,"HornCleat":12,"MutagenicStrength":15,"Snecko Eye":9,"Tiny Chest":15,"Pandora\u0027s Box":17,"Fusion Hammer":0,"WingedGreaves":13,"Necronomicon":12,"Bag of Marbles":19,"PureWater":0,"Toxic Egg 2":21,"Toy Ornithopter":16},{"Lantern":53,"Regal Pillow":77,"Mark of the Bloom":77,"Oddly Smooth Stone":19,"StoneCalendar":71,"Mango":71,"Thread and Needle":80,"Juzu Bracelet":46,"Boot":27,"Blood Vial":14,"Bottled Flame":78,"HornCleat":50,"MutagenicStrength":60,"Snecko Eye":40,"Tiny Chest":60,"Pandora\u0027s Box":67,"Fusion Hammer":0,"WingedGreaves":53,"Necronomicon":50,"Bag of Marbles":71,"PureWater":0,"Toxic Egg 2":78,"Toy Ornithopter":63}],"Toy Ornithopter":0},"card_choices":[{"not_picked":["ClearTheMind","Swivel"],"picked":"Consecrate","floor":1.0},{"not_picked":["Crescendo","BowlingBash"],"picked":"SignatureMove","floor":4.0},{"not_picked":["CrushJoints","ThirdEye","Halt"],"picked":"SKIP","floor":5.0},{"not_picked":["Sanctity","SignatureMove"],"picked":"SpiritShield","floor":6.0},{"not_picked":["Collect","FollowUp"],"picked":"EmptyBody","floor":7.0},{"not_picked":["FlyingSleeves","ClearTheMind"],"picked":"Pray","floor":11.0},{"not_picked":["JustLucky","Nirvana","InnerPeace"],"picked":"SKIP","floor":12.0},{"not_picked":["ThirdEye","WheelKick"],"picked":"LikeWater","floor":14.0},{"not_picked":["Devotion","DevaForm"],"picked":"Blasphemy","floor":16.0},{"not_picked":["Conclude","DeceiveReality"],"picked":"Wireheading","floor":18.0},{"not_picked":["CutThroughFate","Crescendo+1"],"picked":"Tantrum+1","floor":19.0},{"not_picked":["Indignation","Study+1","SignatureMove"],"picked":"SKIP","floor":23.0},{"not_picked":["Perseverance","Indignation+1","CrushJoints"],"picked":"SKIP","floor":25.0},{"not_picked":["SashWhip","ThirdEye"],"picked":"WaveOfTheHand+1","floor":28.0},{"not_picked":["FlurryOfBlows","WaveOfTheHand","SashWhip"],"picked":"SKIP","floor":29.0},{"not_picked":["ClearTheMind","Pray"],"picked":"Swivel","floor":31.0},{"not_picked":["Blasphemy","ConjureBlade"],"picked":"Omniscience","floor":33.0},{"not_picked":["DeceiveReality+1","Indignation"],"picked":"Wallop","floor":35.0},{"not_picked":["Study","Meditate"],"picked":"SandsOfTime","floor":40},{"not_picked":["ThirdEye","FlyingSleeves+1","EmptyFist"],"picked":"SKIP","floor":42},{"not_picked":["Tantrum+1","Worship+1","CrushJoints"],"picked":"SKIP","floor":45},{"not_picked":["Weave","FlurryOfBlows","WaveOfTheHand+1"],"picked":"SKIP","floor":46},{"not_picked":["BattleHymn","DeceiveReality+1"],"picked":"Ragnarok","floor":48}],"player_experience":2062653,"relics_obtained":[{"floor":6.0,"key":"Blood Vial"},{"floor":9.0,"key":"Oddly Smooth Stone"},{"floor":12.0,"key":"Boot"},{"floor":23.0,"key":"HornCleat"},{"floor":24.0,"key":"Necronomicon"},{"floor":25.0,"key":"WingedGreaves"},{"floor":26.0,"key":"Lantern"},{"floor":29.0,"key":"Tiny Chest"},{"floor":31.0,"key":"Toy Ornithopter"},{"floor":36.0,"key":"StoneCalendar"},{"floor":39.0,"key":"Mango"},{"floor":40,"key":"Regal Pillow"},{"floor":42,"key":"Bottled Flame"},{"floor":43,"key":"Toxic Egg 2"},{"floor":46,"key":"Thread and Needle"}],"event_choices":[{"damage_healed":0.0,"max_hp_gain":0.0,"max_hp_loss":0.0,"gold_gain":0.0,"event_name":"Shining Light","player_choice":"Entered Light","floor":2.0,"gold_loss":0.0,"damage_taken":14.0,"cards_upgraded":["Strike_P","Defend_P"]},{"cards_removed":["Strike_P"],"damage_healed":0.0,"max_hp_gain":0.0,"max_hp_loss":0.0,"gold_gain":0.0,"event_name":"Golden Wing","player_choice":"Card Removal","floor":3.0,"gold_loss":0.0,"damage_taken":7.0},{"damage_healed":0.0,"max_hp_gain":0.0,"max_hp_loss":0.0,"gold_gain":0.0,"event_name":"Liars Game","player_choice":"Ignored","floor":10.0,"gold_loss":0.0,"damage_taken":0.0},{"damage_healed":0.0,"max_hp_gain":0.0,"max_hp_loss":0.0,"gold_gain":0.0,"event_name":"Addict","player_choice":"Obtained Relic","floor":20.0,"gold_loss":85.0,"damage_taken":0.0,"relics_obtained":["Juzu Bracelet"]},{"damage_healed":0.0,"max_hp_gain":0.0,"max_hp_loss":0.0,"gold_gain":0.0,"event_name":"Designer","player_choice":"Upgrade","floor":21.0,"gold_loss":40.0,"damage_taken":0.0,"cards_upgraded":["Blasphemy"]},{"damage_healed":0.0,"max_hp_gain":0.0,"max_hp_loss":0.0,"gold_gain":0.0,"event_name":"Cursed Tome","player_choice":"Obtained Book","floor":24.0,"gold_loss":0.0,"damage_taken":16.0},{"damage_healed":0.0,"max_hp_gain":0.0,"max_hp_loss":0.0,"gold_gain":0.0,"event_name":"Ghosts","player_choice":"Ignored","floor":27.0,"gold_loss":0.0,"damage_taken":0.0},{"damage_healed":0.0,"max_hp_gain":0.0,"max_hp_loss":0.0,"gold_gain":0.0,"event_name":"Drug Dealer","player_choice":"Inject Mutagens","floor":30.0,"gold_loss":0.0,"damage_taken":0.0,"relics_obtained":["MutagenicStrength"]},{"damage_healed":0.0,"max_hp_gain":0.0,"max_hp_loss":0.0,"gold_gain":0.0,"event_name":"Mysterious Sphere","player_choice":"Fight","floor":36.0,"gold_loss":0.0,"damage_taken":0.0},{"cards_removed":["Establishment"],"damage_healed":6.0,"max_hp_gain":10.0,"max_hp_loss":0.0,"gold_gain":0.0,"event_name":"Bonfire Elementals","player_choice":"Offered Rare","floor":37.0,"gold_loss":0.0,"damage_taken":0.0},{"damage_healed":0,"gold_gain":0,"player_choice":"Upgrade","damage_taken":0,"relics_obtained":["Mark of the Bloom"],"max_hp_gain":0,"max_hp_loss":0,"event_name":"MindBloom","floor":41,"gold_loss":0,"cards_upgraded":["Eruption","Vigilance","Consecrate","SignatureMove","SpiritShield","EmptyBody","LikeWater","Ragnarok","Swivel","Omniscience","Vengeance","CutThroughFate","Evaluate","TalkToTheHand","LikeWater","Scrawl","Wallop","SandsOfTime"]},{"damage_healed":0,"gold_gain":0,"player_choice":"Max HP","damage_taken":0,"max_hp_gain":0,"max_hp_loss":5,"event_name":"Winding Halls","floor":44,"gold_loss":0},{"cards_removed":["LikeWater"],"damage_healed":0,"gold_gain":0,"player_choice":"Removed Power","damage_taken":0,"max_hp_gain":0,"max_hp_loss":0,"event_name":"Falling","floor":47,"gold_loss":0}],"is_beta":false,"boss_relics":[{"not_picked":["Astrolabe","Black Star"],"picked":"Snecko Eye"},{"not_picked":["Runic Dome","SacredBark"],"picked":"Pandora\u0027s Box"}],"items_purged_floors":[22,38],"is_endless":false,"potions_floor_spawned":[4,6,11,19,23,33,36,42,46,48],"ascension_level":13}}