{"host":"g53g9qlo34vrqi92","time":1607730953,"event":{"mods":["Aspiration","Bard","BaseMod","Beaked The Cultist","BetterRewards","Colored Map","Conspire","Downfall","Energized Spire","Fiend Mod","GifTheSpireLib","Googly Eyes","Gremlin Skip","Halation","Hermit","Hubris","Infinite Spire","Jedi Mod","Minty Spire (QoL Compilation)","Permanent Neow","Quick Restart","Relic Filter","Replay The Spire","Spikes Relics","StSLib","Stuff the Spire","Synergy Search","The Bladedancer","The Bug Knight","The Construct","The Cursed","The Factory","The Forsaken","The Jungle","The Necromancer","The Spell Scribe","The Trickster","Trackpad","slay the spire mod where everything is the same but ironclad has a cowboy hat","vexMod"],"gold_per_floor":[115,130,130,147,166,200,32,58,82,115,115,151,173,191,191,309,309,324,162,162,182,212,212,248,248,248,248,48,68,95,168,168,289,289,310,329,352,352,352,365,365,365,20,61,74,74],"floor_reached":45,"playtime":4273,"items_purged":[],"score":680,"play_id":"106d3776-a10b-4286-b5cd-d03a36d52c71","local_time":"20201211155553","is_ascension_mode":false,"campfire_choices":[{"data":"StuffTheSpire:Slingshot","floor":15,"key":"SMITH"},{"data":"Bash","floor":23,"key":"SMITH"},{"floor":25,"key":"RECALL"},{"data":"Armaments","floor":27,"key":"SMITH"},{"data":"ReplayReversal","floor":32,"key":"SMITH"},{"floor":42,"key":"REST"}],"circlet_count":0,"master_deck":["Strike_R","Strike_R","Strike_R","Strike_R","Defend_R","Defend_R","Defend_R","Defend_R","Bash+1","hubris:ReadiedAction","Rampage","Shrug It Off+1","Cleave","ReplayTheSpireMod:Limb From Limb","Pommel Strike","Battle Trance","StuffTheSpire:FreeRealEstate+1","StuffTheSpire:Slingshot+1","Bloodletting","Intimidate+1","conspire:HitWhereItHurts","Thunderclap","Armaments+1","Thunderclap","ReplayReversal+1","Double Tap","Seeing Red+1","hubris:ReadiedAction","jedi:unlimitedpower"],"relics":["Burning Blood","aspiration:Nostalgia","blademaster:DancersAmulet","jedi:crownofsimplicity","StuffTheSpire:Experiment12","Snack Pack","Potion Belt","CosmicIsotope","StuffTheSpire:MayFlowers","Shuriken","hubris:EmptyBottle","Fusion Hammer","hubris:Icosahedron","hubris:MedicalManual","Replay:Baseball"],"acts_visited":["Exordium","TheCity","TheBeyond","TheEnding"],"potions_floor_usage":[12,40,45,45,45,45,45,45,45,45],"damage_taken":[{"damage":2.0,"enemies":"2 Louse","floor":1.0,"turns":4.0},{"damage":1.0,"enemies":"Cultist","floor":2.0,"turns":3.0},{"damage":4.0,"enemies":"conspire:RoseBush","floor":4.0,"turns":3.0},{"damage":13.0,"enemies":"Gremlin Gang","floor":5.0,"turns":4.0},{"damage":31,"enemies":"3 Sentries","floor":6,"turns":10},{"damage":6,"enemies":"3 Louse","floor":8,"turns":4},{"damage":0,"enemies":"Replay:BlueRogue","floor":10,"turns":3},{"damage":0,"enemies":"HollowMod:MossKnight","floor":12,"turns":3},{"damage":0,"enemies":"Blue Slaver","floor":13,"turns":1},{"damage":18,"enemies":"Exordium Thugs","floor":14,"turns":3},{"damage":26,"enemies":"The Guardian","floor":16,"turns":11},{"damage":0,"enemies":"Chosen","floor":18,"turns":3},{"damage":20,"enemies":"Shelled Parasite and Fungi","floor":21,"turns":4},{"damage":0,"enemies":"Cultist and Chosen","floor":22,"turns":4},{"damage":1,"enemies":"conspire:Head Lice","floor":24,"turns":3},{"damage":16,"enemies":"Snake Plant","floor":29,"turns":3},{"damage":6,"enemies":"Centurion and Healer","floor":30,"turns":4},{"damage":25,"enemies":"Collector","floor":33,"turns":9},{"damage":14,"enemies":"3 Shapes","floor":35,"turns":4},{"damage":8,"enemies":"3 Darklings","floor":36,"turns":4},{"damage":1,"enemies":"Spire Growth","floor":37,"turns":3},{"damage":55,"enemies":"conspire:OrnateMirror","floor":40,"turns":6},{"damage":25,"enemies":"Shield and Spear","floor":44,"turns":6},{"damage":78,"enemies":"The Heart","floor":45,"turns":6}],"seed_played":"9212005603113284880","potions_obtained":[{"floor":4.0,"key":"Energy Potion"},{"floor":5.0,"key":"ColorlessPotion"},{"floor":6,"key":"jedi:tentaclejuice"},{"floor":13,"key":"Reflective Coating"},{"floor":14,"key":"Elixir"},{"floor":21,"key":"Slimebound:ThreeZeroPotion"},{"floor":36,"key":"Fire Potion"}],"is_trial":false,"path_per_floor":["M","M","?","M","M","E","$","M","T","E","?","E","M","M","R","B",null,"M","?","?","M","M","R","E","R","T","R","$","M","M","T","R","B",null,"M","M","M","?","?","B",null,"R","$","E","B"],"character_chosen":"IRONCLAD","items_purchased":["Battle Trance","StuffTheSpire:FreeRealEstate","hubris:EmptyBottle","Thunderclap","hubris:MedicalManual","hubris:ReadiedAction"],"campfire_rested":1,"item_purchase_floors":[7,7,28,28,43,43],"current_hp_per_floor":[80,80,80,80,73,48,48,48,48,54,54,64,72,64,64,54,80,80,80,80,68,80,80,80,80,80,80,80,72,76,76,76,61,80,76,80,80,80,80,40,80,80,80,70,0,0],"gold":74,"neow_bonus":"NOSTALGIA","is_daily":false,"chose_seed":false,"campfire_upgraded":4,"win_rate":0.0,"timestamp":1607730953,"path_taken":["M","M","?","?","M","E","?","M","T","E","?","E","M","?","R","BOSS","M","?","?","?","M","R","E","R","T","R","$","?","M","?","R","BOSS","M","?","M","?","?","BOSS","R","$","E","BOSS"],"items_purchased_type":["Card","Card","Relic","Card","Relic","Card"],"build_version":"2020-11-30","purchased_purges":0,"victory":false,"max_hp_per_floor":[80,80,80,80,80,80,80,80,80,80,80,80,80,80,80,80,80,80,80,80,80,80,80,80,80,80,80,80,80,80,80,80,80,80,80,80,80,80,80,80,80,80,80,80,80,80],"card_choices":[{"not_picked":["Absolvement","jedi:MakeshiftSword"],"picked":"hubris:ReadiedAction","floor":1.0},{"not_picked":["Power Through","Anger"],"picked":"Rampage","floor":2.0},{"not_picked":["Warcry","Sword Boomerang"],"picked":"Cleave","floor":4.0},{"not_picked":["Dual Wield","Havoc"],"picked":"ReplayTheSpireMod:Limb From Limb","floor":5.0},{"not_picked":["Flex","jedi:hate"],"picked":"Pommel Strike","floor":6},{"not_picked":["Clash","Headbutt"],"picked":"StuffTheSpire:Slingshot","floor":8},{"not_picked":["Combust","jedi:strikingstrike"],"picked":"Bloodletting","floor":10},{"not_picked":["Heavy Blade","Run Through","Reckless Charge"],"picked":"SKIP","floor":12},{"not_picked":["jedi:controlledanger","jedi:collectorstrike"],"picked":"Intimidate","floor":13},{"not_picked":["Body Slam","StuffTheSpire:Incineration","Anger"],"picked":"SKIP","floor":14},{"not_picked":["jedi:harder","hubris:StunningStrike"],"picked":"conspire:HitWhereItHurts","floor":16},{"not_picked":["Second Wind","Sword Boomerang+1"],"picked":"Thunderclap","floor":18},{"not_picked":["Heavy Blade","Second Wind","Iron Wave"],"picked":"SKIP","floor":21},{"not_picked":["jedi:controlledanger+1","ReplayTheSpireMod:Limb From Limb","Clash+1"],"picked":"SKIP","floor":22},{"not_picked":["Anger+1","Bloodletting"],"picked":"Armaments","floor":24},{"not_picked":["Exhume","Fire Breathing+1","Pommel Strike"],"picked":"SKIP","floor":29},{"not_picked":["Replay:Undeath\u0027s Touch","Shrug It Off"],"picked":"ReplayReversal","floor":30},{"not_picked":["Replay:Many Hands","Feed"],"picked":"Double Tap","floor":33},{"not_picked":["Flex","jedi:fear+1","Body Slam+1"],"picked":"SKIP","floor":35},{"not_picked":["Defy Death","True Grit"],"picked":"Seeing Red+1","floor":36},{"not_picked":["Pommel Strike","Disarm","Armaments"],"picked":"SKIP","floor":37},{"not_picked":["Battle Trance+1","Replay:Many Hands"],"picked":"jedi:unlimitedpower","floor":44}],"player_experience":972614,"relics_obtained":[{"floor":6,"key":"jedi:crownofsimplicity"},{"floor":9,"key":"StuffTheSpire:Experiment12"},{"floor":10,"key":"Snack Pack"},{"floor":12,"key":"Potion Belt"},{"floor":24,"key":"StuffTheSpire:MayFlowers"},{"floor":26,"key":"Shuriken"},{"floor":44,"key":"Replay:Baseball"}],"event_choices":[{"damage_healed":0.0,"max_hp_gain":0.0,"max_hp_loss":0.0,"gold_gain":0.0,"event_name":"Match and Keep!","player_choice":"1 cards matched","floor":3.0,"gold_loss":0.0,"damage_taken":0.0,"cards_obtained":["Shrug It Off"]},{"cards_removed":["Strike_R"],"damage_healed":0,"gold_gain":0,"player_choice":"Purged","damage_taken":0,"max_hp_gain":0,"max_hp_loss":0,"event_name":"Purifier","floor":11,"gold_loss":0},{"damage_healed":0,"gold_gain":0,"player_choice":"Took Portal","damage_taken":0,"max_hp_gain":0,"max_hp_loss":0,"event_name":"SecretPortal","floor":39,"gold_loss":0}],"is_beta":false,"boss_relics":[{"not_picked":["halation:PlatinumPhoenix","energizedSpire:DecayingSkull"],"picked":"CosmicIsotope"},{"not_picked":["Painkiller Herb","halation:PinkAlligatorPlush"],"picked":"Fusion Hammer"}],"items_purged_floors":[],"is_endless":false,"potions_floor_spawned":[4,5,6,10,13,14,21,24,30,33,36,37,44],"killed_by":"The Heart","ascension_level":0}}