{"host":"3ek78t4i81ecmdy1","time":1607661272,"event":{"mods":["2.2 Compatiblity","AchievementEnabler","BaseMod","Colored Map","DeckTracker","Filter the Spire","Keyboard Shortcuts","Minty Spire (QoL Compilation)","Permanent Neow","Quick Restart","SuperFastMode","everything is the same but u backflip on backflip"],"gold_per_floor":[118,131,131,131,145,145,174,184,184,184,184,184,212,225,225,322,322,334,9,9,22,22,53,53,66,119,138,138,154,154,164,164,261,261,273,51,62,62,62,62,80,80,80,92,92,119,136,171,171,171],"floor_reached":51,"playtime":2207,"items_purged":["Regret"],"score":929,"play_id":"8fc92f85-3d16-4c91-b5fb-d0e37644daa7","local_time":"20201211133432","is_ascension_mode":true,"campfire_choices":[{"data":"Neutralize","floor":6,"key":"SMITH"},{"data":"Calculated Gamble","floor":10,"key":"SMITH"},{"data":"Infinite Blades","floor":12,"key":"SMITH"},{"data":"Dodge and Roll","floor":15,"key":"SMITH"},{"data":"Tactician","floor":24,"key":"SMITH"},{"data":"Tactician","floor":30,"key":"SMITH"},{"data":"Cloak And Dagger","floor":32,"key":"SMITH"},{"floor":40,"key":"RECALL"},{"floor":42,"key":"REST"},{"floor":49,"key":"REST"}],"circlet_count":0,"master_deck":["Survivor","Neutralize+1","Quick Slash","Dash","Masterful Stab","Blade Dance","Backstab","Heel Hook","Infinite Blades+1","Burst","Accuracy","Poisoned Stab","Dodge and Roll+1","Acrobatics","Calculated Gamble+1","Deadly Poison","Envenom+1","CurseOfTheBell","Tactician+1","Trip","Tactician+1","After Image+1","Noxious Fumes+1","Distraction+1","Cloak And Dagger+1","Adrenaline","Prepared+1","Leg Sweep+1","Panacea","Underhanded Strike+1","Parasite","Deflect+1","Finisher+1","Setup+1"],"relics":["Pandora\u0027s Box","Pen Nib","Singing Bowl","TungstenRod","Orichalcum","Mummified Hand","Frozen Egg 2","Calling Bell","Bag of Preparation","White Beast Statue","Tingsha","Question Card","Mercury Hourglass","Oddly Smooth Stone","Tiny Chest","Bottled Flame","Fusion Hammer","TwistedFunnel","Bottled Tornado","Ice Cream","Blood Vial"],"acts_visited":["Exordium","TheCity","TheBeyond"],"potions_floor_usage":[7,21,23,27,29,31,33,33,33,44,46,48,50,50],"damage_taken":[{"damage":0,"enemies":"Cultist","floor":1,"turns":2},{"damage":0,"enemies":"Jaw Worm","floor":2,"turns":1},{"damage":3,"enemies":"Small Slimes","floor":5,"turns":3},{"damage":3,"enemies":"Gremlin Nob","floor":7,"turns":2},{"damage":3,"enemies":"Blue Slaver","floor":8,"turns":2},{"damage":3,"enemies":"3 Sentries","floor":13,"turns":5},{"damage":1,"enemies":"Exordium Thugs","floor":14,"turns":3},{"damage":1,"enemies":"Slime Boss","floor":16,"turns":5},{"damage":17,"enemies":"3 Byrds","floor":18,"turns":4},{"damage":1,"enemies":"Shell Parasite","floor":21,"turns":2},{"damage":0,"enemies":"Book of Stabbing","floor":23,"turns":3},{"damage":0,"enemies":"Snecko","floor":25,"turns":3},{"damage":2,"enemies":"Centurion and Healer","floor":27,"turns":5},{"damage":12,"enemies":"Chosen and Byrds","floor":29,"turns":4},{"damage":0,"enemies":"Snecko","floor":31,"turns":3},{"damage":38,"enemies":"Collector","floor":33,"turns":9},{"damage":22,"enemies":"3 Shapes","floor":35,"turns":3},{"damage":0,"enemies":"Orb Walker","floor":37,"turns":3},{"damage":1,"enemies":"3 Darklings","floor":41,"turns":3},{"damage":3,"enemies":"Writhing Mass","floor":44,"turns":5},{"damage":0,"enemies":"Giant Head","floor":46,"turns":5},{"damage":4,"enemies":"Jaw Worm Horde","floor":47,"turns":3},{"damage":0,"enemies":"Reptomancer","floor":48,"turns":5},{"damage":51,"enemies":"Awakened One","floor":50,"turns":10}],"seed_played":"-2565133570119481205","potions_obtained":[{"floor":1,"key":"DistilledChaos"},{"floor":5,"key":"DistilledChaos"},{"floor":13,"key":"SkillPotion"},{"floor":18,"key":"CunningPotion"},{"floor":21,"key":"SneckoOil"},{"floor":23,"key":"GhostInAJar"},{"floor":25,"key":"ColorlessPotion"},{"floor":27,"key":"Dexterity Potion"},{"floor":29,"key":"Swift Potion"},{"floor":31,"key":"Explosive Potion"},{"floor":33,"key":"FearPotion"},{"floor":35,"key":"Dexterity Potion"},{"floor":37,"key":"SpeedPotion"},{"floor":41,"key":"Explosive Potion"},{"floor":44,"key":"SmokeBomb"},{"floor":46,"key":"PowerPotion"},{"floor":47,"key":"ColorlessPotion"},{"floor":48,"key":"ColorlessPotion"}],"is_trial":false,"path_per_floor":["M","M","?","?","M","R","E","M","T","R","T","R","E","M","R","B",null,"M","$","?","M","?","E","R","M","T","M","T","M","R","M","R","B",null,"M","$","M","?","?","R","M","R","T","M","T","E","M","E","R","B",null],"character_chosen":"THE_SILENT","items_purchased":["Question Card","Trip","TwistedFunnel"],"campfire_rested":2,"item_purchase_floors":[19,19,36],"current_hp_per_floor":[70,70,70,58,55,55,52,51,51,51,51,51,48,49,49,48,74,57,57,57,58,58,58,58,60,60,58,58,46,46,46,46,8,78,56,56,56,56,56,56,55,78,78,77,77,77,73,73,80,29],"gold":171,"neow_bonus":"BOSS_RELIC","is_daily":false,"chose_seed":false,"campfire_upgraded":7,"win_rate":0.0,"timestamp":1607661272,"path_taken":["M","?","?","?","M","R","E","M","T","R","?","R","E","?","R","BOSS","M","?","?","M","?","E","R","?","T","M","?","M","R","M","R","BOSS","M","$","M","?","?","R","M","R","T","M","?","E","?","E","R","BOSS"],"items_purchased_type":["Relic","Card","Relic"],"build_version":"2020-11-30","purchased_purges":1,"victory":true,"max_hp_per_floor":[70,70,70,70,70,70,70,72,72,72,72,72,72,74,74,74,74,74,74,74,76,76,76,76,78,78,78,78,78,78,78,78,78,78,78,78,78,78,78,78,78,78,78,80,80,80,80,80,80,80],"card_choices":[{"not_picked":["Concentrate","Bane"],"picked":"Poisoned Stab","floor":1},{"not_picked":["Flying Knee","Deadly Poison"],"picked":"Dodge and Roll","floor":2},{"not_picked":["Dagger Throw","Dagger Spray"],"picked":"Acrobatics","floor":5},{"not_picked":["Dodge and Roll","Dagger Spray"],"picked":"Calculated Gamble","floor":7},{"not_picked":["Backflip","Finisher","Dagger Spray"],"picked":"Singing Bowl","floor":8},{"not_picked":["Grand Finale","Distraction"],"picked":"Deadly Poison","floor":13},{"not_picked":["Eviscerate","Dagger Spray","Dagger Throw"],"picked":"Singing Bowl","floor":14},{"not_picked":["Storm of Steel","Tools of the Trade+1"],"picked":"Envenom+1","floor":16},{"not_picked":["Calculated Gamble","Flying Knee+1"],"picked":"Tactician","floor":18},{"not_picked":["Choke+1","Bane","Predator+1","Deflect"],"picked":"Singing Bowl","floor":21},{"not_picked":["Finisher+1","Dagger Throw+1","Backstab"],"picked":"After Image+1","floor":23},{"not_picked":["Slice","Prepared","Infinite Blades+1","Flechettes"],"picked":"Singing Bowl","floor":25},{"not_picked":["Catalyst","Sucker Punch+1","Crippling Poison"],"picked":"Noxious Fumes+1","floor":27},{"not_picked":["Underhanded Strike","PiercingWail","Masterful Stab"],"picked":"Distraction+1","floor":29},{"not_picked":["Backflip","Finisher","Distraction"],"picked":"Cloak And Dagger","floor":31},{"not_picked":["Wraith Form v2+1","Burst","Doppelganger"],"picked":"Adrenaline","floor":33},{"not_picked":["Deflect+1","Poisoned Stab+1","Noxious Fumes+1"],"picked":"Prepared+1","floor":35},{"not_picked":["Sucker Punch","Skewer","Expertise+1"],"picked":"Leg Sweep+1","floor":37},{"not_picked":["Deep Breath","Good Instincts","Secret Weapon"],"picked":"Panacea","floor":38},{"not_picked":["PiercingWail","Outmaneuver+1","Flying Knee+1"],"picked":"Underhanded Strike+1","floor":41},{"not_picked":["Dagger Throw+1","Setup+1","Blade Dance","Poisoned Stab"],"picked":"Singing Bowl","floor":44},{"not_picked":["Burst","After Image+1","Slice"],"picked":"Deflect+1","floor":46},{"not_picked":["Bane","Slice","Dagger Throw+1"],"picked":"Finisher+1","floor":47},{"not_picked":["Catalyst","Phantasmal Killer","Underhanded Strike"],"picked":"Setup+1","floor":48}],"player_experience":138691,"relics_obtained":[{"floor":7,"key":"TungstenRod"},{"floor":9,"key":"Orichalcum"},{"floor":11,"key":"Mummified Hand"},{"floor":13,"key":"Frozen Egg 2"},{"floor":17,"key":"Bag of Preparation"},{"floor":17,"key":"White Beast Statue"},{"floor":17,"key":"Tingsha"},{"floor":23,"key":"Oddly Smooth Stone"},{"floor":26,"key":"Tiny Chest"},{"floor":28,"key":"Bottled Flame"},{"floor":43,"key":"Bottled Tornado"},{"floor":46,"key":"Ice Cream"},{"floor":48,"key":"Blood Vial"}],"event_choices":[{"damage_healed":0,"gold_gain":0,"player_choice":"Box","damage_taken":0,"relics_obtained":["Pen Nib"],"max_hp_gain":0,"max_hp_loss":0,"event_name":"Big Fish","floor":3,"gold_loss":0,"cards_obtained":["Regret"]},{"damage_healed":0,"gold_gain":0,"player_choice":"Success","damage_taken":12,"relics_obtained":["Singing Bowl"],"max_hp_gain":0,"max_hp_loss":0,"event_name":"Scrap Ooze","floor":4,"gold_loss":0},{"damage_healed":0,"gold_gain":0,"player_choice":"Read","damage_taken":0,"max_hp_gain":0,"max_hp_loss":0,"event_name":"The Library","floor":20,"gold_loss":0,"cards_obtained":["Tactician"]},{"damage_healed":0,"gold_gain":0,"player_choice":"Opened","damage_taken":0,"relics_obtained":["Mercury Hourglass"],"max_hp_gain":0,"max_hp_loss":0,"event_name":"The Mausoleum","floor":22,"gold_loss":0},{"damage_healed":0,"gold_gain":0,"player_choice":"Memory 1","damage_taken":0,"max_hp_gain":0,"max_hp_loss":0,"event_name":"SensoryStone","floor":38,"gold_loss":0},{"cards_removed":["Malaise"],"damage_healed":0,"gold_gain":0,"player_choice":"Purged","damage_taken":0,"max_hp_gain":0,"max_hp_loss":0,"event_name":"Purifier","floor":39,"gold_loss":0}],"is_beta":false,"boss_relics":[{"not_picked":["Cursed Key","SacredBark"],"picked":"Calling Bell"},{"not_picked":["Runic Dome","Velvet Choker"],"picked":"Fusion Hammer"}],"items_purged_floors":[36],"is_endless":false,"potions_floor_spawned":[1,5,13,18,21,23,25,27,29,31,33,35,37,41,44,46,47,48],"ascension_level":1}}