{"host":"n7mxhpjy89lltbhc","time":1607683050,"event":{"mods":["2.2 Compatiblity","Act Like it!","Bard","BaseMod","Better Match","Better Sensory Stone","Better Synergies","Better Third Choice","Better Vampires","BetterRewards","Challenge The Spire","Colored Map","Colored Powertips","Displayed Cursed Tome","Gensokyo","Infinite Spire","Jedi Mod","Marisa????????","Marked Mod","Mimic Mod","Minty Spire (QoL Compilation)","Rare Cards Sparkle","Relic Sorter","Relic Stats","Replay The Spire","Shop Mod","Small Relic Pack","Spicy Shops","StSLib","Strawberry Spire","The Alterego","The Bladedancer","The Blue Laboratory","The Disciple","The Runesmith","The Servant 0.9.4","Uncapped","Waifu the Spire","Wandering Minibosses","vexMod","???????????mod"],"gold_per_floor":[111,125,137,187,112,137,137,172,196,224,242,262,280,125,125,208,208,226,226,226,228,33,67,86,92,92],"floor_reached":25,"playtime":1327,"items_purged":["Normality"],"score":460,"play_id":"d5cf4529-d4ec-42f4-bdcb-d4f3b3c6e3a1","local_time":"25631211173730","is_ascension_mode":true,"campfire_choices":[{"data":"JA","floor":7.0,"key":"SMITH"},{"data":"DoubleSpark","floor":15,"key":"SMITH"},{"data":"OrrerysSun","floor":15,"key":"SMITH"}],"circlet_count":0,"master_deck":["AscendersBane","Strike_MRS","Strike_MRS","Strike_MRS","Defend_MRS+1","Defend_MRS","Defend_MRS+1","Defend_MRS","MasterSpark","UpSweep","JA+1","ChargeUpSpray","OrrerysSun+1","CommonCold","EnergyFlow+1","DoubleSpark+1","MillisecondPulsars+1","AsteroidBelt","GrandCross","LuminesStrike+1","Decay","UnstableBomb+1","UltimateShortwave+1","SporeBomb+1","StarBarrage","MysteriousBeam+1","infinitespire:DeathsTouch","ReplayTheSpireMod:Restless Dread"],"relics":["MiniHakkero","Ring of Greed","Ring of Misfortune","Golden Egg","infinitespire:Midas Blood","ReplayTheSpireMod:TigerMarble","strawberrySpire:KineticCharger","War Paint","strawberrySpire:ShipInABottle","Replay:Arrowhead","Empty Cage","ReplayTheSpireMod:Lightbulb","Lizard Tail","jedi:maincommand","SimpleLauncher","Paper Frog","Frozen Eye"],"acts_visited":["Gensokyo:Gensokyo","Gensokyo:Gensokyoer"],"potions_floor_usage":[16],"damage_taken":[{"damage":0.0,"enemies":"Gensokyo:Python","floor":1.0,"turns":2.0},{"damage":2.0,"enemies":"Gensokyo:2_Kodama","floor":2.0,"turns":2.0},{"damage":1.0,"enemies":"Gensokyo:3_Fairies","floor":3.0,"turns":4.0},{"damage":0.0,"enemies":"Gensokyo:Mamizou","floor":6.0,"turns":5.0},{"damage":9.0,"enemies":"Gensokyo:Cirno","floor":8.0,"turns":6.0},{"damage":0.0,"enemies":"Gensokyo:Mamizou","floor":10.0,"turns":6.0},{"damage":3.0,"enemies":"Gensokyo:3_Kodama","floor":11.0,"turns":7.0},{"damage":3.0,"enemies":"Gensokyo:5_Fairies","floor":12.0,"turns":6.0},{"damage":5,"enemies":"Gensokyo:VengefulSpirit","floor":13,"turns":3},{"damage":23,"enemies":"Gensokyo:Yukari","floor":16,"turns":7},{"damage":3,"enemies":"Gensokyo:AngelMirror","floor":18,"turns":2},{"damage":3,"enemies":"Nightmare","floor":23,"turns":7},{"damage":17,"enemies":"Gensokyo:Chomper","floor":24,"turns":4},{"damage":19,"enemies":"Gensokyo:Koishi","floor":25,"turns":2}],"seed_played":"8223125379988648856","potions_obtained":[{"floor":1.0,"key":"blueLaboratory:NullPotion"},{"floor":2.0,"key":"blueLaboratory:BottleOfVodka"},{"floor":13,"key":"blueLaboratory:ExaltedPotion"},{"floor":16,"key":"blueLaboratory:AbyssPotion"}],"is_trial":false,"path_per_floor":["M","M","M","?","?","E","R","E","T","E","M","M","M","$","R_BF","B",null,"M","?","?","?","$","NM","M","E"],"character_chosen":"MARISA","items_purchased":["Replay:Arrowhead","jedi:command_shop"],"campfire_rested":0,"item_purchase_floors":[14,22],"current_hp_per_floor":[45,43,42,42,42,42,42,45,45,45,42,39,38,38,38,15,56,53,53,53,32,32,29,12,0,0],"gold":92,"neow_bonus":"THREE_RARE_CARDS","is_daily":false,"chose_seed":false,"campfire_upgraded":3,"win_rate":0.0,"timestamp":1607683050,"path_taken":["M","M","M","?","?","E","R","E","T","E","?","M","M","$","R_BF","BOSS","M","?","?","?","$","NM","?","E"],"items_purchased_type":["Relic","Relic"],"build_version":"2020-11-30","purchased_purges":1,"victory":false,"max_hp_per_floor":[70,70,70,70,70,70,70,70,70,70,70,70,70,70,70,70,70,70,65,65,65,65,65,65,65,65],"relic_stats":{"Lizard Tail":32,"counters":[14,63],"War Paint":["Defend_MRS","Defend_MRS"],"obtain_stats":[{"Golden Egg":4,"jedi:command_uncommon":23,"Ring of Greed":4,"strawberrySpire:ShipInABottle":10,"War Paint":9,"Empty Cage":17,"Replay:Arrowhead":14,"Mercury Hourglass":10,"Frozen Eye":25,"Lizard Tail":21,"strawberrySpire:KineticCharger":8,"Ring of Misfortune":4,"ReplayTheSpireMod:TigerMarble":6,"MiniHakkero":0,"jedi:maincommand":21,"jedi:command_shop":22,"ReplayTheSpireMod:Lightbulb":19,"SimpleLauncher":22,"infinitespire:Midas Blood":4,"Paper Frog":23},{"Golden Egg":3,"jedi:command_uncommon":12,"Ring of Greed":3,"strawberrySpire:ShipInABottle":6,"War Paint":5,"Empty Cage":10,"Replay:Arrowhead":9,"Mercury Hourglass":6,"Frozen Eye":13,"Lizard Tail":11,"strawberrySpire:KineticCharger":5,"Ring of Misfortune":3,"ReplayTheSpireMod:TigerMarble":4,"MiniHakkero":0,"jedi:maincommand":11,"jedi:command_shop":11,"ReplayTheSpireMod:Lightbulb":11,"SimpleLauncher":11,"infinitespire:Midas Blood":3,"Paper Frog":12},{"Golden Egg":8,"jedi:command_uncommon":57,"Ring of Greed":8,"strawberrySpire:ShipInABottle":25,"War Paint":19,"Empty Cage":48,"Replay:Arrowhead":41,"Mercury Hourglass":20,"Frozen Eye":61,"Lizard Tail":50,"strawberrySpire:KineticCharger":19,"Ring of Misfortune":8,"ReplayTheSpireMod:TigerMarble":13,"MiniHakkero":0,"jedi:maincommand":50,"jedi:command_shop":50,"ReplayTheSpireMod:Lightbulb":50,"SimpleLauncher":50,"infinitespire:Midas Blood":8,"Paper Frog":57}]},"card_choices":[{"not_picked":["CasketOfStar","TreasureHunter"],"picked":"JA","floor":0.0},{"not_picked":["AsteroidBelt","EventHorizon"],"picked":"ChargeUpSpray","floor":1.0},{"not_picked":["DC","GravityBeat","MachineGunSpark"],"picked":"SKIP","floor":2.0},{"not_picked":["EventHorizon","Robbery"],"picked":"OrrerysSun","floor":3.0},{"not_picked":["ManaConvection+1","DragonMeteor+1"],"picked":"EnergyFlow+1","floor":5.0},{"not_picked":["6A","Orbital"],"picked":"DoubleSpark","floor":6.0},{"not_picked":["ShootingEcho","AsteroidBelt"],"picked":"MillisecondPulsars","floor":8.0},{"not_picked":["CasketOfStar","EarthLightRay"],"picked":"AsteroidBelt","floor":10.0},{"not_picked":["AsteroidBelt+1","NonDirectionalLaser"],"picked":"GrandCross","floor":11.0},{"not_picked":["RefractionSpark","EnergyFlow"],"picked":"LuminesStrike+1","floor":12},{"not_picked":["GravityBeat","DC"],"picked":"UnstableBomb+1","floor":13},{"not_picked":["ManaRampage","CasketOfStar+1"],"picked":"UltimateShortwave","floor":16},{"not_picked":["OpenUniverse+1","OrrerysSun+1"],"picked":"SporeBomb+1","floor":18},{"not_picked":["SporeBomb+1","EnergyFlow+1"],"picked":"MysteriousBeam+1","floor":23},{"not_picked":["infinitespire:Fortify","infinitespire:UltimateForm"],"picked":"infinitespire:DeathsTouch","floor":23},{"not_picked":["WitchOfGreed","DC+1","SprinkleStarSeal"],"picked":"SKIP","floor":24}],"player_experience":889368,"relics_obtained":[{"floor":4.0,"key":"Ring of Greed"},{"floor":4.0,"key":"Ring of Misfortune"},{"floor":4.0,"key":"Golden Egg"},{"floor":4.0,"key":"infinitespire:Midas Blood"},{"floor":6.0,"key":"ReplayTheSpireMod:TigerMarble"},{"floor":8.0,"key":"strawberrySpire:KineticCharger"},{"floor":9.0,"key":"War Paint"},{"floor":10.0,"key":"strawberrySpire:ShipInABottle"},{"floor":23,"key":"jedi:command_uncommon"}],"event_choices":[{"damage_healed":0.0,"max_hp_gain":0.0,"max_hp_loss":0.0,"gold_gain":0.0,"event_name":"betterMatch:BetterMatch","player_choice":"2","floor":5.0,"gold_loss":0.0,"damage_taken":0.0,"cards_obtained":["betterMatch:UncommonCard"]}],"is_beta":false,"boss_relics":[{"not_picked":["Painkiller Herb","strawberrySpire:RottenAvocado"],"picked":"Empty Cage"}],"items_purged_floors":[14],"is_endless":false,"potions_floor_spawned":[1,2,11,12,13,16],"killed_by":"Gensokyo:Koishi","ascension_level":14}}