{"host":"htqwg582tjjtn9p7","time":1607711284,"event":{"mods":["2.2 Compatiblity","AchievementEnabler","Act Like it!","Aspiration","BaseMod","Better Third Choice","Colored Map","Conspire","Curses Come First","Displayed Cursed Tome","Energized Spire","Force Act Four","GifTheSpireLib","Hermit","Highlight Path","JesterMod","Mad Scientist","Minty Spire (QoL Compilation)","Pale of the Ancients","Permanent Neow","Random Character Button","Relic Stats","Replay The Spire","Robot Space Explorer","Somnambulant","Spicy Shops","Spikes Relics","StSLib","Stuff the Spire","The Blue Laboratory","The Disciple","The Dragon Tamer","The Forsaken","The Gatherer","The Judge","The Jungle","The Runesmith","The Servant 0.9.4"],"gold_per_floor":[119,136,147,161,0,34,34,59,83,103,115,115,127,127,127,204,204,221,221,64,74,74,102,122,122,122,122,151,151,176,176,176],"floor_reached":31,"playtime":1449,"items_purged":[],"score":584,"play_id":"fd6d1fa1-a756-4bbc-8962-b95f95c91cbc","local_time":"20201211192804","is_ascension_mode":true,"campfire_choices":[{"floor":7,"key":"REST"},{"floor":15,"key":"REST"},{"data":"Enlightenment","floor":25,"key":"SMITH"},{"data":"Barricade","floor":29,"key":"SMITH"}],"circlet_count":0,"master_deck":["AscendersBane","conspire:GhostlyStrike","conspire:GhostlyStrike","conspire:GhostlyStrike","conspire:GhostlyStrike","conspire:GhostlyStrike","conspire:GhostlyDefend","conspire:GhostlyDefend","conspire:GhostlyDefend","conspire:GhostlyDefend","Bash","CurseOfTheBell","Cleave","StuffTheSpire:RockThrow","Carnage","Battle Trance","Exhume","Metallicize","Cleave","Enlightenment+1","Ghostly Armor","Shrug It Off","Flame Barrier","Armaments","Juggernaut","Shrug It Off+1","Pot Of Greed","Pot Of Greed","Pot Of Greed","Spot Weakness+1","Juggernaut","Limit Break","Barricade+1"],"relics":["Calling Bell","StuffTheSpire:OldFever","ShockBauble","Prayer Wheel","Incense Burner","Eternal Feather","Juzu Bracelet","Mark of Pain","Grinning Jar","Charon\u0027s Ashes","StuffTheSpire:Wildfire","Matryoshka","ReplayTheSpireMod:Lightbulb"],"acts_visited":["Exordium","TheCity"],"potions_floor_usage":[6,21,23,30],"damage_taken":[{"damage":1,"enemies":"Cultist","floor":1,"turns":3},{"damage":0,"enemies":"2 Louse","floor":2,"turns":2},{"damage":15,"enemies":"Small Slimes","floor":3,"turns":3},{"damage":17,"enemies":"Looter","floor":4,"turns":3},{"damage":12,"enemies":"Gremlin Nob","floor":6,"turns":3},{"damage":20,"enemies":"3 Sentries","floor":8,"turns":8},{"damage":4,"enemies":"Red Slaver","floor":10,"turns":4},{"damage":7,"enemies":"Large Slime","floor":11,"turns":8},{"damage":4,"enemies":"2 Fungi Beasts","floor":13,"turns":8},{"damage":3,"enemies":"The Guardian","floor":16,"turns":17},{"damage":0,"enemies":"Chosen","floor":18,"turns":4},{"damage":8,"enemies":"2 Thieves","floor":21,"turns":4},{"damage":11,"enemies":"Slavers","floor":23,"turns":4},{"damage":14,"enemies":"Centurion and Healer","floor":24,"turns":6},{"damage":21,"enemies":"Book of Stabbing","floor":28,"turns":6},{"damage":17,"enemies":"Gremlin Leader","floor":30,"turns":6},{"damage":41,"enemies":"conspire:MimicChest","floor":31,"turns":8}],"seed_played":"-4183114027614854762","potions_obtained":[{"floor":1,"key":"EssenceOfSteel"},{"floor":2,"key":"blueLaboratory:HorrorPotion"},{"floor":8,"key":"FearPotion"},{"floor":10,"key":"DuplicationPotion"},{"floor":28,"key":"GamblersBrew"},{"floor":30,"key":"blueLaboratory:PyrophylliteBrew"}],"is_trial":false,"path_per_floor":["M","M","M","M","?","E","R","E","T","M","M","?","M","?","R","B",null,"M","?","$","M","?","E","M","R","T","?","E","R","E","?"],"character_chosen":"IRONCLAD","items_purchased":["Grinning Jar"],"campfire_rested":2,"item_purchase_floors":[20],"current_hp_per_floor":[67,67,52,35,41,29,53,33,33,29,22,22,18,18,54,51,74,74,74,74,66,66,55,41,59,59,59,38,56,39,0,0],"gold":176,"neow_bonus":"BOSS_RELIC","is_daily":false,"chose_seed":false,"campfire_upgraded":2,"win_rate":0.0,"timestamp":1607711284,"path_taken":["M","M","M","M","?","E","R","E","T","M","M","?","M","?","R","BOSS","M","?","$","M","?","E","M","R","T","?","E","R","E","?"],"items_purchased_type":["Relic"],"build_version":"2020-11-30","purchased_purges":0,"victory":false,"max_hp_per_floor":[75,75,75,75,81,81,81,81,81,81,81,81,81,81,81,81,81,81,81,81,81,81,81,81,81,81,81,81,81,81,81,81],"relic_stats":{"counters":[17,97],"Prayer Wheel":10,"Eternal Feather":48,"Charon\u0027s Ashes":[150],"Juzu Bracelet":1,"obtain_stats":[{"ShockBauble":0,"Eternal Feather":8,"StuffTheSpire:Wildfire":26,"Charon\u0027s Ashes":23,"Incense Burner":6,"Juzu Bracelet":9,"Burning Blood":0,"Calling Bell":0,"Matryoshka":28,"Prayer Wheel":0,"Mark of Pain":17,"Grinning Jar":20,"ReplayTheSpireMod:Lightbulb":30,"StuffTheSpire:OldFever":0},{"ShockBauble":0,"Eternal Feather":6,"StuffTheSpire:Wildfire":14,"Charon\u0027s Ashes":13,"Incense Burner":5,"Juzu Bracelet":6,"Burning Blood":0,"Calling Bell":0,"Matryoshka":15,"Prayer Wheel":0,"Mark of Pain":10,"Grinning Jar":11,"ReplayTheSpireMod:Lightbulb":16,"StuffTheSpire:OldFever":0},{"ShockBauble":0,"Eternal Feather":22,"StuffTheSpire:Wildfire":77,"Charon\u0027s Ashes":71,"Incense Burner":14,"Juzu Bracelet":22,"Burning Blood":0,"Calling Bell":0,"Matryoshka":83,"Prayer Wheel":0,"Mark of Pain":59,"Grinning Jar":63,"ReplayTheSpireMod:Lightbulb":89,"StuffTheSpire:OldFever":0}]},"card_choices":[{"not_picked":["Replay:Undeath\u0027s Touch","Rupture"],"picked":"Cleave","floor":1},{"not_picked":["ReplayTheSpireMod:Strike From Hell","Iron Wave"],"picked":"StuffTheSpire:RockThrow","floor":1},{"not_picked":["Armaments","StuffTheSpire:Slingshot"],"picked":"Carnage","floor":2},{"not_picked":["Twin Strike","Evolve","Clash"],"picked":"SKIP","floor":2},{"not_picked":["Warcry","StuffTheSpire:Slingshot"],"picked":"Battle Trance","floor":3},{"not_picked":["Perfected Strike","Fire Breathing"],"picked":"Exhume","floor":3},{"not_picked":["Pummel","ReplayTheSpireMod:LeadingStrike"],"picked":"Metallicize","floor":4},{"not_picked":["Thunderclap","Armaments"],"picked":"Cleave","floor":4},{"not_picked":["Sever Soul","ReplayTheSpireMod:Strike From Hell"],"picked":"Ghostly Armor","floor":6},{"not_picked":["StuffTheSpire:RockThrow","conspire:HitWhereItHurts"],"picked":"Shrug It Off","floor":8},{"not_picked":["Wild Strike","Body Slam","Warcry"],"picked":"SKIP","floor":10},{"not_picked":["Anger","Perfected Strike","Second Wind"],"picked":"SKIP","floor":10},{"not_picked":["Reckless Charge","Iron Wave"],"picked":"Flame Barrier","floor":11},{"not_picked":["Twin Strike","Flex","ReplayTheSpireMod:LeadingStrike"],"picked":"SKIP","floor":11},{"not_picked":["Whirlwind","Shrug It Off"],"picked":"Armaments","floor":13},{"not_picked":["Clothesline","Fire Breathing","Cleave"],"picked":"SKIP","floor":13},{"not_picked":["Hemogenesis","Double Tap"],"picked":"Juggernaut","floor":16},{"not_picked":["Headbutt","Body Slam"],"picked":"Shrug It Off+1","floor":18},{"not_picked":["Perfected Strike","Run Through","Power Through"],"picked":"SKIP","floor":18},{"not_picked":["Blood for Blood","Searing Blow"],"picked":"Spot Weakness+1","floor":21},{"not_picked":["Twin Strike","Warcry","Headbutt"],"picked":"SKIP","floor":21},{"not_picked":["Heavy Blade","StuffTheSpire:RockThrow"],"picked":"Limit Break","floor":23},{"not_picked":["Warcry+1","Anger","Armaments"],"picked":"SKIP","floor":24},{"not_picked":["Entrench","BarbarianYell","Clothesline"],"picked":"SKIP","floor":24},{"not_picked":["Havoc","Anger"],"picked":"Barricade","floor":28},{"not_picked":["Iron Wave+1","Clash","Rupture"],"picked":"SKIP","floor":30}],"player_experience":1652757,"relics_obtained":[{"floor":0,"key":"StuffTheSpire:OldFever"},{"floor":0,"key":"ShockBauble"},{"floor":0,"key":"Prayer Wheel"},{"floor":6,"key":"Incense Burner"},{"floor":8,"key":"Eternal Feather"},{"floor":9,"key":"Juzu Bracelet"},{"floor":23,"key":"Charon\u0027s Ashes"},{"floor":26,"key":"StuffTheSpire:Wildfire"},{"floor":28,"key":"Matryoshka"},{"floor":30,"key":"ReplayTheSpireMod:Lightbulb"}],"event_choices":[{"damage_healed":0,"gold_gain":0,"player_choice":"RENOUNCE","damage_taken":161,"max_hp_gain":0,"max_hp_loss":0,"event_name":"betterThird:BetterSerpent","floor":5,"gold_loss":161,"cards_obtained":["Enlightenment"]},{"damage_healed":0,"gold_gain":0,"player_choice":"Agree","damage_taken":0,"max_hp_gain":0,"max_hp_loss":0,"event_name":"conspire:LoneGhost","floor":12,"gold_loss":0},{"damage_healed":0,"gold_gain":0,"player_choice":"Ignored","damage_taken":0,"max_hp_gain":0,"max_hp_loss":0,"event_name":"Golden Idol","floor":14,"gold_loss":0},{"damage_healed":0,"gold_gain":0,"player_choice":"Copied","damage_taken":0,"max_hp_gain":0,"max_hp_loss":0,"event_name":"Duplicator","floor":22,"gold_loss":0,"cards_obtained":["Juggernaut"]}],"is_beta":false,"boss_relics":[{"not_picked":["ChewingGum","energizedSpire:DeadBattery"],"picked":"Mark of Pain"}],"items_purged_floors":[],"is_endless":false,"potions_floor_spawned":[1,2,8,10,28,30],"killed_by":"conspire:MimicChest","ascension_level":15}}