{"host":"kh6fvhxn285ncg0o","time":1607699404,"event":{"mods":["Act Like it!","BaseMod","Colored Map","Friendly Minions","Keyboard Shortcuts","Minty Spire (QoL Compilation)","Quick Restart","Relic Stats","StSLib","SuperFastMode"],"gold_per_floor":[111,121,140,65,80,107,107,107,107,107,117,42,42,74,74,151,151,164,164,182,97,112,138,138,138,138],"floor_reached":25,"playtime":463,"items_purged":["Strike_R"],"score":462,"play_id":"ae9bfbac-aede-4f4b-b77e-e0687edba212","local_time":"20201212001004","is_ascension_mode":true,"campfire_choices":[{"floor":7,"key":"REST"},{"data":"Bash","floor":10,"key":"SMITH"},{"data":"Pommel Strike","floor":15,"key":"SMITH"},{"floor":24,"key":"REST"}],"circlet_count":0,"master_deck":["AscendersBane","Strike_R","Defend_R","Defend_R","Defend_R","Defend_R+1","Bash+1","Barricade","Twin Strike","Dropkick+1","Pommel Strike+1","Flame Barrier","Shockwave","Metallicize","Feed","Evolve","Seeing Red","Rage"],"relics":["Burning Blood","Mercury Hourglass","Kunai","Paper Frog","Pantograph","Sozu","Eternal Feather","The Courier"],"acts_visited":["Exordium","TheCity"],"potions_floor_usage":[11,14,16],"damage_taken":[{"damage":7,"enemies":"Cultist","floor":1,"turns":4},{"damage":5,"enemies":"2 Louse","floor":2,"turns":3},{"damage":7,"enemies":"Jaw Worm","floor":3,"turns":3},{"damage":0,"enemies":"Exordium Wildlife","floor":5,"turns":3},{"damage":52,"enemies":"Lagavulin","floor":6,"turns":10},{"damage":0,"enemies":"2 Fungi Beasts","floor":11,"turns":2},{"damage":9,"enemies":"Gremlin Nob","floor":14,"turns":4},{"damage":29,"enemies":"Hexaghost","floor":16,"turns":9},{"damage":12,"enemies":"Spheric Guardian","floor":18,"turns":5},{"damage":11,"enemies":"2 Thieves","floor":20,"turns":4},{"damage":18,"enemies":"Snake Plant","floor":22,"turns":4},{"damage":37,"enemies":"Book of Stabbing","floor":23,"turns":6},{"damage":51,"enemies":"Slavers","floor":25,"turns":3}],"seed_played":"5027861884156886371","potions_obtained":[{"floor":1,"key":"Swift Potion"},{"floor":6,"key":"ElixirPotion"},{"floor":11,"key":"PowerPotion"}],"is_trial":false,"path_per_floor":["M","M","M","?","M","E","R","T","T","R","M","$","?","E","R","B",null,"M","?","M","?","M","E","R","E"],"character_chosen":"IRONCLAD","items_purchased":[],"campfire_rested":2,"item_purchase_floors":[],"current_hp_per_floor":[49,50,49,49,55,9,31,31,31,31,37,37,14,11,11,13,60,57,57,55,55,46,15,49,0,0],"gold":138,"neow_bonus":"TRANSFORM_TWO_CARDS","is_daily":false,"chose_seed":false,"campfire_upgraded":2,"win_rate":0.0,"timestamp":1607699404,"path_taken":["M","M","?","?","M","E","R","?","T","R","M","?","?","E","R","BOSS","M","?","M","?","M","E","R","E"],"items_purchased_type":[],"build_version":"2020-11-30","purchased_purges":1,"victory":false,"max_hp_per_floor":[75,75,75,75,75,75,75,75,75,75,75,75,75,75,75,75,75,78,78,81,81,84,84,84,84,84],"relic_stats":{"Sozu":2,"counters":[13,60],"Pantograph":25,"Eternal Feather":9,"Kunai":[9],"obtain_stats":[{"Sozu":17,"Pantograph":14,"Eternal Feather":21,"The Courier":23,"Kunai":8,"Burning Blood":0,"Mercury Hourglass":6,"Paper Frog":9},{"Sozu":8,"Pantograph":7,"Eternal Feather":10,"The Courier":12,"Kunai":5,"Burning Blood":0,"Mercury Hourglass":5,"Paper Frog":5},{"Sozu":38,"Pantograph":29,"Eternal Feather":47,"The Courier":57,"Kunai":23,"Burning Blood":0,"Mercury Hourglass":23,"Paper Frog":23}],"Burning Blood":72,"Mercury Hourglass":[117]},"card_choices":[{"not_picked":["Warcry","Pommel Strike"],"picked":"Dropkick","floor":1},{"not_picked":["Body Slam","Havoc","Clash"],"picked":"SKIP","floor":2},{"not_picked":["Perfected Strike","Iron Wave"],"picked":"Pommel Strike","floor":3},{"not_picked":["Heavy Blade","Wild Strike"],"picked":"Flame Barrier","floor":5},{"not_picked":["Pommel Strike","Corruption"],"picked":"Shockwave","floor":6},{"not_picked":["Flex","True Grit"],"picked":"Metallicize","floor":11},{"not_picked":["Twin Strike","Whirlwind","Exhume"],"picked":"SKIP","floor":14},{"not_picked":["Exhume","Limit Break"],"picked":"Feed","floor":16},{"not_picked":["Havoc","Pommel Strike","Body Slam"],"picked":"SKIP","floor":18},{"not_picked":["Clothesline","Evolve"],"picked":"Seeing Red","floor":20},{"not_picked":["Hemokinesis","Twin Strike","Cleave"],"picked":"SKIP","floor":22},{"not_picked":["Cleave","Anger"],"picked":"Rage","floor":23}],"player_experience":3140930,"relics_obtained":[{"floor":6,"key":"Mercury Hourglass"},{"floor":8,"key":"Kunai"},{"floor":9,"key":"Paper Frog"},{"floor":14,"key":"Pantograph"},{"floor":23,"key":"The Courier"}],"event_choices":[{"cards_removed":["Strike_R"],"damage_healed":0,"gold_gain":0,"player_choice":"Card Removal","damage_taken":0,"max_hp_gain":0,"max_hp_loss":0,"event_name":"The Cleric","floor":4,"gold_loss":75},{"damage_healed":0,"gold_gain":0,"player_choice":"Entered Light","damage_taken":23,"max_hp_gain":0,"max_hp_loss":0,"event_name":"Shining Light","floor":13,"gold_loss":0,"cards_upgraded":["Dropkick","Defend_R"]},{"damage_healed":0,"gold_gain":0,"player_choice":"Read","damage_taken":0,"max_hp_gain":0,"max_hp_loss":0,"event_name":"The Library","floor":19,"gold_loss":0,"cards_obtained":["Evolve"]},{"damage_healed":0,"gold_gain":0,"player_choice":"Obtained Relic","damage_taken":0,"relics_obtained":["Eternal Feather"],"max_hp_gain":0,"max_hp_loss":0,"event_name":"Addict","floor":21,"gold_loss":85}],"is_beta":false,"boss_relics":[{"not_picked":["Black Star","Tiny House"],"picked":"Sozu"}],"items_purged_floors":[12],"is_endless":false,"potions_floor_spawned":[1,6,11,18,22],"killed_by":"Slavers","ascension_level":20}}