{"host":"2yqfi47fogfu1ic4","time":1607727537,"event":{"mods":["AchievementEnabler","BaseMod","Colored Map","Colored Powertips","Highlight Path","Minty Spire (QoL Compilation)","Permanent Neow","Relic Stats","StSLib"],"gold_per_floor":[118,134,134,144,162,162,162],"floor_reached":6,"playtime":580,"items_purged":[],"score":76,"play_id":"06d71d95-b4b3-43ec-84ad-8ca30a97c3e1","local_time":"20201211235857","is_ascension_mode":true,"campfire_choices":[],"circlet_count":0,"master_deck":["AscendersBane","Strike_G","Strike_G","Strike_G","Strike_G","Defend_G","Defend_G","Defend_G","Defend_G","Defend_G","Survivor","Neutralize","Slice","Expertise","Calculated Gamble","Deflect"],"relics":["WristBlade"],"acts_visited":["Exordium"],"potions_floor_usage":[6],"damage_taken":[{"damage":2,"enemies":"Jaw Worm","floor":1,"turns":5},{"damage":2,"enemies":"2 Louse","floor":2,"turns":3},{"damage":0,"enemies":"Cultist","floor":4,"turns":4},{"damage":7,"enemies":"Blue Slaver","floor":5,"turns":5},{"damage":56,"enemies":"Gremlin Nob","floor":6,"turns":4}],"seed_played":"4470933002504423153","potions_obtained":[{"floor":4,"key":"GamblersBrew"}],"is_trial":false,"path_per_floor":["M","M","?","M","M","E"],"character_chosen":"THE_SILENT","items_purchased":[],"campfire_rested":0,"item_purchase_floors":[],"current_hp_per_floor":[57,55,55,55,48,0,0],"gold":162,"neow_bonus":"BOSS_RELIC","is_daily":false,"chose_seed":false,"campfire_upgraded":0,"win_rate":0.0,"timestamp":1607727537,"path_taken":["M","M","?","M","M","E"],"items_purchased_type":[],"build_version":"2020-11-30","purchased_purges":0,"victory":false,"max_hp_per_floor":[66,66,66,66,66,66,66],"relic_stats":{"counters":[5,21],"obtain_stats":[{"WristBlade":0,"Ring of the Snake":0},{"WristBlade":0,"Ring of the Snake":0},{"WristBlade":0,"Ring of the Snake":0}]},"card_choices":[{"not_picked":["Deadly Poison","All Out Attack"],"picked":"Slice","floor":1},{"not_picked":["Eviscerate","Catalyst"],"picked":"Expertise","floor":2},{"not_picked":["Deadly Poison","Prepared"],"picked":"Calculated Gamble","floor":4},{"not_picked":["Riddle With Holes","Caltrops"],"picked":"Deflect","floor":5}],"player_experience":1726281,"relics_obtained":[],"event_choices":[{"cards_removed":["Strike_G"],"damage_healed":0,"gold_gain":0,"player_choice":"Forget","damage_taken":0,"max_hp_gain":0,"max_hp_loss":0,"event_name":"Living Wall","floor":3,"gold_loss":0}],"is_beta":false,"boss_relics":[],"items_purged_floors":[],"is_endless":false,"potions_floor_spawned":[4],"killed_by":"Gremlin Nob","ascension_level":20}}