{"host":"zr590xw2unlz0wv7","time":1607697729,"event":{"mods":["BaseMod","Minty Spire (QoL Compilation)","READ ME - Guardian Mod","StSLib"],"gold_per_floor":[109,284,284,284,302,302,335,335,359,359,383,461,451,327,327,447,447,470,470,470,374,394,394,394,394],"floor_reached":24,"playtime":919,"items_purged":["Doubt"],"score":265,"play_id":"f6c5d395-ddac-4ecb-9b50-4ea8614db806","local_time":"20201211224209","is_ascension_mode":true,"campfire_choices":[{"data":"Armaments","floor":6.0,"key":"SMITH"},{"floor":8.0,"key":"REST"},{"data":"Bash","floor":10.0,"key":"SMITH"},{"floor":15.0,"key":"REST"},{"data":"Barricade","floor":23.0,"key":"SMITH"}],"circlet_count":0,"master_deck":["Strike_R+1","Strike_R+1","Strike_R+1","Strike_R+1","Strike_R+1","Defend_R+1","Defend_R+1","Defend_R+1","Defend_R+1","Bash+1","Armaments+1","Spot Weakness+1","Bloodletting","Flex","Barricade+1","Metallicize+1","Shrug It Off","Metallicize","Disarm"],"relics":["Black Blood","Golden Idol","Toy Ornithopter","Potion Belt","War Paint"],"acts_visited":["Exordium","TheCity"],"potions_floor_usage":[],"damage_taken":[{"damage":0.0,"enemies":"Small Slimes","floor":1.0,"turns":3.0},{"damage":10.0,"enemies":"2 Louse","floor":5.0,"turns":3.0},{"damage":27.0,"enemies":"Lagavulin","floor":7.0,"turns":7.0},{"damage":12.0,"enemies":"Jaw Worm","floor":11.0,"turns":3.0},{"damage":36.0,"enemies":"Gremlin Nob","floor":12.0,"turns":4.0},{"damage":4.0,"enemies":"Exordium Thugs","floor":13.0,"turns":4.0},{"damage":17.0,"enemies":"The Guardian","floor":16.0,"turns":10.0},{"damage":56.0,"enemies":"Spheric Guardian","floor":18.0,"turns":8.0},{"damage":34.0,"enemies":"2 Thieves","floor":22.0,"turns":5.0},{"damage":67,"enemies":"Book of Stabbing","floor":24,"turns":6}],"seed_played":"-6319680496978203319","potions_obtained":[{"floor":1.0,"key":"Fruit Juice"},{"floor":4.0,"key":"Strength Potion"},{"floor":4.0,"key":"Explosive Potion"},{"floor":4.0,"key":"Strength Potion"},{"floor":7.0,"key":"Energy Potion"},{"floor":13.0,"key":"Fire Potion"},{"floor":16.0,"key":"Swift Potion"}],"is_trial":false,"path_per_floor":["M","?","?","?","M","R","E","R","T","R","M","?","M","$","R","B",null,"M","?","?","$","M","R","E"],"character_chosen":"IRONCLAD","items_purchased":["Flex","Shrug It Off","Metallicize"],"campfire_rested":2,"item_purchase_floors":[14,21,21],"current_hp_per_floor":[78,83,58,58,54,54,33,63,63,63,57,27,34,34,64,58,90,46,46,79,79,67,67,0,0],"gold":394,"neow_bonus":"TWENTY_PERCENT_HP_BONUS","is_daily":false,"chose_seed":false,"campfire_upgraded":3,"win_rate":0.0,"timestamp":1607697729,"path_taken":["M","?","?","?","M","R","E","R","T","R","?","?","M","$","R","BOSS","M","?","?","$","M","R","E"],"items_purchased_type":["Card","Card","Card"],"build_version":"2020-11-30","purchased_purges":1,"victory":false,"max_hp_per_floor":[96,101,101,101,101,101,101,101,101,101,101,101,101,101,101,101,101,101,101,101,101,101,101,101,101],"card_choices":[{"not_picked":["Second Wind","Rage","Clothesline"],"picked":"SKIP","floor":1.0},{"not_picked":["Iron Wave","Anger"],"picked":"Armaments","floor":5.0},{"not_picked":["Whirlwind","Armaments","Feel No Pain"],"picked":"SKIP","floor":7.0},{"not_picked":["Pommel Strike","Pummel"],"picked":"Spot Weakness","floor":11.0},{"not_picked":["Armaments","Reckless Charge"],"picked":"Bloodletting","floor":12.0},{"not_picked":["Hemokinesis","Iron Wave","Body Slam"],"picked":"SKIP","floor":13.0},{"not_picked":["Berserk","Feed"],"picked":"Barricade","floor":16.0},{"not_picked":["Twin Strike","Evolve+1"],"picked":"Metallicize+1","floor":18.0},{"not_picked":["Clash+1","Havoc"],"picked":"Disarm","floor":22.0}],"player_experience":466318,"relics_obtained":[{"floor":7.0,"key":"Toy Ornithopter"},{"floor":9.0,"key":"Potion Belt"}],"event_choices":[{"damage_healed":0.0,"max_hp_gain":0.0,"max_hp_loss":0.0,"gold_gain":175.0,"event_name":"Liars Game","player_choice":"AGREE","floor":2.0,"gold_loss":0.0,"damage_taken":0.0,"cards_obtained":["Doubt"]},{"damage_healed":0.0,"max_hp_gain":0.0,"max_hp_loss":0.0,"gold_gain":0.0,"event_name":"Golden Idol","player_choice":"Take Damage","floor":3.0,"gold_loss":0.0,"damage_taken":25.0,"relics_obtained":["Golden Idol"]},{"damage_healed":0.0,"max_hp_gain":0.0,"max_hp_loss":0.0,"gold_gain":0.0,"event_name":"Lab","player_choice":"Got Potions","floor":4.0,"gold_loss":0.0,"damage_taken":0.0},{"damage_healed":0.0,"max_hp_gain":0.0,"max_hp_loss":0.0,"gold_gain":0.0,"event_name":"Dead Adventurer","player_choice":"Searched \u00272\u0027 times","floor":12.0,"gold_loss":0.0,"damage_taken":0.0,"relics_obtained":["War Paint"]},{"damage_healed":0.0,"max_hp_gain":0.0,"max_hp_loss":0.0,"gold_gain":0.0,"event_name":"Back to Basics","player_choice":"Simplicity","floor":19.0,"gold_loss":0.0,"damage_taken":0.0,"cards_upgraded":["Strike_R","Strike_R","Strike_R","Strike_R","Strike_R","Defend_R","Defend_R","Defend_R"]},{"damage_healed":33.0,"max_hp_gain":0.0,"max_hp_loss":0.0,"gold_gain":0.0,"event_name":"The Library","player_choice":"Heal","floor":20.0,"gold_loss":0.0,"damage_taken":0.0}],"is_beta":false,"boss_relics":[{"not_picked":["SlaversCollar","Tiny House"],"picked":"Black Blood"}],"items_purged_floors":[14],"is_endless":false,"potions_floor_spawned":[1,7,13,16],"killed_by":"Book of Stabbing","ascension_level":5}}