{"host":"u2dm6glrpyjr66v9","time":1607675539,"event":{"mods":["AchievementEnabler","BaseMod","CapriCore","Colored Map","Colored Powertips","DeckTracker","Friendly Minions","Minty Spire (QoL Compilation)","Quick Restart","StSLib","SuperFastMode","The Immortal"],"gold_per_floor":[111,123,123,123,298,298,298,315,338,358,375,393,393,420,420,519,519,529,540,570,570,570],"floor_reached":21,"playtime":647,"items_purged":[],"score":181,"play_id":"362c8586-6df9-42a2-a98c-046105e6fa9b","local_time":"20201211173219","is_ascension_mode":false,"campfire_choices":[{"data":"Deadly Poison","floor":7.0,"key":"SMITH"},{"data":"Bouncing Flask","floor":13.0,"key":"SMITH"},{"floor":15.0,"key":"REST"}],"circlet_count":0,"master_deck":["Strike_G","Strike_G","Strike_G","Strike_G","Strike_G","Defend_G","Defend_G","Defend_G","Defend_G","Defend_G","Survivor","Neutralize","Deadly Poison+1","Doubt","Bouncing Flask+1","Bane","Bane","Envenom","Deflect"],"relics":["Ring of the Serpent","NeowsBlessing","Bottled Flame","Red Mask"],"acts_visited":["Exordium","TheCity"],"potions_floor_usage":[],"damage_taken":[{"damage":0.0,"enemies":"Cultist","floor":1.0,"turns":1.0},{"damage":0.0,"enemies":"2 Louse","floor":2.0,"turns":1.0},{"damage":0.0,"enemies":"Jaw Worm","floor":8.0,"turns":1.0},{"damage":10.0,"enemies":"Large Slime","floor":10.0,"turns":7.0},{"damage":10.0,"enemies":"Exordium Thugs","floor":11.0,"turns":5.0},{"damage":16.0,"enemies":"Lots of Slimes","floor":12.0,"turns":5.0},{"damage":46.0,"enemies":"3 Sentries","floor":14.0,"turns":10.0},{"damage":21.0,"enemies":"Hexaghost","floor":16.0,"turns":8.0},{"damage":21.0,"enemies":"Chosen","floor":18.0,"turns":5.0},{"damage":28.0,"enemies":"2 Thieves","floor":19.0,"turns":4.0},{"damage":41.0,"enemies":"Masked Bandits","floor":20.0,"turns":6.0},{"damage":9,"enemies":"Chosen and Byrds","floor":21,"turns":4}],"seed_played":"4097020241340007616","potions_obtained":[{"floor":2.0,"key":"Regen Potion"},{"floor":10.0,"key":"FairyPotion"},{"floor":12.0,"key":"GhostInAJar"},{"floor":16.0,"key":"Block Potion"},{"floor":19.0,"key":"BlessingOfTheForge"}],"is_trial":false,"path_per_floor":["M","M","?","$","?","?","R","M","T","M","M","M","R","E","R","B",null,"M","M","?","M"],"character_chosen":"THE_SILENT","items_purchased":[],"campfire_rested":1,"item_purchase_floors":[],"current_hp_per_floor":[70,70,70,70,70,70,70,70,70,60,50,34,34,3,24,3,70,49,21,11,2,2],"gold":570,"neow_bonus":"THREE_ENEMY_KILL","is_daily":false,"chose_seed":false,"campfire_upgraded":2,"win_rate":0.0,"timestamp":1607675539,"path_taken":["M","?","?","$","?","?","R","?","T","M","M","M","R","E","R","BOSS","M","?","?","M"],"items_purchased_type":[],"build_version":"2020-11-30","purchased_purges":0,"victory":false,"max_hp_per_floor":[70,70,70,70,70,70,70,70,70,70,70,70,70,70,70,70,70,70,70,70,70,70],"card_choices":[{"not_picked":["Underhanded Strike","Dagger Throw","Dash"],"picked":"SKIP","floor":1.0},{"not_picked":["Grand Finale","Sucker Punch"],"picked":"Deadly Poison","floor":2.0},{"not_picked":["Endless Agony","Deflect"],"picked":"Bouncing Flask","floor":8.0},{"not_picked":["Finisher","Prepared","Backflip"],"picked":"SKIP","floor":10.0},{"not_picked":["Slice","Calculated Gamble"],"picked":"Bane","floor":11.0},{"not_picked":["Tools of the Trade","Outmaneuver","Underhanded Strike"],"picked":"SKIP","floor":12.0},{"not_picked":["Calculated Gamble","Eviscerate"],"picked":"Bane","floor":14.0},{"not_picked":["Night Terror","After Image"],"picked":"Envenom","floor":16.0},{"not_picked":["Prepared+1","Underhanded Strike+1","Backflip+1"],"picked":"SKIP","floor":18.0},{"not_picked":["Cloak And Dagger","Leg Sweep+1","Infinite Blades"],"picked":"SKIP","floor":19.0},{"not_picked":["Dagger Spray","Acrobatics"],"picked":"Deflect","floor":20.0}],"player_experience":45601,"relics_obtained":[{"floor":14.0,"key":"Bottled Flame"},{"floor":20.0,"key":"Red Mask"}],"event_choices":[{"damage_healed":0.0,"max_hp_gain":0.0,"max_hp_loss":0.0,"gold_gain":0.0,"event_name":"Golden Wing","player_choice":"Ignored","floor":3.0,"gold_loss":0.0,"damage_taken":0.0},{"damage_healed":0.0,"max_hp_gain":0.0,"max_hp_loss":0.0,"gold_gain":175.0,"event_name":"Liars Game","player_choice":"AGREE","floor":5.0,"gold_loss":0.0,"damage_taken":0.0,"cards_obtained":["Doubt"]},{"damage_healed":0.0,"max_hp_gain":0.0,"max_hp_loss":0.0,"gold_gain":0.0,"event_name":"The Woman in Blue","player_choice":"Bought 0 Potions","floor":6.0,"gold_loss":0.0,"damage_taken":0.0},{"damage_healed":0.0,"max_hp_gain":0.0,"max_hp_loss":0.0,"gold_gain":0.0,"event_name":"Masked Bandits","player_choice":"Fought Bandits","floor":20.0,"gold_loss":0.0,"damage_taken":0.0}],"is_beta":false,"boss_relics":[{"not_picked":["Ectoplasm","Busted Crown"],"picked":"Ring of the Serpent"}],"items_purged_floors":[],"is_endless":false,"potions_floor_spawned":[2,10,12,16,19],"killed_by":"Chosen and Byrds","ascension_level":0}}