{"host":"p7j7o00jacnw7qzt","time":1607657130,"event":{"mods":["BaseMod","Colored Map","Colored Powertips","DeckTracker","Highlight Path","Minty Spire (QoL Compilation)","Relic Stats"],"gold_per_floor":[113,125,144,44,44,44,74,74,98,109,109,124,153,228,228,228,228],"floor_reached":16,"playtime":494,"items_purged":["Strike_R"],"score":220,"play_id":"5889d43e-f38f-446c-85bf-049c6da150f3","local_time":"20201210222530","is_ascension_mode":true,"campfire_choices":[{"data":"Whirlwind","floor":6.0,"key":"SMITH"},{"data":"Body Slam","floor":8.0,"key":"SMITH"},{"data":"Pommel Strike","floor":11,"key":"SMITH"},{"floor":15,"key":"REST"}],"circlet_count":0,"master_deck":["AscendersBane","Strike_R","Strike_R","Strike_R","Strike_R","Defend_R","Defend_R","Defend_R","Defend_R","Bash","Body Slam+1","Whirlwind+1","Pommel Strike+1","Fire Breathing"],"relics":["Burning Blood","Omamori","Peace Pipe"],"acts_visited":["Exordium"],"potions_floor_usage":[13],"damage_taken":[{"damage":6.0,"enemies":"Cultist","floor":1.0,"turns":3.0},{"damage":14.0,"enemies":"Jaw Worm","floor":2.0,"turns":3.0},{"damage":1.0,"enemies":"2 Louse","floor":3.0,"turns":2.0},{"damage":20.0,"enemies":"3 Sentries","floor":7.0,"turns":3.0},{"damage":21,"enemies":"Exordium Thugs","floor":10,"turns":4},{"damage":11,"enemies":"Blue Slaver","floor":12,"turns":5},{"damage":30,"enemies":"Lagavulin","floor":13,"turns":7},{"damage":21,"enemies":"Hexaghost","floor":16,"turns":7}],"seed_played":"-987511790488534299","potions_obtained":[{"floor":2.0,"key":"ElixirPotion"},{"floor":10,"key":"Fire Potion"},{"floor":12,"key":"Energy Potion"}],"is_trial":false,"path_per_floor":["M","M","M","$","$","R","E","R","T","M","R","M","E","?","R","B"],"character_chosen":"IRONCLAD","items_purchased":["Pommel Strike"],"campfire_rested":1,"item_purchase_floors":[4],"current_hp_per_floor":[75,67,72,72,72,72,58,58,58,43,43,38,14,3,27,6,6],"gold":228,"neow_bonus":"TEN_PERCENT_HP_BONUS","is_daily":false,"chose_seed":false,"campfire_upgraded":3,"win_rate":0.0,"timestamp":1607657130,"path_taken":["M","M","M","?","$","R","E","R","T","?","R","M","E","?","R","BOSS"],"items_purchased_type":["Card"],"build_version":"2020-11-30","purchased_purges":1,"victory":false,"max_hp_per_floor":[82,82,82,82,82,82,82,82,82,82,82,82,82,82,82,82,82],"relic_stats":{"Peace Pipe":0,"counters":[8,34],"obtain_stats":[{"Peace Pipe":13,"Omamori":7,"Burning Blood":0},{"Peace Pipe":7,"Omamori":4,"Burning Blood":0},{"Peace Pipe":27,"Omamori":11,"Burning Blood":0}],"Burning Blood":42},"card_choices":[{"not_picked":["Iron Wave","Feel No Pain"],"picked":"Body Slam","floor":1.0},{"not_picked":["Headbutt","Uppercut"],"picked":"Whirlwind","floor":2.0},{"not_picked":["Rage","Heavy Blade","Perfected Strike"],"picked":"SKIP","floor":3.0},{"not_picked":["Iron Wave","Body Slam","Anger"],"picked":"SKIP","floor":7.0},{"not_picked":["Flame Barrier","Heavy Blade"],"picked":"Fire Breathing","floor":10},{"not_picked":["Warcry","Armaments","Clash"],"picked":"SKIP","floor":12},{"not_picked":["Iron Wave","Warcry","Flex"],"picked":"SKIP","floor":13}],"player_experience":758403,"relics_obtained":[{"floor":7.0,"key":"Omamori"},{"floor":13,"key":"Peace Pipe"}],"event_choices":[{"damage_healed":0,"gold_gain":75,"player_choice":"Gather Gold","damage_taken":11,"max_hp_gain":0,"max_hp_loss":0,"event_name":"World of Goop","floor":14,"gold_loss":0}],"is_beta":false,"boss_relics":[],"items_purged_floors":[4],"is_endless":false,"potions_floor_spawned":[2,10,12],"killed_by":"Hexaghost","ascension_level":20}}