{"host":"7pe9xwx78c6nlay8","time":1607693920,"event":{"mods":["BaseMod","Minty Spire (QoL Compilation)"],"gold_per_floor":[360,374,36,53,64,94,120,120,173,203,233,233,267,285,285,387,387,387,387,387,387,387,387,387,387,387,387,387,387,387,387,387,387,387,387,0,0,0,0,0,0,0,0,0,0,0,0,0,0,0],"floor_reached":51,"playtime":3090,"items_purged":[],"score":1187,"play_id":"5f579c87-7866-4cde-848e-e26591b7e5f6","local_time":"20201211213840","is_ascension_mode":true,"campfire_choices":[{"data":"Apotheosis","floor":8.0,"key":"SMITH"},{"data":"DeusExMachina","floor":15.0,"key":"SMITH"},{"floor":30.0,"key":"REST"},{"floor":32.0,"key":"REST"},{"floor":41,"key":"REST"},{"floor":47,"key":"REST"},{"data":"Alpha","floor":49,"key":"SMITH"}],"circlet_count":0,"master_deck":["Strike_P","Strike_P","Defend_P","Defend_P","Eruption","Vigilance","Consecrate","FollowUp","Apotheosis+1","ReachHeaven","DeusExMachina+1","Perseverance","Alpha+1","Alpha","Wallop+1","Nirvana+1","Weave+1","JustLucky+1","WaveOfTheHand","DeusExMachina","TalkToTheHand+1","ThirdEye+1","Brilliance+1","ReachHeaven+1","ThirdEye","Wireheading+1","CutThroughFate+1"],"relics":["PureWater","Toolbox","WingedGreaves","Molten Egg 2","PreservedInsect","Bag of Preparation","Bronze Scales","InkBottle","Ectoplasm","Damaru","Centennial Puzzle","White Beast Statue","Empty Cage","Red Mask","Blue Candle","Letter Opener","Eternal Feather","Gremlin Horn","Pocketwatch"],"acts_visited":["Exordium","TheCity","TheBeyond"],"potions_floor_usage":[40,42,42,46,50,50],"damage_taken":[{"damage":3.0,"enemies":"Small Slimes","floor":1.0,"turns":4.0},{"damage":0.0,"enemies":"Cultist","floor":2.0,"turns":2.0},{"damage":0.0,"enemies":"Jaw Worm","floor":4.0,"turns":2.0},{"damage":0.0,"enemies":"Lots of Slimes","floor":5.0,"turns":1.0},{"damage":2.0,"enemies":"3 Sentries","floor":6.0,"turns":8.0},{"damage":0.0,"enemies":"Gremlin Nob","floor":7.0,"turns":2.0},{"damage":0.0,"enemies":"Lagavulin","floor":10.0,"turns":4.0},{"damage":0.0,"enemies":"Gremlin Nob","floor":11.0,"turns":3.0},{"damage":0.0,"enemies":"3 Sentries","floor":13.0,"turns":3.0},{"damage":1.0,"enemies":"2 Fungi Beasts","floor":14.0,"turns":3.0},{"damage":15.0,"enemies":"The Guardian","floor":16.0,"turns":6.0},{"damage":0.0,"enemies":"Chosen","floor":18.0,"turns":3.0},{"damage":0.0,"enemies":"Shell Parasite","floor":19.0,"turns":5.0},{"damage":17.0,"enemies":"Snake Plant","floor":20.0,"turns":5.0},{"damage":1.0,"enemies":"Shelled Parasite and Fungi","floor":21.0,"turns":3.0},{"damage":1.0,"enemies":"Centurion and Healer","floor":22.0,"turns":5.0},{"damage":9.0,"enemies":"Gremlin Leader","floor":23.0,"turns":4.0},{"damage":14.0,"enemies":"3 Cultists","floor":24.0,"turns":5.0},{"damage":8.0,"enemies":"Slavers","floor":25.0,"turns":4.0},{"damage":0.0,"enemies":"Snecko","floor":27.0,"turns":3.0},{"damage":1.0,"enemies":"Centurion and Healer","floor":29.0,"turns":4.0},{"damage":6.0,"enemies":"Snake Plant","floor":31.0,"turns":3.0},{"damage":25.0,"enemies":"Collector","floor":33.0,"turns":6.0},{"damage":4.0,"enemies":"3 Shapes","floor":35.0,"turns":8.0},{"damage":2.0,"enemies":"3 Darklings","floor":39.0,"turns":3.0},{"damage":21,"enemies":"Nemesis","floor":40,"turns":3},{"damage":5,"enemies":"Reptomancer","floor":42,"turns":5},{"damage":21,"enemies":"Nemesis","floor":44,"turns":5},{"damage":8,"enemies":"2 Orb Walkers","floor":46,"turns":5},{"damage":0,"enemies":"Maw","floor":48,"turns":6},{"damage":42,"enemies":"Time Eater","floor":50,"turns":8}],"seed_played":"-8333583831719189403","potions_obtained":[{"floor":2.0,"key":"CultistPotion"},{"floor":7.0,"key":"DistilledChaos"},{"floor":10.0,"key":"FearPotion"},{"floor":13.0,"key":"DuplicationPotion"},{"floor":14.0,"key":"EntropicBrew"},{"floor":19.0,"key":"Explosive Potion"},{"floor":24.0,"key":"LiquidBronze"},{"floor":27.0,"key":"FearPotion"},{"floor":29.0,"key":"SpeedPotion"},{"floor":31.0,"key":"StancePotion"},{"floor":33.0,"key":"BlessingOfTheForge"},{"floor":40,"key":"Fire Potion"},{"floor":42,"key":"Fire Potion"},{"floor":44,"key":"SpeedPotion"},{"floor":46,"key":"SpeedPotion"}],"is_trial":false,"path_per_floor":["M","M","$","M","M","E","E","R","T","E","E","?","E","M","R","B",null,"M","M","M","M","M","E","M","E","T","M","?","M","R","M","R","B",null,"M","?","?","?","M","E","R","E","T","E","$","?","R","M","R","B",null],"character_chosen":"WATCHER","items_purchased":["Toolbox","Apotheosis"],"campfire_rested":4,"item_purchase_floors":[3,3],"current_hp_per_floor":[44,44,44,44,44,42,42,42,42,42,42,42,42,41,41,26,61,61,61,44,43,42,33,19,11,11,11,11,10,31,25,46,21,59,55,55,55,55,53,32,53,48,48,27,27,19,55,55,70,28],"gold":0,"neow_bonus":"TWO_FIFTY_GOLD","is_daily":false,"chose_seed":false,"campfire_upgraded":3,"win_rate":0.0,"timestamp":1607693920,"path_taken":["M","M","$","M","M","E","E","R","T","E","E","?","E","M","R","BOSS","M","M","?","M","M","E","M","E","T","M","?","M","R","?","R","BOSS","M","?","?","?","?","E","R","E","T","E","$","?","R","M","R","BOSS"],"items_purchased_type":["Relic","Card"],"build_version":"2020-11-30","purchased_purges":0,"victory":true,"max_hp_per_floor":[72,72,72,72,72,72,72,72,72,72,72,72,72,72,72,72,72,72,72,72,72,72,72,72,72,72,72,72,72,72,72,72,72,72,72,72,72,72,72,72,72,72,72,72,72,72,72,72,72,72],"card_choices":[{"not_picked":["EmptyFist","Swivel"],"picked":"Consecrate","floor":1.0},{"not_picked":["Prostrate","Meditate"],"picked":"FollowUp","floor":2.0},{"not_picked":["ClearTheMind","BowlingBash","CrushJoints"],"picked":"SKIP","floor":4.0},{"not_picked":["ConjureBlade","EmptyFist","FlurryOfBlows"],"picked":"SKIP","floor":5.0},{"not_picked":["Tantrum","ForeignInfluence"],"picked":"ReachHeaven","floor":6.0},{"not_picked":["MentalFortress","ClearTheMind"],"picked":"DeusExMachina","floor":7.0},{"not_picked":["SashWhip+1","EmptyBody"],"picked":"Perseverance","floor":10.0},{"not_picked":["SashWhip+1","FlurryOfBlows+1"],"picked":"WindmillStrike+1","floor":11.0},{"not_picked":["EmptyBody","Protect"],"picked":"Alpha","floor":13.0},{"not_picked":["LikeWater","DeceiveReality","TalkToTheHand+1"],"picked":"SKIP","floor":14.0},{"not_picked":["ConjureBlade","Omniscience"],"picked":"Alpha","floor":16.0},{"not_picked":["FlurryOfBlows+1","CutThroughFate+1"],"picked":"Wallop+1","floor":18.0},{"not_picked":["CutThroughFate+1","FollowUp+1"],"picked":"Nirvana+1","floor":19.0},{"not_picked":["Consecrate+1","Crescendo","WreathOfFlame"],"picked":"SKIP","floor":20.0},{"not_picked":["ConjureBlade","CrushJoints+1","EmptyBody+1"],"picked":"SKIP","floor":21.0},{"not_picked":["EmptyFist+1","Evaluate"],"picked":"Weave+1","floor":22.0},{"not_picked":["Wireheading+1","SandsOfTime+1"],"picked":"JustLucky+1","floor":23.0},{"not_picked":["SashWhip+1","Protect","EmptyMind+1"],"picked":"SKIP","floor":24.0},{"not_picked":["CrushJoints+1","BowlingBash+1","EmptyFist+1"],"picked":"SKIP","floor":25.0},{"not_picked":["Tantrum+1","Vengeance"],"picked":"WaveOfTheHand","floor":27.0},{"not_picked":["MentalFortress","SignatureMove+1"],"picked":"ThirdEye+1","floor":29.0},{"not_picked":["CutThroughFate+1","LessonLearned+1","ClearTheMind"],"picked":"SKIP","floor":31.0},{"not_picked":["DeusExMachina","Ragnarok+1"],"picked":"Brilliance+1","floor":33.0},{"not_picked":["PathToVictory+1","SashWhip+1","ForeignInfluence+1"],"picked":"SKIP","floor":35.0},{"not_picked":["EmptyFist+1","Pray"],"picked":"ThirdEye","floor":39.0},{"not_picked":["Indignation+1","SashWhip+1","Consecrate+1"],"picked":"SKIP","floor":40},{"not_picked":["CutThroughFate+1","FlyingSleeves+1"],"picked":"Wireheading+1","floor":42},{"not_picked":["FollowUp+1","SignatureMove+1","Wireheading+1"],"picked":"SKIP","floor":44},{"not_picked":["BowlingBash+1","Wallop+1"],"picked":"CutThroughFate+1","floor":48}],"player_experience":1494273,"relics_obtained":[{"floor":6.0,"key":"WingedGreaves"},{"floor":7.0,"key":"Molten Egg 2"},{"floor":9.0,"key":"PreservedInsect"},{"floor":10.0,"key":"Bag of Preparation"},{"floor":11.0,"key":"Bronze Scales"},{"floor":13.0,"key":"InkBottle"},{"floor":23.0,"key":"Damaru"},{"floor":25.0,"key":"Centennial Puzzle"},{"floor":26.0,"key":"White Beast Statue"},{"floor":40,"key":"Blue Candle"},{"floor":42,"key":"Letter Opener"},{"floor":43,"key":"Eternal Feather"},{"floor":44,"key":"Gremlin Horn"},{"floor":46,"key":"Pocketwatch"}],"event_choices":[{"cards_removed":["Strike_P"],"damage_healed":0.0,"max_hp_gain":0.0,"max_hp_loss":0.0,"gold_gain":0.0,"event_name":"Purifier","player_choice":"Purged","floor":12.0,"gold_loss":0.0,"damage_taken":0.0},{"damage_healed":0.0,"max_hp_gain":0.0,"max_hp_loss":0.0,"gold_gain":0.0,"event_name":"Match and Keep!","player_choice":"2 cards matched","floor":28.0,"gold_loss":0.0,"damage_taken":0.0,"cards_obtained":["DeusExMachina","TalkToTheHand"]},{"damage_healed":0.0,"max_hp_gain":0.0,"max_hp_loss":0.0,"gold_gain":0.0,"event_name":"Tomb of Lord Red Mask","player_choice":"Paid","floor":36.0,"gold_loss":387.0,"damage_taken":0.0,"relics_obtained":["Red Mask"]},{"cards_removed":["WindmillStrike"],"damage_healed":0.0,"max_hp_gain":0.0,"max_hp_loss":0.0,"gold_gain":0.0,"event_name":"Falling","player_choice":"Removed Attack","floor":37.0,"gold_loss":0.0,"damage_taken":0.0},{"damage_healed":0.0,"max_hp_gain":0.0,"max_hp_loss":0.0,"gold_gain":0.0,"cards_transformed":["Defend_P"],"event_name":"Transmorgrifier","player_choice":"Transformed","floor":38.0,"gold_loss":0.0,"damage_taken":0.0,"cards_obtained":["ReachHeaven"]},{"damage_healed":0,"gold_gain":0,"player_choice":"Fight","damage_taken":0,"max_hp_gain":0,"max_hp_loss":0,"event_name":"Mysterious Sphere","floor":46,"gold_loss":0}],"is_beta":false,"boss_relics":[{"not_picked":["Philosopher\u0027s Stone","Snecko Eye"],"picked":"Ectoplasm"},{"not_picked":["Pandora\u0027s Box","HolyWater"],"picked":"Empty Cage"}],"items_purged_floors":[],"is_endless":false,"potions_floor_spawned":[2,7,10,13,14,19,24,27,29,31,33,35,39,40,42,44,46,48],"ascension_level":6}}