{"host":"mi0eibewekhugwl1","time":1607657484,"event":{"mods":["AchievementEnabler","BaseMod","Colored Map","Colored Powertips","DeckTracker","Keyboard Shortcuts","Minty Spire (QoL Compilation)","Quick Restart","Rare Cards Sparkle","Relic Stats","StSLib","SuperFastMode","everything is the same but u backflip on backflip"],"gold_per_floor":[113,113,128,128,128,162,176,201,225,240,253,253,271,289,289,378,378,393,126,140,160,210,210,249,263,313,34,34,59,59,83,83,83,83],"floor_reached":33,"playtime":733,"items_purged":["Strike_B"],"score":556,"play_id":"13fe3be1-d3f2-4f46-9faa-cad6ec9fb7e5","local_time":"20201211123124","is_ascension_mode":true,"campfire_choices":[{"floor":12,"key":"REST"},{"data":"Zap","floor":15,"key":"SMITH"},{"data":"Heatsinks","floor":23,"key":"SMITH"},{"floor":28,"key":"REST"},{"data":"Darkness","floor":30,"key":"SMITH"},{"data":"Chaos","floor":32,"key":"SMITH"}],"circlet_count":0,"master_deck":["AscendersBane","Strike_B+1","Defend_B","Defend_B","Defend_B+1","Zap+1","Dualcast","Conserve Battery","Genetic Algorithm","Cold Snap","Coolheaded","Static Discharge","Ball Lightning","Darkness+1","Glacier","Electrodynamics","Heatsinks+1","Redo+1","Chaos+1","Self Repair","Heatsinks+1","FTL"],"relics":["Cracked Core","NeowsBlessing","Golden Idol","Anchor","Smiling Mask","Empty Cage","Lee\u0027s Waffle","Red Mask","Happy Flower","Frozen Egg 2"],"acts_visited":["Exordium","TheCity"],"potions_floor_usage":[11,16,24,33],"damage_taken":[{"damage":0,"enemies":"Jaw Worm","floor":1,"turns":1},{"damage":0,"enemies":"Small Slimes","floor":3,"turns":1},{"damage":0,"enemies":"Lagavulin","floor":6,"turns":1},{"damage":9,"enemies":"2 Louse","floor":7,"turns":3},{"damage":12,"enemies":"Exordium Wildlife","floor":8,"turns":7},{"damage":9,"enemies":"3 Louse","floor":10,"turns":3},{"damage":0,"enemies":"Looter","floor":11,"turns":2},{"damage":0,"enemies":"Blue Slaver","floor":13,"turns":3},{"damage":0,"enemies":"3 Louse","floor":14,"turns":4},{"damage":14,"enemies":"The Guardian","floor":16,"turns":14},{"damage":14,"enemies":"Shell Parasite","floor":18,"turns":10},{"damage":0,"enemies":"3 Byrds","floor":20,"turns":3},{"damage":12,"enemies":"Snake Plant","floor":21,"turns":5},{"damage":10,"enemies":"Masked Bandits","floor":24,"turns":4},{"damage":18,"enemies":"Chosen and Byrds","floor":25,"turns":5},{"damage":12,"enemies":"Centurion and Healer","floor":29,"turns":8},{"damage":1,"enemies":"Snake Plant","floor":31,"turns":4},{"damage":64,"enemies":"Collector","floor":33,"turns":6}],"seed_played":"-582583843820363341","potions_obtained":[{"floor":3,"key":"EssenceOfDarkness"},{"floor":6,"key":"FocusPotion"},{"floor":11,"key":"FearPotion"},{"floor":16,"key":"SmokeBomb"},{"floor":29,"key":"PotionOfCapacity"}],"is_trial":false,"path_per_floor":["M","?","M","?","?","E","M","M","T","M","M","R","M","M","R","B",null,"M","$","M","M","?","R","?","M","T","$","R","M","R","M","R","B"],"character_chosen":"DEFECT","items_purchased":["Lee\u0027s Waffle","Heatsinks","Frozen Egg 2"],"campfire_rested":2,"item_purchase_floors":[19,19,27],"current_hp_per_floor":[64,57,57,36,36,36,27,15,15,6,6,25,25,25,25,11,51,37,71,71,59,59,59,49,38,38,38,59,54,54,60,60,0,0],"gold":83,"neow_bonus":"THREE_ENEMY_KILL","is_daily":false,"chose_seed":false,"campfire_upgraded":4,"win_rate":0.0,"timestamp":1607657484,"path_taken":["M","?","M","?","?","E","?","M","T","M","M","R","M","M","R","BOSS","M","$","M","M","?","R","?","M","T","$","R","M","R","M","R","BOSS"],"items_purchased_type":["Relic","Card","Relic"],"build_version":"2020-11-30","purchased_purges":1,"victory":false,"max_hp_per_floor":[71,71,71,71,64,64,64,64,64,64,64,64,64,64,64,64,64,64,71,71,71,71,71,71,71,71,71,71,71,71,71,71,71,71],"relic_stats":{"Lee\u0027s Waffle":34,"Happy Flower":[6],"counters":[18,84],"Golden Idol":78,"Smiling Mask":25,"obtain_stats":[{"Anchor":6,"Lee\u0027s Waffle":19,"NeowsBlessing":0,"Happy Flower":26,"Golden Idol":5,"Red Mask":24,"Frozen Egg 2":27,"Cracked Core":0,"Smiling Mask":9,"Empty Cage":17},{"Anchor":3,"Lee\u0027s Waffle":11,"NeowsBlessing":0,"Happy Flower":15,"Golden Idol":2,"Red Mask":14,"Frozen Egg 2":15,"Cracked Core":0,"Smiling Mask":5,"Empty Cage":10},{"Anchor":3,"Lee\u0027s Waffle":49,"NeowsBlessing":0,"Happy Flower":66,"Golden Idol":2,"Red Mask":61,"Frozen Egg 2":66,"Cracked Core":0,"Smiling Mask":13,"Empty Cage":39}]},"card_choices":[{"not_picked":["Steam","Beam Cell"],"picked":"Conserve Battery","floor":1},{"not_picked":["Tempest","Compile Driver"],"picked":"Genetic Algorithm","floor":3},{"not_picked":["Fission","Recycle"],"picked":"Cold Snap","floor":6},{"not_picked":["Barrage","Redo","Stack"],"picked":"SKIP","floor":7},{"not_picked":["Doom and Gloom","Double Energy"],"picked":"Coolheaded","floor":8},{"not_picked":["Compile Driver","Rainbow"],"picked":"Static Discharge","floor":10},{"not_picked":["Steam","Aggregate"],"picked":"Ball Lightning","floor":11},{"not_picked":["Leap","Coolheaded"],"picked":"Darkness","floor":13},{"not_picked":["Sunder","Darkness"],"picked":"Glacier","floor":14},{"not_picked":["All For One","Echo Form"],"picked":"Electrodynamics","floor":16},{"not_picked":["Sweeping Beam","Reinforced Body","Doom and Gloom"],"picked":"SKIP","floor":18},{"not_picked":["Skim","Auto Shields"],"picked":"Redo+1","floor":20},{"not_picked":["Static Discharge+1","Consume+1"],"picked":"Chaos","floor":21},{"not_picked":["Cold Snap","Doom and Gloom"],"picked":"Self Repair","floor":24},{"not_picked":["Gash","Redo","Consume"],"picked":"SKIP","floor":25},{"not_picked":["Rebound","Steam"],"picked":"Heatsinks+1","floor":29},{"not_picked":["Leap","Scrape"],"picked":"FTL","floor":31}],"player_experience":1659191,"relics_obtained":[{"floor":6,"key":"Anchor"},{"floor":9,"key":"Smiling Mask"},{"floor":24,"key":"Red Mask"},{"floor":26,"key":"Happy Flower"}],"event_choices":[{"cards_removed":["Defend_B"],"damage_healed":0,"gold_gain":0,"player_choice":"Card Removal","damage_taken":7,"max_hp_gain":0,"max_hp_loss":0,"event_name":"Golden Wing","floor":2,"gold_loss":0},{"damage_healed":0,"gold_gain":0,"player_choice":"Entered Light","damage_taken":21,"max_hp_gain":0,"max_hp_loss":0,"event_name":"Shining Light","floor":4,"gold_loss":0,"cards_upgraded":["Defend_B","Strike_B"]},{"damage_healed":0,"gold_gain":0,"player_choice":"Lose Max HP","damage_taken":0,"relics_obtained":["Golden Idol"],"max_hp_gain":0,"max_hp_loss":7,"event_name":"Golden Idol","floor":5,"gold_loss":0},{"damage_healed":0,"gold_gain":50,"player_choice":"Stole From Cult","damage_taken":0,"max_hp_gain":0,"max_hp_loss":0,"event_name":"Nest","floor":22,"gold_loss":0},{"damage_healed":0,"gold_gain":0,"player_choice":"Fought Bandits","damage_taken":0,"max_hp_gain":0,"max_hp_loss":0,"event_name":"Masked Bandits","floor":24,"gold_loss":0}],"is_beta":false,"boss_relics":[{"not_picked":["Busted Crown","Coffee Dripper"],"picked":"Empty Cage"}],"items_purged_floors":[19],"is_endless":false,"potions_floor_spawned":[3,6,7,11,14,16,21,29],"killed_by":"Collector","ascension_level":20}}