{"host":"rcanb95qz4o6v6pp","time":1607704541,"event":{"mods":["AchievementEnabler","BaseMod","Better Third Choice","Colored Map","Downfall","Minty Spire (QoL Compilation)","StSLib"],"gold_per_floor":[135,186,186,136,136,232,628,628,651,729,819,909,6,90,90,390,390,426,501,25,70,345,432,432,519,519,612,711,810,906,918,930,1233,1245,1302,1368,1380,468,624,717,717,822,822,927,1026,1026,1116,423,423,423],"floor_reached":51,"playtime":4079,"items_purged":["Regret"],"score":1225,"play_id":"eadc1102-e563-4b00-9c62-75d23705f43e","local_time":"20201211113541","daily_mods":["Draft","Heirloom","Time Dilation","Flight","downfall:Jewelcrafting","Elite Swarm","Midas"],"is_ascension_mode":false,"campfire_choices":[{"floor":32,"key":"REST"},{"floor":46,"key":"REST"},{"floor":49,"key":"REST"}],"circlet_count":0,"master_deck":["Guardian:ExploitGems+1","Guardian:ExploitGems","Guardian:PiercingHide","Pummel","Rampage","Flame Barrier","Guardian:WalkerClaw","Thunderclap","Iron Wave","Guardian:PiercingHide","Thunderclap","Guardian:DonusPower+1","Sword Boomerang","Guardian:ArmoredProtocol","Feed","Guardian:ExploitGems","Guardian:BaubleBeam","Juggernaut","Guardian:RevengeProtocol","Guardian:GemFinder","Armaments+1","Guardian:EvasiveProtocol","Guardian:Gem_Green","Thunderclap","Guardian:BaubleBeam","Limit Break","Berserk","Guardian:BaubleBeam","Offering","CurseOfTheBell","Shrug It Off+1","Guardian:Gem_Blue","Violence","Berserk","Berserk","Offering","Guardian:ExploitGems+1","Guardian:CompilePackage+1","Guardian:ShieldSpikes+1","Barricade","Iron Wave","Guardian:VentSteam+1"],"relics":["Burning Blood","Guardian:PickAxe","TungstenRod","Anchor","Question Card","Bottled Flame","Old Coin","MealTicket","Bag of Marbles","Self Forming Clay","Meat on the Bone","Ginger","ClockworkSouvenir","Paper Frog","StrikeDummy","Black Star","Guardian:BottledAnomaly","Nunchaku","Bronze Scales","Juzu Bracelet","Blood Vial","sneckomod:BlankCard","Eternal Feather","Charon\u0027s Ashes","Lizard Tail","Ice Cream","Ancient Tea Set","Bottled Lightning","HornCleat","MawBank","Calling Bell","War Paint","Blue Candle","Guardian:GemstoneGun","Sling","Matryoshka","Toy Ornithopter","Torii","Calipers","Vajra","Du-Vu Doll","Turnip","Omamori","Singing Bowl","Regal Pillow","Incense Burner","Toxic Egg 2","Pocketwatch","Red Skull","Letter Opener","Orichalcum","Boot","Medical Kit"],"acts_visited":["Exordium","TheCity","TheBeyond"],"potions_floor_usage":[14,27,28,47,50,50],"damage_taken":[{"damage":0,"enemies":"Small Slimes","floor":1,"turns":2},{"damage":1,"enemies":"Jaw Worm","floor":2,"turns":3},{"damage":18,"enemies":"Gremlin Nob","floor":6,"turns":4},{"damage":11,"enemies":"3 Sentries","floor":7,"turns":5},{"damage":10,"enemies":"Lagavulin","floor":10,"turns":4},{"damage":6,"enemies":"3 Sentries","floor":11,"turns":4},{"damage":1,"enemies":"Lagavulin","floor":12,"turns":5},{"damage":4,"enemies":"3 Sentries","floor":14,"turns":3},{"damage":1,"enemies":"Slime Boss","floor":16,"turns":3},{"damage":4,"enemies":"Spheric Guardian","floor":18,"turns":5},{"damage":2,"enemies":"Book of Stabbing","floor":23,"turns":3},{"damage":6,"enemies":"Slavers","floor":25,"turns":3},{"damage":36,"enemies":"Gremlin Leader","floor":27,"turns":5},{"damage":1,"enemies":"Slavers","floor":28,"turns":3},{"damage":1,"enemies":"Gremlin Leader","floor":30,"turns":4},{"damage":14,"enemies":"Champ","floor":33,"turns":5},{"damage":1,"enemies":"Orb Walker","floor":35,"turns":2},{"damage":6,"enemies":"3 Darklings","floor":36,"turns":3},{"damage":0,"enemies":"2 Orb Walkers","floor":39,"turns":3},{"damage":1,"enemies":"Reptomancer","floor":40,"turns":3},{"damage":6,"enemies":"Giant Head","floor":42,"turns":3},{"damage":27,"enemies":"Nemesis","floor":44,"turns":5},{"damage":30,"enemies":"Reptomancer","floor":45,"turns":3},{"damage":0,"enemies":"Nemesis","floor":47,"turns":1},{"damage":28,"enemies":"Donu and Deca","floor":50,"turns":6}],"seed_played":"7117515299384671008","potions_obtained":[{"floor":2,"key":"GamblersBrew"},{"floor":6,"key":"Dexterity Potion"},{"floor":11,"key":"AttackPotion"},{"floor":23,"key":"BloodPotion"},{"floor":28,"key":"SkillPotion"},{"floor":30,"key":"sneckomod:MuddlingPotion"},{"floor":36,"key":"BloodPotion"},{"floor":47,"key":"SteroidPotion"}],"is_trial":true,"path_per_floor":["M","M","?","?","?","E","E","R","T","E","E","E","$","E","R","B",null,"M","?","$","T","?","E","R","E","T","E","E","?","E","?","R","B",null,"M","M","?","$","?","E","?","E","T","E","E","R","E","$","R","B",null],"character_chosen":"IRONCLAD","items_purchased":["Ginger","ClockworkSouvenir","Paper Frog","Guardian:Gem_Orange","BlessingOfTheForge","Guardian:BottledAnomaly","Guardian:EvasiveProtocol","Guardian:Gem_Green","Nunchaku","Thunderclap","Sling","Matryoshka","Toy Ornithopter","Guardian:Gem_Blue","Violence","Strength Potion","Orichalcum","Boot","Medical Kit","Guardian:ShieldSpikes+1","Barricade","Iron Wave","Guardian:VentSteam+1"],"campfire_rested":3,"item_purchase_floors":[13,13,13,13,13,20,20,20,20,20,38,38,38,38,38,38,48,48,48,48,48,48,48],"current_hp_per_floor":[80,80,63,63,68,56,54,54,54,53,56,61,76,78,78,83,94,94,86,94,94,94,94,94,94,94,64,71,71,78,78,94,86,94,94,97,97,97,97,97,97,100,100,79,57,100,100,100,100,88],"gold":423,"neow_bonus":"","is_daily":false,"chose_seed":false,"campfire_upgraded":0,"win_rate":0.0,"timestamp":1607704541,"path_taken":["M","M","?","?","?","E","E","R","T","E","E","E","$","E","R","BOSS","M","?","$","?","?","E","R","E","T","E","E","?","E","?","R","BOSS","M","M","?","$","?","E","?","E","T","E","E","R","E","$","R","BOSS"],"items_purchased_type":["Relic","Relic","Relic","Card","Potion","Relic","Card","Card","Relic","Card","Relic","Relic","Relic","Card","Card","Potion","Relic","Relic","Relic","Card","Card","Card","Card"],"build_version":"2020-11-30","purchased_purges":1,"victory":true,"max_hp_per_floor":[80,80,80,80,85,85,88,88,88,91,94,94,94,94,94,94,94,94,94,94,94,94,94,94,94,94,94,94,94,94,94,94,94,94,94,97,97,97,97,97,97,100,100,100,100,100,100,100,100,100],"card_choices":[{"not_picked":["Anger","Feel No Pain"],"picked":"Guardian:PiercingHide","floor":0},{"not_picked":["Guardian:Incinerate","Guardian:FuturePlans"],"picked":"Guardian:VentSteam","floor":0},{"not_picked":["Guardian:Incinerate","Guardian:Suspension"],"picked":"Guardian:Gem_Fragmented","floor":0},{"not_picked":["Guardian:CrystalBeam","Havoc"],"picked":"Pummel","floor":0},{"not_picked":["Armaments","Guardian:RefractedBeam"],"picked":"Rampage","floor":0},{"not_picked":["Guardian:Planning","Guardian:ChargeCore"],"picked":"Flame Barrier","floor":0},{"not_picked":["Guardian:CrystalBeam","Headbutt"],"picked":"Guardian:WalkerClaw","floor":0},{"not_picked":["Wild Strike","Dual Wield"],"picked":"Thunderclap","floor":0},{"not_picked":["Uppercut","Guardian:Suspension"],"picked":"Iron Wave","floor":0},{"not_picked":["Guardian:Suspension","Guardian:PiercingHide"],"picked":"Guardian:Gem_Purple","floor":0},{"not_picked":["Guardian:Incinerate","Carnage"],"picked":"Guardian:PiercingHide","floor":0},{"not_picked":["Cleave","Headbutt"],"picked":"Guardian:Gem_Red","floor":0},{"not_picked":["Guardian:PrismaticBarrier","Infernal Blade"],"picked":"Thunderclap","floor":0},{"not_picked":["Guardian:VentSteam","Uppercut"],"picked":"Guardian:DonusPower","floor":0},{"not_picked":["Twin Strike","Guardian:SentryBeam"],"picked":"Sword Boomerang","floor":0},{"not_picked":["Bloodletting","Burning Pact","Guardian:Recover"],"picked":"SKIP","floor":1},{"not_picked":["Disarm","Guardian:TemporalShield"],"picked":"Guardian:ArmoredProtocol","floor":2},{"not_picked":["Exhume","Impervious","Guardian:StasisField"],"picked":"Feed","floor":6},{"not_picked":["Guardian:ConstructionForm","Guardian:StasisStrike","Bludgeon"],"picked":"Guardian:ExploitGems","floor":7},{"not_picked":["Guardian:FierceBash","Double Tap","Brutality"],"picked":"Guardian:BaubleBeam","floor":10},{"not_picked":["Guardian:Gem_Synthetic","Guardian:GatlingBeam","Guardian:TimeSifter"],"picked":"Juggernaut","floor":11},{"not_picked":["Guardian:GatlingBeam","Guardian:FastForward","Guardian:SphericShield"],"picked":"Guardian:RevengeProtocol","floor":12},{"not_picked":["Double Tap","Reaper","Guardian:GatlingBeam"],"picked":"Guardian:Gem_Synthetic","floor":14},{"not_picked":["Guardian:RevengeProtocol","Double Tap","Guardian:GatlingBeam"],"picked":"Guardian:GemFinder","floor":16},{"not_picked":["Guardian:Gem_Fragmented","Guardian:Gem_Cyan"],"picked":"Guardian:Gem_Red","floor":18},{"not_picked":["Guardian:Gem_Green","Clothesline","Clash+1"],"picked":"Armaments+1","floor":18},{"not_picked":["Guardian:StasisField","Guardian:GatlingBeam","Corruption"],"picked":"Guardian:BaubleBeam","floor":23},{"not_picked":["Guardian:RevengeProtocol","Guardian:Gem_Orange","Guardian:StasisStrike"],"picked":"Limit Break","floor":25},{"not_picked":["Guardian:Gem_Cyan","Guardian:Gem_Fragmented"],"picked":"Guardian:Gem_Red","floor":27},{"not_picked":["Double Tap","Corruption","Guardian:Gem_Orange"],"picked":"Berserk","floor":27},{"not_picked":["Guardian:StasisField","Guardian:HyperBeam_Guardian","Immolate","Guardian:GemFinder"],"picked":"SKIP","floor":28},{"not_picked":["Guardian:Gem_Fragmented","Guardian:Gem_Cyan"],"picked":"Guardian:Gem_Red","floor":30},{"not_picked":["Exhume","Guardian:FastForward","Guardian:ConstructionForm"],"picked":"Guardian:BaubleBeam","floor":30},{"not_picked":["Guardian:GemFinder","Guardian:HyperBeam_Guardian","Corruption"],"picked":"Offering","floor":33},{"not_picked":["Dual Wield+1","Reckless Charge","Clothesline","Rampage+1"],"picked":"SKIP","floor":35},{"not_picked":["Guardian:Gem_Cyan","Guardian:Gem_Green"],"picked":"Guardian:Gem_Red","floor":36},{"not_picked":["Searing Blow+1","Guardian:Incinerate","Guardian:TemporalShield+1"],"picked":"Shrug It Off+1","floor":36},{"not_picked":["Guardian:Preprogram+1","Guardian:FuturePlans+1","Clash"],"picked":"Guardian:Gem_White","floor":39},{"not_picked":["Guardian:Gem_Fragmented","Guardian:Gem_Green"],"picked":"Guardian:Gem_Red","floor":40},{"not_picked":["Guardian:CompilePackage","Brutality","Guardian:SphericShield"],"picked":"Berserk","floor":40},{"not_picked":["Guardian:AncientConstruct","Guardian:GemFinder","Corruption"],"picked":"Berserk","floor":42},{"not_picked":["Guardian:Gem_Fragmented","Guardian:Gem_Green"],"picked":"Guardian:Gem_Red","floor":44},{"not_picked":["Guardian:BaubleBeam","Corruption","Exhume"],"picked":"Offering","floor":44},{"not_picked":["Guardian:Gem_Cyan","Guardian:Gem_Green"],"picked":"Guardian:Gem_Fragmented","floor":45},{"not_picked":["Corruption","Double Tap+1","Guardian:TimeSifter"],"picked":"Guardian:ExploitGems+1","floor":45},{"not_picked":["Exhume+1","Guardian:ConstructionForm","Fiend Fire"],"picked":"Guardian:CompilePackage+1","floor":47}],"player_experience":1129415,"relics_obtained":[{"floor":6,"key":"Bottled Flame"},{"floor":7,"key":"Old Coin"},{"floor":9,"key":"MealTicket"},{"floor":10,"key":"Bag of Marbles"},{"floor":11,"key":"Self Forming Clay"},{"floor":12,"key":"Meat on the Bone"},{"floor":14,"key":"StrikeDummy"},{"floor":21,"key":"Bronze Scales"},{"floor":23,"key":"Juzu Bracelet"},{"floor":23,"key":"Blood Vial"},{"floor":25,"key":"sneckomod:BlankCard"},{"floor":25,"key":"Eternal Feather"},{"floor":26,"key":"Charon\u0027s Ashes"},{"floor":27,"key":"Lizard Tail"},{"floor":27,"key":"Ice Cream"},{"floor":28,"key":"Ancient Tea Set"},{"floor":28,"key":"Bottled Lightning"},{"floor":30,"key":"HornCleat"},{"floor":30,"key":"MawBank"},{"floor":34,"key":"War Paint"},{"floor":34,"key":"Blue Candle"},{"floor":34,"key":"Guardian:GemstoneGun"},{"floor":39,"key":"Torii"},{"floor":40,"key":"Calipers"},{"floor":40,"key":"Vajra"},{"floor":42,"key":"Du-Vu Doll"},{"floor":42,"key":"Turnip"},{"floor":43,"key":"Omamori"},{"floor":43,"key":"Singing Bowl"},{"floor":44,"key":"Regal Pillow"},{"floor":44,"key":"Incense Burner"},{"floor":45,"key":"Toxic Egg 2"},{"floor":45,"key":"Pocketwatch"},{"floor":47,"key":"Red Skull"},{"floor":47,"key":"Letter Opener"}],"event_choices":[{"damage_healed":0,"gold_gain":1,"player_choice":"Relic Relic ","damage_taken":22,"max_hp_gain":0,"max_hp_loss":0,"event_name":"betterThird:BetterScrap","floor":3,"gold_loss":0,"cards_obtained":["LessonLearned"]},{"cards_removed":["Guardian:VentSteam"],"damage_healed":0,"gold_gain":0,"player_choice":"Card Removal","damage_taken":0,"max_hp_gain":0,"max_hp_loss":0,"event_name":"The Cleric","floor":4,"gold_loss":50},{"damage_healed":0,"gold_gain":0,"player_choice":"Donut","damage_taken":0,"max_hp_gain":5,"max_hp_loss":0,"event_name":"Big Fish","floor":5,"gold_loss":0},{"damage_healed":0,"gold_gain":75,"player_choice":"Touch","damage_taken":9,"max_hp_gain":0,"max_hp_loss":0,"event_name":"FaceTrader","floor":19,"gold_loss":0},{"damage_healed":0,"gold_gain":275,"player_choice":"Desecrate","damage_taken":0,"max_hp_gain":0,"max_hp_loss":0,"event_name":"Golden Shrine","floor":22,"gold_loss":0,"cards_obtained":["Regret"]},{"damage_healed":0,"gold_gain":99,"player_choice":"Steal","damage_taken":0,"max_hp_gain":0,"max_hp_loss":0,"event_name":"betterThird:BetterNest","floor":29,"gold_loss":0},{"cards_removed":["Guardian:Gem_Red"],"damage_healed":0,"gold_gain":0,"player_choice":"Removed Skill","damage_taken":0,"max_hp_gain":0,"max_hp_loss":0,"event_name":"Falling","floor":37,"gold_loss":0},{"damage_healed":0,"gold_gain":0,"player_choice":"Fight","damage_taken":0,"max_hp_gain":0,"max_hp_loss":0,"event_name":"Mysterious Sphere","floor":39,"gold_loss":0},{"damage_healed":0,"gold_gain":0,"player_choice":"Ignored","damage_taken":0,"max_hp_gain":0,"max_hp_loss":0,"event_name":"Tomb of Lord Red Mask","floor":41,"gold_loss":0}],"is_beta":false,"boss_relics":[{"not_picked":["Snecko Eye","SlaversCollar"],"picked":"Black Star"},{"not_picked":["Runic Pyramid","Velvet Choker"],"picked":"Calling Bell"}],"items_purged_floors":[38],"is_endless":false,"potions_floor_spawned":[2,6,11,18,23,28,30,36,40,42,47],"ascension_level":0}}