{"host":"k88fqnqg39joo1wf","time":1607653509,"event":{"mods":["Act Like it!","BaseMod","Colored Powertips","Highlight Path","Hubris","Infinite Spire","Mimic Mod","Minty Spire (QoL Compilation)","Pale of the Ancients","StSLib","Wandering Minibosses"],"gold_per_floor":[112,112,112,112,123,149,165,193,226,268,280,318,340,372,384,493,505,533,74,93,105,115,140,140,153,153,179,29,29,29,42,42,42,42],"floor_reached":33,"playtime":1252,"items_purged":[],"score":405,"play_id":"0f70534d-f10d-44c7-b011-ec79a4653376","local_time":"20201210202509","is_ascension_mode":true,"campfire_choices":[{"floor":11,"key":"REST"},{"data":"infinitespire:OneForAll","floor":15,"key":"SMITH"},{"data":"Fire Breathing","floor":32,"key":"SMITH"}],"circlet_count":0,"master_deck":["Strike_R","Strike_R","Strike_R","Strike_R","Strike_R","Defend_R","Defend_R","Defend_R","Defend_R","Bash","Immolate+1","Cleave","Headbutt","Wild Strike","Thunderclap","Feel No Pain","Thunderclap","Sever Soul","Cleave","infinitespire:OneForAll+1","Feed","Wild Strike+1","Dark Embrace","Fire Breathing+1","True Grit","Armaments","Pain","Havoc","Havoc+1","hubris:StunningStrike"],"relics":["Burning Blood","hubris:Towel","infinitespire:Satchel","MealTicket","MawBank","Toy Ornithopter","Bag of Preparation","PreservedInsect","Runic Cube","Matryoshka","Red Skull","hubris:TenFootPole","WarpedTongs","Bronze Scales","Blood Vial","Strawberry","HandDrill","FaceOfCleric"],"acts_visited":["Exordium","TheCity"],"potions_floor_usage":[27,27,33,33],"damage_taken":[{"damage":4,"enemies":"Jaw Worm","floor":1,"turns":3},{"damage":0,"enemies":"2 Louse","floor":5,"turns":1},{"damage":10,"enemies":"3 Sentries","floor":6,"turns":3},{"damage":0,"enemies":"Small Slimes","floor":7,"turns":1},{"damage":40,"enemies":"Lagavulin","floor":8,"turns":5},{"damage":11,"enemies":"Exordium Thugs","floor":9,"turns":5},{"damage":20,"enemies":"3 Sentries","floor":10,"turns":3},{"damage":31,"enemies":"Lagavulin","floor":12,"turns":5},{"damage":1,"enemies":"Exordium Thugs","floor":13,"turns":3},{"damage":0,"enemies":"Exordium Wildlife","floor":14,"turns":1},{"damage":6,"enemies":"Slime Boss","floor":16,"turns":6},{"damage":33,"enemies":"Spheric Guardian","floor":18,"turns":4},{"damage":24,"enemies":"Chosen","floor":20,"turns":4},{"damage":9,"enemies":"Centurion and Healer","floor":21,"turns":6},{"damage":22,"enemies":"3 Cultists","floor":22,"turns":4},{"damage":7,"enemies":"Slavers","floor":23,"turns":2},{"damage":26,"enemies":"Snake Plant","floor":25,"turns":3},{"damage":27,"enemies":"Gremlin Leader","floor":27,"turns":2},{"damage":20,"enemies":"Shelled Parasite and Fungi","floor":31,"turns":2},{"damage":74,"enemies":"Collector","floor":33,"turns":8}],"seed_played":"-5106767275225346588","potions_obtained":[{"floor":1,"key":"EssenceOfSteel"},{"floor":6,"key":"SpeedPotion"},{"floor":10,"key":"ColorlessPotion"},{"floor":27,"key":"SpeedPotion"}],"is_trial":false,"path_per_floor":["M","?","?","?","M","E","M","E","MIM","E","R","E","M","M","R","B",null,"M","$","M","M","M","E","?","M","T","E","$","?","?","M","R","B"],"character_chosen":"IRONCLAD","items_purchased":["Dark Embrace","Matryoshka","Red Skull","HandDrill"],"campfire_rested":1,"item_purchase_floors":[19,19,19,28],"current_hp_per_floor":[80,80,80,80,80,76,80,46,41,27,51,26,31,37,37,37,80,56,71,53,53,40,39,39,22,22,20,35,35,35,24,24,0,0],"gold":42,"neow_bonus":"THREE_RARE_CARDS","is_daily":false,"chose_seed":false,"campfire_upgraded":2,"win_rate":0.0,"timestamp":1607653509,"path_taken":["M","?","?","?","?","E","M","E","MIM","E","R","E","M","M","R","BOSS","M","$","M","M","M","E","?","?","T","E","?","?","?","M","R","BOSS"],"items_purchased_type":["Card","Relic","Relic","Relic"],"build_version":"2020-11-30","purchased_purges":0,"victory":false,"max_hp_per_floor":[80,80,80,80,80,80,80,80,80,80,80,80,80,80,80,80,80,83,83,83,86,89,89,89,92,92,99,99,99,99,100,100,100,100],"card_choices":[{"not_picked":["Juggernaut","Corruption"],"picked":"Immolate","floor":0},{"not_picked":["Thunderclap","True Grit"],"picked":"Cleave","floor":1},{"not_picked":["Warcry","Pommel Strike"],"picked":"Headbutt","floor":5},{"not_picked":["Shrug It Off","hubris:CleavingFinish"],"picked":"Wild Strike","floor":6},{"not_picked":["Warcry","Infernal Blade"],"picked":"Thunderclap","floor":7},{"not_picked":["Havoc","Entrench"],"picked":"Feel No Pain","floor":8},{"not_picked":["Heavy Blade","Warcry"],"picked":"Thunderclap","floor":9},{"not_picked":["Sentinel","Perfected Strike"],"picked":"Sever Soul","floor":10},{"not_picked":["Entrench","Body Slam","Sword Boomerang"],"picked":"SKIP","floor":12},{"not_picked":["Shrug It Off","Flex"],"picked":"Cleave","floor":13},{"not_picked":["Warcry","Pommel Strike"],"picked":"infinitespire:OneForAll","floor":14},{"not_picked":["hubris:StunningStrike","Berserk"],"picked":"Feed","floor":16},{"not_picked":["Rupture","Disarm"],"picked":"Wild Strike+1","floor":18},{"not_picked":["Bludgeon","Headbutt","Wild Strike"],"picked":"SKIP","floor":20},{"not_picked":["Impervious","Perfected Strike"],"picked":"Fire Breathing","floor":21},{"not_picked":["hubris:ReadiedAction","Clash+1"],"picked":"True Grit","floor":22},{"not_picked":["Hemokinesis","Entrench"],"picked":"Armaments","floor":23},{"not_picked":["Body Slam","Berserk"],"picked":"Havoc","floor":25},{"not_picked":["Clothesline+1","Warcry"],"picked":"Havoc+1","floor":27},{"not_picked":["Sword Boomerang","Body Slam"],"picked":"hubris:StunningStrike","floor":31}],"player_experience":179136,"relics_obtained":[{"floor":6,"key":"infinitespire:Satchel"},{"floor":8,"key":"MealTicket"},{"floor":9,"key":"MawBank"},{"floor":9,"key":"Toy Ornithopter"},{"floor":10,"key":"Bag of Preparation"},{"floor":12,"key":"PreservedInsect"},{"floor":23,"key":"hubris:TenFootPole"},{"floor":26,"key":"Bronze Scales"},{"floor":26,"key":"Blood Vial"},{"floor":27,"key":"Strawberry"}],"event_choices":[{"damage_healed":0,"gold_gain":0,"player_choice":"Upgraded","damage_taken":0,"max_hp_gain":0,"max_hp_loss":0,"event_name":"Upgrade Shrine","floor":4,"gold_loss":0,"cards_upgraded":["Immolate"]},{"damage_healed":0,"gold_gain":0,"player_choice":"Rummage","damage_taken":0,"relics_obtained":["WarpedTongs"],"max_hp_gain":0,"max_hp_loss":0,"event_name":"Accursed Blacksmith","floor":24,"gold_loss":0,"cards_obtained":["Pain"]},{"damage_healed":0,"gold_gain":0,"player_choice":"Trade","damage_taken":0,"relics_obtained":["FaceOfCleric"],"max_hp_gain":0,"max_hp_loss":0,"event_name":"FaceTrader","floor":30,"gold_loss":0}],"is_beta":false,"boss_relics":[{"not_picked":["hubris:Stopwatch","Cursed Key"],"picked":"Runic Cube"}],"items_purged_floors":[],"is_endless":false,"potions_floor_spawned":[1,6,10,13,16,21,23,27],"killed_by":"Collector","ascension_level":4}}