{"host":"r53pw7z744tg3fxg","time":1607703978,"event":{"mods":["AchievementEnabler","BaseMod","Colored Map","Colored Powertips","Highlight Path","Minty Spire (QoL Compilation)","Quick Restart","Transform Curses"],"gold_per_floor":[218,238,258,274,286,313,324,351,374,374,386,386,418,440,440,544,544,556,568,568,568,579,579,590,590,590,590,608,270,281,11,11,11,11],"floor_reached":33,"playtime":1887,"items_purged":[],"score":339,"play_id":"b2f14661-6e7f-4848-913f-8980b0fba7dd","local_time":"20201211092618","is_ascension_mode":true,"campfire_choices":[{"floor":12.0,"key":"REST"},{"floor":15.0,"key":"REST"},{"floor":23,"key":"REST"},{"floor":25,"key":"REST"},{"data":"Study","floor":27,"key":"SMITH"},{"floor":32,"key":"REST"}],"circlet_count":0,"master_deck":["Strike_P","Strike_P","Strike_P","Strike_P+1","Defend_P","Defend_P","Defend_P","Defend_P","Eruption+1","Vigilance","Sanctity","BowlingBash+1","ForeignInfluence","ClearTheMind","Study+1","SandsOfTime","Prostrate","Evaluate","FollowUp","FlurryOfBlows","Alpha","FollowUp","SashWhip+1","ReachHeaven","InnerPeace","CutThroughFate","PathToVictory","BattleHymn","Consecrate","DeceiveReality","LessonLearned","CarveReality"],"relics":["PureWater","Gremlin Horn","Vajra","Whetstone","Oddly Smooth Stone","Odd Mushroom","VioletLotus","Strawberry","Membership Card","Damaru","Orichalcum","Anchor","Toolbox"],"acts_visited":["Exordium","TheCity"],"potions_floor_usage":[22,22,30,33],"damage_taken":[{"damage":0.0,"enemies":"2 Louse","floor":1.0,"turns":2.0},{"damage":0.0,"enemies":"Jaw Worm","floor":2.0,"turns":6.0},{"damage":0.0,"enemies":"Small Slimes","floor":3.0,"turns":2.0},{"damage":1.0,"enemies":"Red Slaver","floor":4.0,"turns":2.0},{"damage":4.0,"enemies":"Large Slime","floor":5.0,"turns":4.0},{"damage":19.0,"enemies":"3 Sentries","floor":6.0,"turns":7.0},{"damage":2.0,"enemies":"2 Fungi Beasts","floor":7.0,"turns":3.0},{"damage":30.0,"enemies":"Gremlin Nob","floor":8.0,"turns":4.0},{"damage":1.0,"enemies":"Gremlin Gang","floor":11.0,"turns":3.0},{"damage":16.0,"enemies":"Lagavulin","floor":13.0,"turns":5.0},{"damage":0.0,"enemies":"The Mushroom Lair","floor":14.0,"turns":3.0},{"damage":12.0,"enemies":"Hexaghost","floor":16.0,"turns":9.0},{"damage":0.0,"enemies":"3 Byrds","floor":18.0,"turns":2.0},{"damage":26.0,"enemies":"Shell Parasite","floor":19.0,"turns":6.0},{"damage":0,"enemies":"Sentry and Sphere","floor":22,"turns":1},{"damage":25,"enemies":"Snecko","floor":24,"turns":6},{"damage":39,"enemies":"Centurion and Healer","floor":28,"turns":6},{"damage":4,"enemies":"Cultist and Chosen","floor":30,"turns":5},{"damage":71,"enemies":"Champ","floor":33,"turns":9}],"seed_played":"7233821714660358957","potions_obtained":[{"floor":1.0,"key":"SkillPotion"},{"floor":2.0,"key":"AttackPotion"},{"floor":7.0,"key":"FairyPotion"},{"floor":8.0,"key":"Dexterity Potion"},{"floor":11.0,"key":"Strength Potion"},{"floor":14.0,"key":"LiquidMemories"},{"floor":18.0,"key":"ColorlessPotion"},{"floor":19.0,"key":"ColorlessPotion"},{"floor":22,"key":"Explosive Potion"},{"floor":30,"key":"Explosive Potion"}],"is_trial":false,"path_per_floor":["M","M","M","M","M","E","M","E","T","?","M","R","E","?","R","B",null,"M","M","?","?","M","R","M","R","T","R","M","$","M","$","R","B"],"character_chosen":"WATCHER","items_purchased":["Membership Card","Damaru","Orichalcum","BattleHymn","Consecrate","LessonLearned","Anchor","Toolbox","CarveReality"],"campfire_rested":5,"item_purchase_floors":[29,29,29,29,29,31,31,31,31],"current_hp_per_floor":[72,72,72,71,67,48,46,16,16,16,15,36,20,20,41,29,61,61,35,35,35,35,56,31,52,59,59,20,20,16,16,39,0,0],"gold":11,"neow_bonus":"HUNDRED_GOLD","is_daily":false,"chose_seed":false,"campfire_upgraded":1,"win_rate":0.0,"timestamp":1607703978,"path_taken":["M","M","M","M","M","E","M","E","T","?","M","R","E","?","R","BOSS","M","M","?","?","M","R","M","R","T","R","?","?","M","$","R","BOSS"],"items_purchased_type":["Relic","Relic","Relic","Card","Card","Card","Relic","Relic","Card"],"build_version":"2020-11-30","purchased_purges":0,"victory":false,"max_hp_per_floor":[72,72,72,72,72,72,72,72,72,72,72,72,72,72,72,72,72,72,72,72,72,72,72,72,72,79,79,79,79,79,79,79,79,79],"card_choices":[{"not_picked":["Pray","CrushJoints"],"picked":"Sanctity","floor":1.0},{"not_picked":["WreathOfFlame","PathToVictory"],"picked":"BowlingBash","floor":2.0},{"not_picked":["SashWhip","WheelKick"],"picked":"ForeignInfluence","floor":3.0},{"not_picked":["Halt","MentalFortress"],"picked":"ClearTheMind","floor":4.0},{"not_picked":["LikeWater","WaveOfTheHand"],"picked":"Study","floor":5.0},{"not_picked":["BowlingBash","MentalFortress"],"picked":"SandsOfTime","floor":6.0},{"not_picked":["TalkToTheHand","SashWhip"],"picked":"Prostrate","floor":7.0},{"not_picked":["Vault","ClearTheMind"],"picked":"Evaluate","floor":8.0},{"not_picked":["Adaptation","ClearTheMind","JustLucky"],"picked":"SKIP","floor":11.0},{"not_picked":["Protect","Study"],"picked":"FollowUp","floor":13.0},{"not_picked":["EmptyBody","FollowUp"],"picked":"FlurryOfBlows","floor":14.0},{"not_picked":["Brilliance","Omniscience"],"picked":"Alpha","floor":16.0},{"not_picked":["Worship","Adaptation"],"picked":"FollowUp","floor":18.0},{"not_picked":["Evaluate+1","FlurryOfBlows+1"],"picked":"SashWhip+1","floor":19.0},{"not_picked":["Perseverance","Halt"],"picked":"InnerPeace","floor":22},{"not_picked":["ReachHeaven","Pray+1"],"picked":"CutThroughFate","floor":24},{"not_picked":["Prostrate","Swivel"],"picked":"PathToVictory","floor":28},{"not_picked":["ClearTheMind","ThirdEye"],"picked":"DeceiveReality","floor":30}],"player_experience":1091752,"relics_obtained":[{"floor":6.0,"key":"Gremlin Horn"},{"floor":8.0,"key":"Vajra"},{"floor":9.0,"key":"Whetstone"},{"floor":13.0,"key":"Oddly Smooth Stone"},{"floor":14.0,"key":"Odd Mushroom"},{"floor":26,"key":"Strawberry"}],"event_choices":[{"damage_healed":0.0,"max_hp_gain":0.0,"max_hp_loss":0.0,"gold_gain":0.0,"event_name":"Shining Light","player_choice":"Ignored","floor":10.0,"gold_loss":0.0,"damage_taken":0.0},{"damage_healed":0.0,"max_hp_gain":0.0,"max_hp_loss":0.0,"gold_gain":0.0,"event_name":"Mushrooms","player_choice":"Fought Mushrooms","floor":14.0,"gold_loss":0.0,"damage_taken":0.0},{"damage_healed":0.0,"max_hp_gain":0.0,"max_hp_loss":0.0,"gold_gain":0.0,"event_name":"The Library","player_choice":"Read","floor":20.0,"gold_loss":0.0,"damage_taken":0.0,"cards_obtained":["ReachHeaven"]},{"damage_healed":0.0,"max_hp_gain":0.0,"max_hp_loss":0.0,"gold_gain":0.0,"event_name":"Upgrade Shrine","player_choice":"Upgraded","floor":21.0,"gold_loss":0.0,"damage_taken":0.0,"cards_upgraded":["Eruption"]}],"is_beta":false,"boss_relics":[{"not_picked":["HolyWater","Velvet Choker"],"picked":"VioletLotus"}],"items_purged_floors":[],"is_endless":false,"potions_floor_spawned":[1,2,7,8,11,14,18,19,22,30],"killed_by":"Champ","ascension_level":5}}