{"host":"jksa5rawk3m4gilz","time":1607707051,"event":{"mods":["BaseMod","Colored Map","Highlight Path","Minty Spire (QoL Compilation)","Quick Restart"],"gold_per_floor":[14,32,32,48,71,71,84,84,84],"floor_reached":8,"playtime":1911,"items_purged":[],"score":78,"play_id":"c3db9595-9818-4cdc-9b03-3844ec0c177b","local_time":"20201211181731","is_ascension_mode":true,"campfire_choices":[{"data":"EmptyFist","floor":6,"key":"SMITH"}],"circlet_count":0,"master_deck":["AscendersBane","Strike_P","Strike_P","Strike_P","Strike_P","Defend_P","Defend_P","Defend_P","Defend_P","Eruption","Vigilance","SpiritShield","EmptyFist+1","FlurryOfBlows","Prostrate","Wireheading","JustLucky"],"relics":["PureWater","Golden Idol"],"acts_visited":["Exordium"],"potions_floor_usage":[],"damage_taken":[{"damage":0,"enemies":"Small Slimes","floor":1,"turns":4},{"damage":0,"enemies":"Jaw Worm","floor":2,"turns":3},{"damage":0,"enemies":"2 Louse","floor":4,"turns":2},{"damage":1,"enemies":"Large Slime","floor":5,"turns":5},{"damage":14,"enemies":"Red Slaver","floor":7,"turns":2},{"damage":53,"enemies":"Gremlin Nob","floor":8,"turns":4}],"seed_played":"-3370692497861480519","potions_obtained":[{"floor":4,"key":"CultistPotion"},{"floor":7,"key":"Fire Potion"}],"is_trial":false,"path_per_floor":["M","M","?","M","M","R","M","E"],"character_chosen":"WATCHER","items_purchased":[],"campfire_rested":0,"item_purchase_floors":[],"current_hp_per_floor":[65,65,47,47,46,46,32,0,0],"gold":84,"neow_bonus":"THREE_RARE_CARDS","is_daily":false,"chose_seed":false,"campfire_upgraded":1,"win_rate":0.0,"timestamp":1607707051,"path_taken":["M","M","?","M","M","R","M","E"],"items_purchased_type":[],"build_version":"2020-11-30","purchased_purges":0,"victory":false,"max_hp_per_floor":[72,72,72,72,72,72,72,72,72],"card_choices":[{"not_picked":["DeusExMachina","Wish"],"picked":"SpiritShield","floor":0},{"not_picked":["JustLucky","InnerPeace"],"picked":"EmptyFist","floor":1},{"not_picked":["ClearTheMind","BowlingBash"],"picked":"FlurryOfBlows","floor":2},{"not_picked":["WindmillStrike","Protect"],"picked":"Prostrate","floor":4},{"not_picked":["CrushJoints","Indignation"],"picked":"Wireheading","floor":5},{"not_picked":["FollowUp","CrushJoints"],"picked":"JustLucky","floor":7}],"player_experience":2017408,"relics_obtained":[],"event_choices":[{"damage_healed":0,"gold_gain":0,"player_choice":"Take Damage","damage_taken":18,"relics_obtained":["Golden Idol"],"max_hp_gain":0,"max_hp_loss":0,"event_name":"Golden Idol","floor":3,"gold_loss":0}],"is_beta":false,"boss_relics":[],"items_purged_floors":[],"is_endless":false,"potions_floor_spawned":[4,7],"killed_by":"Gremlin Nob","ascension_level":11}}