{"host":"6z6y4ky8uzsz1dpj","time":1607690330,"event":{"mods":["2.2 Compatiblity","BaseMod","BetterRewards","Challenge The Spire","Colored Map","Hubris","Minty Spire (QoL Compilation)","Quick Restart","Replay The Spire","StSLib","The Construct","The Cursed","The Hierophant","The Necromancer","The Poker Player","The Servant 0.9.4"],"gold_per_floor":[111,121,121,74,90,117,117,132,209,209,209,209,239,251,251,356,356,367,367,209,229,229,229,229,229],"floor_reached":24,"playtime":1197,"items_purged":[],"score":204,"play_id":"f522614f-dbda-4184-907a-8cd79d0668ab","local_time":"20201211073850","is_ascension_mode":false,"campfire_choices":[{"data":"construct:Autoturret","floor":7,"key":"SMITH"},{"data":"construct:Autoturret","floor":11,"key":"SMITH"},{"data":"construct:GuardCore","floor":15,"key":"SMITH"},{"data":"construct:GuardCore","floor":23,"key":"SMITH"}],"circlet_count":0,"master_deck":["construct:Strike_Gold","construct:Strike_Gold","construct:Strike_Gold","construct:Strike_Gold","construct:Defend_Gold","construct:Defend_Gold","construct:Defend_Gold","construct:Defend_Gold","construct:AttackMode","construct:DefenseMode","construct:Autoturret+1","construct:GuardCore+1","construct:GuardCore+1","construct:Analyze","construct:Autoturret+1","construct:ScopeCore","construct:ReactiveShield","construct:Backup","construct:ForceCore+1","construct:Bunker","construct:Accumulate+1","construct:BatteryCore+1","construct:Synchronize"],"relics":["construct:Cogwheel","Torii","hubris:Towel","Bag of Preparation","hubris:Backtick","Toxic Egg 2","Enchiridion"],"acts_visited":["Exordium","TheCity"],"potions_floor_usage":[13,14,16,24],"damage_taken":[{"damage":1,"enemies":"Jaw Worm","floor":1,"turns":4},{"damage":1,"enemies":"Cultist","floor":2,"turns":4},{"damage":0,"enemies":"Small Slimes","floor":5,"turns":6},{"damage":25,"enemies":"Replay:BlueRogue","floor":6,"turns":14},{"damage":2,"enemies":"Blue Slaver","floor":8,"turns":6},{"damage":9,"enemies":"Lagavulin","floor":13,"turns":6},{"damage":3,"enemies":"3 Louse","floor":14,"turns":4},{"damage":25,"enemies":"The Guardian","floor":16,"turns":8},{"damage":9,"enemies":"Shell Parasite","floor":18,"turns":7},{"damage":8,"enemies":"Spheric Guardian","floor":21,"turns":3},{"damage":55,"enemies":"Slavers","floor":24,"turns":3}],"seed_played":"-3668322161246627934","potions_obtained":[{"floor":5,"key":"Dexterity Potion"},{"floor":6,"key":"construct:MegaPotion"},{"floor":13,"key":"Swift Potion"},{"floor":16,"key":"Dexterity Potion"},{"floor":18,"key":"Toxic Potion"},{"floor":21,"key":"LiquidBronze"}],"is_trial":false,"path_per_floor":["M","M","?","$","M","E","R","M","T","?","R","?","E","M","R","B",null,"M","?","$","M","?","R","E"],"character_chosen":"THE_CONSTRUCT_MOD","items_purchased":["construct:Autoturret","construct:GuardCore","construct:Autoturret","construct:BatteryCore+1"],"campfire_rested":0,"item_purchase_floors":[0,0,4,20],"current_hp_per_floor":[84,83,83,83,83,58,58,56,56,56,56,56,47,44,44,19,85,76,60,60,52,52,52,0,0],"gold":229,"neow_bonus":"","is_daily":false,"chose_seed":false,"campfire_upgraded":4,"win_rate":0.0,"timestamp":1607690330,"path_taken":["M","M","?","$","M","E","R","?","T","?","R","?","E","M","R","BOSS","M","?","$","M","?","R","E"],"items_purchased_type":["Card","Card","Card","Undefined"],"build_version":"2020-11-30","purchased_purges":0,"victory":false,"max_hp_per_floor":[85,85,85,85,85,85,85,85,85,85,85,85,85,85,85,85,85,85,85,85,85,85,85,85,85],"card_choices":[{"not_picked":["construct:FlakBarrage","construct:Versatility"],"picked":"construct:Analyze","floor":1},{"not_picked":["construct:QuickAttack","construct:SweepLaser","construct:SuppressiveFire"],"picked":"SKIP","floor":2},{"not_picked":["construct:PowerUp","construct:OneWayMirror"],"picked":"construct:ScopeCore","floor":5},{"not_picked":["construct:PanicFire","construct:Dampening"],"picked":"construct:ReactiveShield","floor":6},{"not_picked":["construct:SaveState","construct:Backfire"],"picked":"construct:Backup","floor":8},{"not_picked":["construct:Reinforce","construct:Hazardproof","construct:Chainstrike"],"picked":"SKIP","floor":13},{"not_picked":["construct:Hazardproof","construct:Boost","construct:SaveState"],"picked":"SKIP","floor":14},{"not_picked":["construct:MemoryTap","construct:Multistage"],"picked":"construct:Bunker","floor":16},{"not_picked":["construct:FocusedBeam","construct:Boost+1"],"picked":"construct:Accumulate+1","floor":18},{"not_picked":["construct:Boost","construct:Backfire"],"picked":"construct:Synchronize","floor":21}],"player_experience":169990,"relics_obtained":[{"floor":13,"key":"Bag of Preparation"},{"floor":19,"key":"Enchiridion"}],"event_choices":[{"cards_removed":["construct:Strike_Gold"],"damage_healed":0,"gold_gain":0,"player_choice":"Purged","damage_taken":0,"max_hp_gain":0,"max_hp_loss":0,"event_name":"Purifier","floor":3,"gold_loss":0},{"damage_healed":0,"gold_gain":0,"player_choice":"Obtained Book","damage_taken":16,"max_hp_gain":0,"max_hp_loss":0,"event_name":"Cursed Tome","floor":19,"gold_loss":0}],"is_beta":false,"boss_relics":[{"not_picked":["hubris:GrandSneckoEye","Philosopher\u0027s Stone"],"picked":"hubris:Backtick"}],"items_purged_floors":[],"is_endless":false,"potions_floor_spawned":[5,6,13,16,18,21],"killed_by":"Slavers","ascension_level":0}}