{"host":"1hv1kueuvc4r3rdp","time":1607646779,"event":{"mods":["AchievementEnabler","BaseMod","DeckTracker","Highlight Path","Minty Spire (QoL Compilation)","Permanent Neow","StSLib"],"gold_per_floor":[99,99,99,99,99,99,99,99,99,99,99,99,99,99,99,99,99,99,99,99,99,99],"floor_reached":21,"playtime":1514,"items_purged":[],"score":322,"play_id":"f97ecda6-3336-4db0-918b-400dfe55b467","local_time":"20201210183259","is_ascension_mode":true,"campfire_choices":[{"data":"CarveReality","floor":6,"key":"SMITH"},{"data":"Conclude","floor":10,"key":"SMITH"},{"data":"Vigilance","floor":15,"key":"SMITH"}],"circlet_count":0,"master_deck":["AscendersBane","Strike_P","Strike_P","Strike_P","Strike_P","Defend_P","Defend_P","Defend_P","Eruption+1","Vigilance+1","CarveReality+1","Conclude+1","Adaptation+1","MasterReality+1","CurseOfTheBell","Wallop","ReachHeaven"],"relics":["Ectoplasm","Calipers","Frozen Egg 2","CeramicFish","Calling Bell","Nunchaku","InkBottle","Ginger"],"acts_visited":["Exordium","TheCity"],"potions_floor_usage":[4,20],"damage_taken":[{"damage":2,"enemies":"Cultist","floor":1,"turns":3},{"damage":0,"enemies":"Jaw Worm","floor":2,"turns":2},{"damage":2,"enemies":"Small Slimes","floor":3,"turns":2},{"damage":0,"enemies":"Gremlin Gang","floor":4,"turns":3},{"damage":0,"enemies":"Blue Slaver","floor":7,"turns":2},{"damage":7,"enemies":"Lagavulin","floor":8,"turns":5},{"damage":2,"enemies":"3 Sentries","floor":12,"turns":4},{"damage":13,"enemies":"Exordium Wildlife","floor":13,"turns":2},{"damage":0,"enemies":"Lots of Slimes","floor":14,"turns":1},{"damage":38,"enemies":"The Guardian","floor":16,"turns":11},{"damage":7,"enemies":"Chosen","floor":18,"turns":3},{"damage":37,"enemies":"3 Byrds","floor":19,"turns":4},{"damage":0,"enemies":"Centurion and Healer","floor":20,"turns":2},{"damage":15,"enemies":"Shelled Parasite and Fungi","floor":21,"turns":3}],"seed_played":"486836996871942563","potions_obtained":[{"floor":1,"key":"AttackPotion"},{"floor":2,"key":"Energy Potion"},{"floor":16,"key":"LiquidMemories"}],"is_trial":false,"path_per_floor":["M","M","M","M","?","R","M","E","T","R","?","E","M","M","R","B",null,"M","M","M","M"],"character_chosen":"WATCHER","items_purchased":[],"campfire_rested":0,"item_purchase_floors":[],"current_hp_per_floor":[63,63,61,61,61,61,61,54,54,54,54,52,39,39,39,1,54,47,10,10,0,0],"gold":99,"neow_bonus":"BOSS_RELIC","is_daily":false,"chose_seed":false,"campfire_upgraded":3,"win_rate":0.0,"timestamp":1607646779,"path_taken":["M","M","?","M","?","R","?","E","T","R","?","E","?","M","R","BOSS","M","M","M","M"],"items_purchased_type":[],"build_version":"2020-11-30","purchased_purges":0,"victory":false,"max_hp_per_floor":[72,72,72,72,72,72,72,72,72,72,72,72,72,72,72,72,72,72,72,72,72,72],"card_choices":[{"not_picked":["Worship","PathToVictory","Study"],"picked":"SKIP","floor":1},{"not_picked":["FlurryOfBlows","Prostrate","ForeignInfluence"],"picked":"SKIP","floor":2},{"not_picked":["EmptyBody","JustLucky"],"picked":"CarveReality","floor":3},{"not_picked":["Nirvana","CutThroughFate","Indignation"],"picked":"SKIP","floor":4},{"not_picked":["EmptyMind","EmptyBody","Omniscience"],"picked":"SKIP","floor":7},{"not_picked":["EmptyFist","WreathOfFlame"],"picked":"Conclude","floor":8},{"not_picked":["PathToVictory","Evaluate","SashWhip"],"picked":"SKIP","floor":12},{"not_picked":["FollowUp","Crescendo"],"picked":"Adaptation+1","floor":13},{"not_picked":["JustLucky","Collect","WaveOfTheHand"],"picked":"SKIP","floor":14},{"not_picked":["Ragnarok","Omniscience"],"picked":"MasterReality+1","floor":16},{"not_picked":["LikeWater+1","Crescendo"],"picked":"Wallop","floor":18},{"not_picked":["SashWhip","FollowUp","CarveReality"],"picked":"SKIP","floor":19},{"not_picked":["PathToVictory","Evaluate"],"picked":"ReachHeaven","floor":20}],"player_experience":950650,"relics_obtained":[{"floor":8,"key":"Calipers"},{"floor":9,"key":"Frozen Egg 2"},{"floor":12,"key":"CeramicFish"},{"floor":17,"key":"Nunchaku"},{"floor":17,"key":"InkBottle"},{"floor":17,"key":"Ginger"}],"event_choices":[{"cards_removed":["Defend_P"],"damage_healed":0,"gold_gain":0,"player_choice":"Purged","damage_taken":0,"max_hp_gain":0,"max_hp_loss":0,"event_name":"Purifier","floor":5,"gold_loss":0},{"damage_healed":0,"gold_gain":0,"player_choice":"Forge","damage_taken":0,"max_hp_gain":0,"max_hp_loss":0,"event_name":"Accursed Blacksmith","floor":11,"gold_loss":0,"cards_upgraded":["Eruption"]}],"is_beta":false,"boss_relics":[{"not_picked":["Velvet Choker","Runic Dome"],"picked":"Calling Bell"}],"items_purged_floors":[],"is_endless":false,"potions_floor_spawned":[1,2,3,16,19],"killed_by":"Shelled Parasite and Fungi","ascension_level":13}}