{"host":"j61pjxqytd94o6ng","time":1607666106,"event":{"mods":["BaseMod","Colored Map","Colored Powertips","Minty Spire (QoL Compilation)","StSLib"],"gold_per_floor":[111,128,128,78,98,123,123,184,184,184,196,196,215,13,13,114,114,134,134,149,160,175,175,185,205,228,257,257,257,171,191,191,290,290,303,318,331,341,181,181,206,206,259,259,309,334,388,401,401,401],"floor_reached":51,"playtime":3108,"items_purged":["Strike_G","Defend_G"],"score":1191,"play_id":"970e9616-d4a1-48fa-b3e5-429c36b8a585","local_time":"20201210225506","is_ascension_mode":true,"campfire_choices":[{"data":"Envenom","floor":7.0,"key":"SMITH"},{"data":"Accuracy","floor":10.0,"key":"SMITH"},{"data":"Accuracy","floor":15.0,"key":"SMITH"},{"data":"Blade Dance","floor":23.0,"key":"SMITH"},{"data":"Accuracy","floor":29.0,"key":"SMITH"},{"data":"Neutralize","floor":32.0,"key":"SMITH"},{"data":"Apotheosis","floor":40,"key":"SMITH"},{"data":"Envenom","floor":42,"key":"SMITH"},{"floor":49,"key":"REST"}],"circlet_count":0,"master_deck":["AscendersBane","Defend_G","Defend_G","Defend_G","Survivor","Neutralize+1","Dash+1","Expertise+1","Cloak And Dagger+1","Cloak And Dagger+1","Dash","Envenom+1","Accuracy+1","Blade Dance+1","Accuracy+1","After Image","Dash","Infinite Blades+1","Accuracy+1","Infinite Blades","Envenom+1","Apotheosis+1","Blade Dance+1","Finisher","Madness","Madness","Outmaneuver+1"],"relics":["Astrolabe","Shuriken","Torii","Art of War","StoneCalendar","Vajra","Membership Card","Busted Crown","PreservedInsect","Meat on the Bone","Sozu","DollysMirror","Lizard Tail","Toy Ornithopter","TungstenRod","Lantern","CaptainsWheel"],"acts_visited":["Exordium","TheCity","TheBeyond"],"potions_floor_usage":[50],"damage_taken":[{"damage":0.0,"enemies":"Small Slimes","floor":1.0,"turns":4.0},{"damage":0.0,"enemies":"2 Louse","floor":2.0,"turns":4.0},{"damage":0.0,"enemies":"Cultist","floor":5.0,"turns":3.0},{"damage":9.0,"enemies":"3 Sentries","floor":6.0,"turns":10.0},{"damage":1.0,"enemies":"3 Sentries","floor":8.0,"turns":8.0},{"damage":0.0,"enemies":"Blue Slaver","floor":11.0,"turns":4.0},{"damage":7.0,"enemies":"Exordium Thugs","floor":13.0,"turns":5.0},{"damage":1.0,"enemies":"The Guardian","floor":16.0,"turns":10.0},{"damage":0.0,"enemies":"3 Byrds","floor":18.0,"turns":5.0},{"damage":0.0,"enemies":"Shell Parasite","floor":20.0,"turns":5.0},{"damage":1.0,"enemies":"Shelled Parasite and Fungi","floor":21.0,"turns":5.0},{"damage":0.0,"enemies":"3 Cultists","floor":22.0,"turns":5.0},{"damage":9.0,"enemies":"Snecko","floor":24.0,"turns":4.0},{"damage":0.0,"enemies":"Shelled Parasite and Fungi","floor":25.0,"turns":4.0},{"damage":0.0,"enemies":"Gremlin Leader","floor":27.0,"turns":4.0},{"damage":12.0,"enemies":"Cultist and Chosen","floor":31.0,"turns":3.0},{"damage":1.0,"enemies":"Collector","floor":33.0,"turns":6.0},{"damage":6.0,"enemies":"Orb Walker","floor":35.0,"turns":3.0},{"damage":21.0,"enemies":"3 Darklings","floor":36.0,"turns":4.0},{"damage":0.0,"enemies":"Maw","floor":37.0,"turns":4.0},{"damage":7,"enemies":"4 Shapes","floor":38,"turns":7},{"damage":0,"enemies":"Giant Head","floor":41,"turns":4},{"damage":0,"enemies":"Mind Bloom Boss Battle","floor":45,"turns":3},{"damage":21,"enemies":"Nemesis","floor":46,"turns":3},{"damage":15,"enemies":"2 Orb Walkers","floor":47,"turns":4},{"damage":5,"enemies":"Writhing Mass","floor":48,"turns":5},{"damage":40,"enemies":"Awakened One","floor":50,"turns":11}],"seed_played":"-6109037940097134240","potions_obtained":[{"floor":5.0,"key":"Weak Potion"},{"floor":11.0,"key":"EssenceOfSteel"},{"floor":18.0,"key":"GhostInAJar"},{"floor":24.0,"key":"AttackPotion"},{"floor":33.0,"key":"Regen Potion"}],"is_trial":false,"path_per_floor":["M","M","?","?","M","E","R","?","T","R","M","T","M","$","R","B",null,"M","?","M","M","M","R","M","M","T","E","?","R","$","M","R","B",null,"M","M","M","M","$","R","E","R","T","?","?","E","?","M","R","B",null],"character_chosen":"THE_SILENT","items_purchased":["Membership Card","Accuracy","Infinite Blades","Apotheosis","DollysMirror"],"campfire_rested":1,"item_purchase_floors":[14,14,30,39,39],"current_hp_per_floor":[63,63,60,60,60,51,51,50,50,50,50,50,43,43,43,42,63,63,63,63,62,62,62,53,53,53,53,53,53,53,41,41,40,63,57,48,48,41,41,41,41,41,41,32,44,35,32,39,60,37],"gold":401,"neow_bonus":"BOSS_RELIC","is_daily":false,"chose_seed":false,"campfire_upgraded":8,"win_rate":0.0,"timestamp":1607666106,"path_taken":["M","M","?","?","M","E","R","?","T","R","M","?","M","$","R","BOSS","M","?","M","M","M","R","M","?","T","E","?","R","?","M","R","BOSS","M","M","M","M","$","R","E","R","T","?","?","E","?","?","R","BOSS"],"items_purchased_type":["Relic","Card","Card","Card","Relic"],"build_version":"2020-11-30","purchased_purges":2,"victory":true,"max_hp_per_floor":[70,70,70,70,70,70,70,70,70,70,70,70,70,70,70,70,70,70,70,70,70,70,70,70,70,70,70,70,70,70,70,70,70,70,70,70,70,70,70,70,70,70,70,70,70,70,70,70,70,70],"card_choices":[{"not_picked":["Dagger Throw","Dagger Spray"],"picked":"Cloak And Dagger","floor":1.0},{"not_picked":["Deflect","Backstab"],"picked":"Dash","floor":2.0},{"not_picked":["Cloak And Dagger","Poisoned Stab"],"picked":"Envenom","floor":5.0},{"not_picked":["Outmaneuver","Underhanded Strike","Dagger Throw"],"picked":"SKIP","floor":6.0},{"not_picked":["Eviscerate","Underhanded Strike"],"picked":"Accuracy","floor":8.0},{"not_picked":["Dagger Throw","Escape Plan","Dodge and Roll"],"picked":"SKIP","floor":11.0},{"not_picked":["Bullet Time","Prepared"],"picked":"Blade Dance","floor":13.0},{"not_picked":["Grand Finale","Phantasmal Killer"],"picked":"After Image","floor":16.0},{"not_picked":["Backstab"],"picked":"SKIP","floor":18.0},{"not_picked":[],"picked":"Dash","floor":20.0},{"not_picked":[],"picked":"Infinite Blades+1","floor":21.0},{"not_picked":["Backflip"],"picked":"SKIP","floor":22.0},{"not_picked":[],"picked":"Accuracy","floor":24.0},{"not_picked":["Slice"],"picked":"SKIP","floor":25.0},{"not_picked":["Dash"],"picked":"SKIP","floor":27.0},{"not_picked":["PiercingWail"],"picked":"SKIP","floor":31.0},{"not_picked":[],"picked":"Envenom","floor":33.0},{"not_picked":["Quick Slash"],"picked":"SKIP","floor":35.0},{"not_picked":["Riddle With Holes+1"],"picked":"SKIP","floor":36.0},{"not_picked":["Backflip"],"picked":"SKIP","floor":37.0},{"not_picked":["Slice"],"picked":"SKIP","floor":38},{"not_picked":[],"picked":"Finisher","floor":41},{"not_picked":[],"picked":"Outmaneuver+1","floor":46},{"not_picked":["Underhanded Strike+1"],"picked":"SKIP","floor":48}],"player_experience":433360,"relics_obtained":[{"floor":6.0,"key":"Torii"},{"floor":8.0,"key":"Art of War"},{"floor":9.0,"key":"StoneCalendar"},{"floor":12.0,"key":"Vajra"},{"floor":26.0,"key":"PreservedInsect"},{"floor":27.0,"key":"Meat on the Bone"},{"floor":41,"key":"Lizard Tail"},{"floor":43,"key":"Toy Ornithopter"},{"floor":45,"key":"TungstenRod"},{"floor":46,"key":"Lantern"},{"floor":47,"key":"CaptainsWheel"}],"event_choices":[{"damage_healed":0.0,"max_hp_gain":0.0,"max_hp_loss":0.0,"gold_gain":0.0,"event_name":"Scrap Ooze","player_choice":"Success","floor":3.0,"gold_loss":0.0,"damage_taken":3.0,"relics_obtained":["Shuriken"]},{"cards_removed":["Strike_G"],"damage_healed":0.0,"max_hp_gain":0.0,"max_hp_loss":0.0,"gold_gain":0.0,"event_name":"The Cleric","player_choice":"Card Removal","floor":4.0,"gold_loss":50.0,"damage_taken":0.0},{"damage_healed":0.0,"max_hp_gain":0.0,"max_hp_loss":0.0,"gold_gain":0.0,"event_name":"Dead Adventurer","player_choice":"Searched \u00272\u0027 times","floor":8.0,"gold_loss":0.0,"damage_taken":0.0},{"damage_healed":0.0,"max_hp_gain":0.0,"max_hp_loss":0.0,"gold_gain":0.0,"event_name":"Upgrade Shrine","player_choice":"Upgraded","floor":19.0,"gold_loss":0.0,"damage_taken":0.0,"cards_upgraded":["Cloak And Dagger"]},{"cards_removed":["Strike_G"],"damage_healed":0.0,"max_hp_gain":0.0,"max_hp_loss":0.0,"gold_gain":0.0,"event_name":"Purifier","player_choice":"Purged","floor":28.0,"gold_loss":0.0,"damage_taken":0.0},{"damage_healed":0,"gold_gain":0,"player_choice":"Embrace Madness","damage_taken":9,"max_hp_gain":0,"max_hp_loss":0,"event_name":"Winding Halls","floor":44,"gold_loss":0,"cards_obtained":["Madness","Madness"]},{"damage_healed":0,"gold_gain":0,"player_choice":"Fight","damage_taken":0,"max_hp_gain":0,"max_hp_loss":0,"event_name":"MindBloom","floor":45,"gold_loss":0},{"damage_healed":0,"gold_gain":0,"player_choice":"Fight","damage_taken":0,"max_hp_gain":0,"max_hp_loss":0,"event_name":"Mysterious Sphere","floor":47,"gold_loss":0}],"is_beta":false,"boss_relics":[{"not_picked":["Coffee Dripper","Black Star"],"picked":"Busted Crown"},{"not_picked":["Runic Dome","Tiny House"],"picked":"Sozu"}],"items_purged_floors":[14,30],"is_endless":false,"potions_floor_spawned":[5,11,13,18,24,25,33,35,37,38,47,48],"ascension_level":12}}