{"host":"og6lam4kt3nibbw0","time":1607723430,"event":{"mods":["AchievementEnabler","BaseMod","Colored Map","DeckTracker","Highlight Path","Keyboard Shortcuts","Minty Spire (QoL Compilation)","Permanent Neow","Quick Restart","StSLib","SuperFastMode"],"gold_per_floor":[10,21,41,41,51,51,51,51,74,74,91,91,109,141,141,215,215,187,187,62,77,77,77,77],"floor_reached":23,"playtime":1513,"items_purged":["Malaise"],"score":382,"play_id":"dd528b92-2a32-4d9c-a7da-ecec09f2b541","local_time":"20201212065030","is_ascension_mode":true,"campfire_choices":[{"floor":6.0,"key":"DIG"},{"floor":8.0,"key":"DIG"},{"floor":10.0,"key":"DIG"},{"floor":12.0,"key":"REST"},{"floor":15.0,"key":"REST"}],"circlet_count":0,"master_deck":["AscendersBane","Survivor","Neutralize","Deadly Poison","Catalyst","Noxious Fumes","Quick Slash","Venomology","Prepared","Adrenaline","Blur","Night Terror","Well Laid Plans","Dagger Throw","PiercingWail","Leg Sweep","Outmaneuver","Deadly Poison","Noxious Fumes"],"relics":["Ring of the Snake","Shovel","PreservedInsect","Gambling Chip","Blood Vial","Nunchaku","Bottled Flame","Centennial Puzzle","Pandora\u0027s Box"],"acts_visited":["Exordium","TheCity"],"potions_floor_usage":[],"damage_taken":[{"damage":8.0,"enemies":"Small Slimes","floor":1.0,"turns":5.0},{"damage":6.0,"enemies":"Cultist","floor":2.0,"turns":4.0},{"damage":1.0,"enemies":"2 Louse","floor":3.0,"turns":3.0},{"damage":23.0,"enemies":"Exordium Thugs","floor":5.0,"turns":5.0},{"damage":21.0,"enemies":"Gremlin Gang","floor":11.0,"turns":7.0},{"damage":7.0,"enemies":"Blue Slaver","floor":13.0,"turns":5.0},{"damage":7.0,"enemies":"3 Sentries","floor":14.0,"turns":6.0},{"damage":25.0,"enemies":"Hexaghost","floor":16.0,"turns":8.0},{"damage":24.0,"enemies":"2 Thieves","floor":18.0,"turns":4.0},{"damage":15.0,"enemies":"3 Byrds","floor":21.0,"turns":5.0},{"damage":3,"enemies":"Book of Stabbing","floor":23,"turns":4}],"seed_played":"8350830554425797887","potions_obtained":[{"floor":2.0,"key":"FearPotion"},{"floor":3.0,"key":"Fire Potion"},{"floor":11.0,"key":"Energy Potion"},{"floor":14.0,"key":"Poison Potion"},{"floor":16.0,"key":"Dexterity Potion"}],"is_trial":false,"path_per_floor":["M","M","M","?","M","R","?","R","T","R","M","R","M","E","R","B",null,"M","?","$","M","$","E"],"character_chosen":"THE_SILENT","items_purchased":["Deadly Poison"],"campfire_rested":2,"item_purchase_floors":[20],"current_hp_per_floor":[51,45,44,44,21,21,21,21,21,21,2,21,16,11,30,7,51,29,29,29,16,16,15,15],"gold":77,"neow_bonus":"ONE_RARE_RELIC","is_daily":false,"chose_seed":false,"campfire_upgraded":0,"win_rate":0.0,"timestamp":1607723430,"path_taken":["M","M","M","?","?","R","?","R","T","R","M","R","?","E","R","BOSS","M","?","?","M","$","E"],"items_purchased_type":["Card"],"build_version":"2020-11-30","purchased_purges":1,"victory":false,"max_hp_per_floor":[66,66,66,66,66,66,66,66,66,66,66,66,66,66,66,66,66,66,66,66,66,66,66,66],"card_choices":[{"not_picked":["Blade Dance","Endless Agony"],"picked":"Deadly Poison","floor":1.0},{"not_picked":["Dagger Throw","Crippling Poison"],"picked":"Catalyst","floor":2.0},{"not_picked":["PiercingWail","Sucker Punch"],"picked":"Noxious Fumes","floor":3.0},{"not_picked":["Well Laid Plans","Sucker Punch"],"picked":"Quick Slash","floor":5.0},{"not_picked":["Slice","Quick Slash","Dagger Spray"],"picked":"SKIP","floor":11.0},{"not_picked":["Riddle With Holes","Bane"],"picked":"Venomology","floor":13.0},{"not_picked":["All Out Attack","Accuracy"],"picked":"Prepared","floor":14.0},{"not_picked":["Corpse Explosion","After Image"],"picked":"Adrenaline","floor":16.0},{"not_picked":["Dodge and Roll","Bane","Slice"],"picked":"SKIP","floor":18.0},{"not_picked":["Dagger Spray","Flying Knee"],"picked":"Noxious Fumes","floor":21.0}],"player_experience":722928,"relics_obtained":[{"floor":6.0,"key":"Gambling Chip"},{"floor":8.0,"key":"Blood Vial"},{"floor":9.0,"key":"Nunchaku"},{"floor":10.0,"key":"Bottled Flame"},{"floor":14.0,"key":"Centennial Puzzle"}],"event_choices":[{"damage_healed":0.0,"max_hp_gain":0.0,"max_hp_loss":0.0,"gold_gain":0.0,"event_name":"WeMeetAgain","player_choice":"Gave Potion","floor":4.0,"gold_loss":0.0,"damage_taken":0.0,"relics_obtained":["PreservedInsect"]},{"cards_removed":["Defend_G"],"damage_healed":0.0,"max_hp_gain":0.0,"max_hp_loss":0.0,"gold_gain":0.0,"event_name":"Bonfire Elementals","player_choice":"Offered Basic","floor":7.0,"gold_loss":0.0,"damage_taken":0.0},{"cards_removed":["Setup"],"damage_healed":0.0,"max_hp_gain":0.0,"max_hp_loss":0.0,"gold_gain":0.0,"event_name":"Back to Basics","player_choice":"Elegance","floor":19.0,"gold_loss":0.0,"damage_taken":0.0}],"is_beta":false,"boss_relics":[{"not_picked":["Coffee Dripper","Philosopher\u0027s Stone"],"picked":"Pandora\u0027s Box"}],"items_purged_floors":[20],"is_endless":false,"potions_floor_spawned":[2,3,11,14,16],"killed_by":"Book of Stabbing","ascension_level":20}}