{"host":"5gc11emcm5chfr5t","time":1607728418,"event":{"mods":["2.2 Compatiblity","AchievementEnabler","BaseMod","Bestiary","Better Note","Colored Map","Colored Powertips","Googly Eyes","Minty Spire (QoL Compilation)","Rare Cards Sparkle","StSLib"],"gold_per_floor":[116,134,134,151,165,165,195,195,195,230,243,253,270,22,22,119,119,139,156,81,100,116,116,116,146,173,202,202,217,250,250,250,250,250],"floor_reached":33,"playtime":1024,"items_purged":[],"score":367,"play_id":"10f9894a-da45-4f2c-aa17-869ad493b21a","local_time":"20201211181338","is_ascension_mode":true,"campfire_choices":[{"data":"Madness","floor":6.0,"key":"SMITH"},{"data":"Heavy Blade","floor":8.0,"key":"SMITH"},{"floor":15.0,"key":"REST"},{"floor":23,"key":"REST"},{"floor":28,"key":"REST"},{"floor":32,"key":"REST"}],"circlet_count":0,"master_deck":["Strike_R","Strike_R","Strike_R","Strike_R","Strike_R","Defend_R+1","Defend_R+1","Defend_R","Bash","Spot Weakness","Uppercut","Madness+1","Cleave","Rage","Heavy Blade+1","Sword Boomerang","Iron Wave","Cleave","Infernal Blade","Impervious","Rage","Body Slam+1","Inflame","Headbutt+1","Inflame","Limit Break"],"relics":["Burning Blood","NeowsBlessing","Bag of Marbles","Vajra","Bottled Lightning","Bottled Flame","SlaversCollar","Red Skull","War Paint","Kunai","Art of War"],"acts_visited":["Exordium","TheCity"],"potions_floor_usage":[25,30,32],"damage_taken":[{"damage":0.0,"enemies":"2 Louse","floor":1.0,"turns":1.0},{"damage":0.0,"enemies":"Cultist","floor":2.0,"turns":1.0},{"damage":0.0,"enemies":"Jaw Worm","floor":4.0,"turns":1.0},{"damage":10.0,"enemies":"Large Slime","floor":5.0,"turns":5.0},{"damage":10.0,"enemies":"Gremlin Nob","floor":7.0,"turns":3.0},{"damage":24.0,"enemies":"3 Sentries","floor":10.0,"turns":6.0},{"damage":0.0,"enemies":"2 Fungi Beasts","floor":11.0,"turns":3.0},{"damage":18.0,"enemies":"Lots of Slimes","floor":12.0,"turns":3.0},{"damage":9.0,"enemies":"Large Slime","floor":13.0,"turns":2.0},{"damage":37.0,"enemies":"Hexaghost","floor":16.0,"turns":6.0},{"damage":24.0,"enemies":"Spheric Guardian","floor":18.0,"turns":4.0},{"damage":19.0,"enemies":"Shell Parasite","floor":19.0,"turns":3.0},{"damage":9.0,"enemies":"Cultist and Chosen","floor":21.0,"turns":4.0},{"damage":23,"enemies":"Centurion and Healer","floor":22,"turns":5},{"damage":30,"enemies":"Gremlin Leader","floor":25,"turns":4},{"damage":33,"enemies":"Book of Stabbing","floor":27,"turns":4},{"damage":25,"enemies":"Sentry and Sphere","floor":29,"turns":4},{"damage":12,"enemies":"Slavers","floor":30,"turns":2},{"damage":59,"enemies":"Champ","floor":33,"turns":5}],"seed_played":"-3588291821408462525","potions_obtained":[{"floor":4.0,"key":"Energy Potion"},{"floor":5.0,"key":"Weak Potion"},{"floor":10.0,"key":"Ancient Potion"},{"floor":12.0,"key":"Strength Potion"},{"floor":19.0,"key":"LiquidBronze"},{"floor":22,"key":"Fruit Juice"},{"floor":29,"key":"SkillPotion"}],"is_trial":false,"path_per_floor":["M","M","?","M","M","R","E","R","T","E","M","M","M","$","R","B",null,"M","M","?","M","M","R","?","E","T","E","R","M","E","?","R","B"],"character_chosen":"IRONCLAD","items_purchased":["Bottled Flame"],"campfire_rested":4,"item_purchase_floors":[14],"current_hp_per_floor":[80,80,80,80,76,76,72,72,72,54,60,48,45,45,69,38,80,62,49,49,46,29,53,79,55,55,28,52,33,27,27,56,0,0],"gold":250,"neow_bonus":"THREE_ENEMY_KILL","is_daily":false,"chose_seed":false,"campfire_upgraded":2,"win_rate":0.0,"timestamp":1607728418,"path_taken":["M","M","?","M","M","R","E","R","T","E","M","?","M","$","R","BOSS","M","M","?","M","M","R","?","E","T","E","R","M","E","?","R","BOSS"],"items_purchased_type":["Relic"],"build_version":"2020-11-30","purchased_purges":0,"victory":false,"max_hp_per_floor":[80,80,80,80,80,80,80,80,80,80,80,80,80,80,80,80,80,80,80,80,80,80,80,80,80,80,80,80,80,80,80,85,85,85],"card_choices":[{"not_picked":["True Grit","Iron Wave"],"picked":"Spot Weakness","floor":1.0},{"not_picked":["Wild Strike","Warcry"],"picked":"Uppercut","floor":2.0},{"not_picked":["Twin Strike","Pummel"],"picked":"Cleave","floor":4.0},{"not_picked":["Anger","Iron Wave"],"picked":"Rage","floor":5.0},{"not_picked":["Rupture","Brutality"],"picked":"Heavy Blade","floor":7.0},{"not_picked":["Evolve","Wild Strike"],"picked":"Sword Boomerang","floor":10.0},{"not_picked":["Thunderclap","Clash"],"picked":"Iron Wave","floor":11.0},{"not_picked":["Twin Strike","Clothesline"],"picked":"Cleave","floor":12.0},{"not_picked":["Seeing Red","Iron Wave"],"picked":"Infernal Blade","floor":13.0},{"not_picked":["Brutality","Offering"],"picked":"Impervious","floor":16.0},{"not_picked":["Bloodletting","Havoc+1"],"picked":"Rage","floor":18.0},{"not_picked":["Twin Strike","Havoc","Iron Wave"],"picked":"SKIP","floor":19.0},{"not_picked":["Searing Blow+1","Twin Strike","Hemokinesis"],"picked":"SKIP","floor":21.0},{"not_picked":["Flex","True Grit"],"picked":"Body Slam+1","floor":22},{"not_picked":["Anger","Thunderclap"],"picked":"Inflame","floor":25},{"not_picked":["Pommel Strike","Thunderclap"],"picked":"Headbutt+1","floor":27},{"not_picked":["Clothesline","Flex"],"picked":"Inflame","floor":29},{"not_picked":["Shockwave","Shrug It Off","Sever Soul"],"picked":"SKIP","floor":30}],"player_experience":317478,"relics_obtained":[{"floor":7.0,"key":"Bag of Marbles"},{"floor":9.0,"key":"Vajra"},{"floor":10.0,"key":"Bottled Lightning"},{"floor":25,"key":"Red Skull"},{"floor":26,"key":"War Paint"},{"floor":27,"key":"Kunai"},{"floor":30,"key":"Art of War"}],"event_choices":[{"damage_healed":0.0,"max_hp_gain":0.0,"max_hp_loss":0.0,"gold_gain":0.0,"event_name":"Match and Keep!","player_choice":"1 cards matched","floor":3.0,"gold_loss":0.0,"damage_taken":0.0,"cards_obtained":["Madness"]},{"cards_removed":["Defend_R"],"damage_healed":0.0,"max_hp_gain":0.0,"max_hp_loss":0.0,"gold_gain":0.0,"event_name":"Beggar","player_choice":"Gave Gold","floor":20.0,"gold_loss":75.0,"damage_taken":0.0},{"damage_healed":26,"gold_gain":0,"player_choice":"Heal","damage_taken":0,"max_hp_gain":0,"max_hp_loss":0,"event_name":"The Library","floor":24,"gold_loss":0},{"damage_healed":0,"gold_gain":0,"player_choice":"1 cards matched","damage_taken":0,"max_hp_gain":0,"max_hp_loss":0,"event_name":"Match and Keep!","floor":31,"gold_loss":0,"cards_obtained":["Limit Break"]}],"is_beta":false,"boss_relics":[{"not_picked":["Cursed Key","Empty Cage"],"picked":"SlaversCollar"}],"items_purged_floors":[],"is_endless":false,"potions_floor_spawned":[4,5,10,12,19,22,29],"killed_by":"Champ","ascension_level":3}}