{"host":"kntpungskobv1jqb","time":1607696081,"event":{"mods":["BaseMod","Minty Spire (QoL Compilation)","Replay The Spire","StSLib","SuperFastMode"],"gold_per_floor":[115,133,54,54,54,83,83,48,73,73,103,64,64,83,83,157,157,174,174,174],"floor_reached":19,"playtime":728,"items_purged":[],"score":285,"play_id":"5c87dc2f-23ee-4919-89bc-7ce8fe2e18d7","local_time":"20201211221441","is_ascension_mode":true,"campfire_choices":[{"floor":7,"key":"REST"},{"data":"ReplayTheSpireMod:Strike From Hell","floor":10,"key":"SMITH"},{"floor":13,"key":"REST"},{"data":"True Grit","floor":15,"key":"SMITH"}],"circlet_count":0,"master_deck":["AscendersBane","Strike_R","Strike_R","Strike_R","Strike_R","Strike_R","Defend_R","Defend_R","Defend_R","Defend_R","Bash","Purity","Havoc","Brutality","ReplayTheSpireMod:Strike From Hell+1","True Grit+1","Sentinel","ReplayTheSpireMod:Strike From Hell","Dark Embrace","Warcry","Reaper","Amnesia","Languid","True Grit"],"relics":["Burning Blood","Bronze Scales","Ice Cream","Pen Nib","Mummified Hand","Replay:Ancient Bell","Dream Catcher","Gremlin Horn","Replay:Towering Pillar of Hats"],"acts_visited":["Exordium","TheCity"],"potions_floor_usage":[11,11,16],"damage_taken":[{"damage":14,"enemies":"2 Louse","floor":1,"turns":3},{"damage":14,"enemies":"Small Slimes","floor":2,"turns":5},{"damage":58,"enemies":"3 Sentries","floor":6,"turns":11},{"damage":33,"enemies":"Gremlin Nob","floor":11,"turns":5},{"damage":2,"enemies":"Jaw Worm","floor":14,"turns":4},{"damage":72,"enemies":"Slime Boss","floor":16,"turns":13},{"damage":48,"enemies":"Shell Parasite","floor":18,"turns":7},{"damage":194,"enemies":"Spheric Guardian","floor":19,"turns":4}],"seed_played":"-4835897691657693655","potions_obtained":[{"floor":6,"key":"LifebloodPotion"},{"floor":11,"key":"Fruit Juice"},{"floor":14,"key":"Swift Potion"},{"floor":16,"key":"Ancient Potion"}],"is_trial":false,"path_per_floor":["M","M","$","?","?","E","R","?","T","R","E","$","R","M","R","B",null,"M","M"],"character_chosen":"IRONCLAD","items_purchased":["ReplayTheSpireMod:Strike From Hell","True Grit","Dark Embrace"],"campfire_rested":2,"item_purchase_floors":[3,3,12],"current_hp_per_floor":[64,56,56,53,79,27,51,71,71,71,49,49,74,78,78,12,67,25,0,0],"gold":174,"neow_bonus":"RANDOM_COLORLESS","is_daily":false,"chose_seed":false,"campfire_upgraded":2,"win_rate":0.0,"timestamp":1607696081,"path_taken":["M","M","$","?","?","E","R","?","T","R","E","$","R","?","R","BOSS","M","M"],"items_purchased_type":["Card","Card","Card"],"build_version":"2020-11-30","purchased_purges":0,"victory":false,"max_hp_per_floor":[80,80,80,80,80,80,80,80,80,80,85,85,85,85,85,85,85,85,85,85],"card_choices":[{"not_picked":["Blind","Impatience"],"picked":"Purity","floor":0},{"not_picked":["Clash","Replay:Undeath\u0027s Touch"],"picked":"Havoc","floor":1},{"not_picked":["Body Slam","Pommel Strike"],"picked":"Brutality","floor":2},{"not_picked":["Ghostly Armor","Shockwave"],"picked":"Sentinel","floor":6},{"not_picked":["Warcry","Pommel Strike"],"picked":"ReplayTheSpireMod:Strike From Hell","floor":11},{"not_picked":["Armaments","Blood for Blood"],"picked":"Warcry","floor":14},{"not_picked":["Hemogenesis","Double Tap"],"picked":"Reaper","floor":16},{"not_picked":["Normality","ReplayTheSpireMod:Restless Dread"],"picked":"Amnesia","floor":17},{"not_picked":["Parasite","Normality"],"picked":"ReplayTheSpireMod:Doomed","floor":17},{"not_picked":["ReplayTheSpireMod:IOU","CurseOfTheBell"],"picked":"Languid","floor":17},{"not_picked":["Bloodletting","Cleave"],"picked":"True Grit","floor":18}],"player_experience":445006,"relics_obtained":[{"floor":6,"key":"Ice Cream"},{"floor":9,"key":"Pen Nib"},{"floor":11,"key":"Mummified Hand"}],"event_choices":[{"damage_healed":0,"gold_gain":0,"player_choice":"Success","damage_taken":3,"relics_obtained":["Bronze Scales"],"max_hp_gain":0,"max_hp_loss":0,"event_name":"Scrap Ooze","floor":4,"gold_loss":0},{"damage_healed":26,"gold_gain":0,"player_choice":"Banana","damage_taken":0,"max_hp_gain":0,"max_hp_loss":0,"event_name":"Big Fish","floor":5,"gold_loss":0},{"damage_healed":20,"gold_gain":0,"player_choice":"Healed","damage_taken":0,"max_hp_gain":0,"max_hp_loss":0,"event_name":"The Cleric","floor":8,"gold_loss":35}],"is_beta":false,"boss_relics":[{"not_picked":["Replay:Wanted Poster","Electric Blood"],"picked":"Replay:Ancient Bell"},{"not_picked":["Strawberry","Blue Doll"],"picked":"Dream Catcher"},{"not_picked":["InkBottle","Meat on the Bone"],"picked":"Gremlin Horn"},{"not_picked":["Du-Vu Doll","Ginger"],"picked":"Replay:Towering Pillar of Hats"}],"items_purged_floors":[],"is_endless":false,"potions_floor_spawned":[6,11,14,16],"killed_by":"Spheric Guardian","ascension_level":13}}