{"host":"htqwg582tjjtn9p7","time":1607713344,"event":{"mods":["2.2 Compatiblity","AchievementEnabler","Act Like it!","Aspiration","BaseMod","Better Third Choice","Colored Map","Conspire","Curses Come First","Displayed Cursed Tome","Energized Spire","Force Act Four","GifTheSpireLib","Hermit","Highlight Path","JesterMod","Mad Scientist","Minty Spire (QoL Compilation)","Pale of the Ancients","Permanent Neow","Random Character Button","Relic Stats","Replay The Spire","Robot Space Explorer","Somnambulant","Spicy Shops","Spikes Relics","StSLib","Stuff the Spire","The Blue Laboratory","The Disciple","The Dragon Tamer","The Forsaken","The Gatherer","The Judge","The Jungle","The Runesmith","The Servant 0.9.4"],"gold_per_floor":[114,114,39,50,63,88,107,134,161,177,200,215,231,52,52,129,129,140,140,158,169,169,202,202,229,229,247,247,227,237,152,152,227,227,247,42,74,74,93,93,118,38,38,38,38,56,70,70,83,102,102,102,102],"floor_reached":52,"playtime":2009,"items_purged":["Strike_R","Absolvement+1"],"score":988,"play_id":"45af7766-384d-4c06-9fd3-1573889854e5","local_time":"20201211200224","is_ascension_mode":true,"campfire_choices":[{"floor":24,"key":"REST"},{"floor":28,"key":"REST"},{"floor":32,"key":"REST"},{"floor":40,"key":"REST"},{"floor":51,"key":"REST"}],"circlet_count":0,"master_deck":["AscendersBane","Defend_R","Defend_R","Defend_R","Bash","StuffTheSpire:RagingBull","Poisoned Stab","Dash","Bane","Feed","Immolate","Combust","Rampage","StuffTheSpire:Slingshot","Armaments","Barricade","True Grit","Rupture","Dark Embrace+1","Combust","Pummel","Limit Break","Sword Boomerang+1","Ghostly Armor","True Grit+1"],"relics":["energizedSpire:DeadBattery","Onion Ring","Art of War","Replay:Baseball","Odd Mushroom","energizedSpire:TabascoSauce","StuffTheSpire:CocoNut","The Courier","aspiration:Stabinomicon","ReplayTheSpireMod:Lightbulb","conspire:DeflatedDodgeball","Busted Crown","aspiration:KaomsHeart"],"acts_visited":["Exordium","TheCity","TheBeyond"],"potions_floor_usage":[8,18,25,25,30,33,35,47,49,50],"damage_taken":[{"damage":0,"enemies":"2 Louse","floor":1,"turns":3},{"damage":2,"enemies":"Jaw Worm","floor":4,"turns":3},{"damage":0,"enemies":"Small Slimes","floor":5,"turns":3},{"damage":4,"enemies":"Lagavulin","floor":6,"turns":5},{"damage":0,"enemies":"Red Slaver","floor":7,"turns":3},{"damage":3,"enemies":"3 Sentries","floor":8,"turns":8},{"damage":3,"enemies":"Exordium Thugs","floor":10,"turns":2},{"damage":2,"enemies":"The Mushroom Lair","floor":11,"turns":3},{"damage":0,"enemies":"3 Louse","floor":12,"turns":2},{"damage":0,"enemies":"Red Slaver","floor":13,"turns":1},{"damage":30,"enemies":"Fading Forest","floor":16,"turns":11},{"damage":0,"enemies":"2 Thieves","floor":18,"turns":1},{"damage":7,"enemies":"Shell Parasite","floor":20,"turns":4},{"damage":18,"enemies":"Shelled Parasite and Fungi","floor":21,"turns":4},{"damage":29,"enemies":"Gremlin Leader","floor":23,"turns":8},{"damage":44,"enemies":"Book of Stabbing","floor":25,"turns":4},{"damage":19,"enemies":"Centurion and Healer","floor":27,"turns":4},{"damage":6,"enemies":"3 Cultists","floor":30,"turns":3},{"damage":41,"enemies":"Automaton","floor":33,"turns":7},{"damage":18,"enemies":"3 Darklings","floor":35,"turns":6},{"damage":20,"enemies":"conspire:MimicChest","floor":37,"turns":5},{"damage":7,"enemies":"Orb Walker","floor":39,"turns":3},{"damage":9,"enemies":"R_Hoarder","floor":41,"turns":6},{"damage":14,"enemies":"4 Shapes","floor":46,"turns":4},{"damage":1,"enemies":"Jaw Worm Horde","floor":47,"turns":3},{"damage":12,"enemies":"Transient","floor":49,"turns":5},{"damage":33,"enemies":"Writhing Mass","floor":50,"turns":6},{"damage":85,"enemies":"conspire:OrnateMirror","floor":52,"turns":7}],"seed_played":"8690734673780138470","potions_obtained":[{"floor":4,"key":"SkillPotion"},{"floor":5,"key":"blueLaboratory:FruitPreserves"},{"floor":10,"key":"Ancient Potion"},{"floor":16,"key":"blueLaboratory:FruitPunch"},{"floor":23,"key":"blueLaboratory:Moonshine"},{"floor":27,"key":"Weak Potion"},{"floor":29,"key":"PowerPotion"},{"floor":30,"key":"Weak Potion"},{"floor":33,"key":"blueLaboratory:BottleOfRum"},{"floor":37,"key":"blueLaboratory:BubblePotion"},{"floor":46,"key":"Block Potion"},{"floor":47,"key":"blueLaboratory:LouseDecoction"}],"is_trial":false,"path_per_floor":["M","?","?","M","M","E","M","E","T","M","?","M","M","$","R_BF","B",null,"M","?","M","M","T","E","R","E","T","M","R","?","M","?","R","B",null,"M","$","?","?","M","R","E","$","PTL","PTL","T","M","M","$","M","M","R","B"],"character_chosen":"IRONCLAD","items_purchased":["StuffTheSpire:Slingshot","Armaments","aspiration:KaomsHeart"],"campfire_rested":5,"item_purchase_floors":[14,14,36],"current_hp_per_floor":[68,68,68,66,66,62,62,62,62,62,63,63,63,63,63,41,73,74,74,68,50,53,24,50,26,26,7,34,34,29,29,56,15,72,54,104,84,76,69,111,102,102,102,102,102,88,87,87,75,42,84,0,0],"gold":102,"neow_bonus":"BOSS_RELIC","is_daily":false,"chose_seed":false,"campfire_upgraded":0,"win_rate":0.0,"timestamp":1607713344,"path_taken":["M","?","?","M","M","E","M","E","T","M","?","M","M","$","R_BF","BOSS","M","?","?","M","?","E","R","E","T","M","R","?","?","?","R","BOSS","M","$","?","?","M","R","E","?","PTL","PTL","T","M","M","$","M","M","R","BOSS"],"items_purchased_type":["Card","Card","Relic"],"build_version":"2020-11-30","purchased_purges":2,"victory":false,"max_hp_per_floor":[75,75,75,75,75,75,75,78,78,81,84,84,84,84,84,84,84,85,85,86,86,89,89,89,90,90,90,90,90,91,91,91,91,91,91,141,141,141,141,141,141,141,141,141,141,141,141,141,141,141,141,141,141],"relic_stats":{"Busted Crown":16,"counters":[28,124],"Art of War":[6],"obtain_stats":[{"The Courier":23,"aspiration:Stabinomicon":25,"Odd Mushroom":11,"energizedSpire:DeadBattery":0,"Burning Blood":0,"Replay:Baseball":9,"Busted Crown":34,"energizedSpire:TabascoSauce":17,"Onion Ring":6,"StuffTheSpire:CocoNut":22,"aspiration:KaomsHeart":36,"Art of War":8,"conspire:DeflatedDodgeball":31,"ReplayTheSpireMod:Lightbulb":26},{"The Courier":15,"aspiration:Stabinomicon":16,"Odd Mushroom":8,"energizedSpire:DeadBattery":0,"Burning Blood":0,"Replay:Baseball":6,"Busted Crown":19,"energizedSpire:TabascoSauce":11,"Onion Ring":4,"StuffTheSpire:CocoNut":14,"aspiration:KaomsHeart":20,"Art of War":6,"conspire:DeflatedDodgeball":18,"ReplayTheSpireMod:Lightbulb":16},{"The Courier":61,"aspiration:Stabinomicon":65,"Odd Mushroom":30,"energizedSpire:DeadBattery":0,"Burning Blood":0,"Replay:Baseball":25,"Busted Crown":79,"energizedSpire:TabascoSauce":44,"Onion Ring":14,"StuffTheSpire:CocoNut":53,"aspiration:KaomsHeart":85,"Art of War":25,"conspire:DeflatedDodgeball":72,"ReplayTheSpireMod:Lightbulb":65}]},"card_choices":[{"not_picked":["Sword Boomerang","Clothesline"],"picked":"StuffTheSpire:RagingBull","floor":1},{"not_picked":["Dropkick","ReplayTheSpireMod:Strike From Hell","Wild Strike"],"picked":"SKIP","floor":4},{"not_picked":["Thunderclap","Flame Barrier","Pommel Strike"],"picked":"SKIP","floor":5},{"not_picked":["Disarm","Cleave"],"picked":"Feed","floor":6},{"not_picked":["Twin Strike","Warcry","Body Slam"],"picked":"SKIP","floor":7},{"not_picked":["ReplayTheSpireMod:Strike From Hell","Wild Strike"],"picked":"Immolate","floor":8},{"not_picked":["Wild Strike","Heavy Blade","StuffTheSpire:RockThrow"],"picked":"SKIP","floor":10},{"not_picked":["Rage","Blood for Blood"],"picked":"Combust","floor":12},{"not_picked":["Sword Boomerang","Pommel Strike"],"picked":"Rampage","floor":13},{"not_picked":["Impervious","Reaper"],"picked":"Barricade","floor":16},{"not_picked":["Havoc","Warcry+1"],"picked":"True Grit","floor":18},{"not_picked":["ReplayTheSpireMod:LeadingStrike","StuffTheSpire:Incineration+1"],"picked":"Rupture","floor":20},{"not_picked":["Pommel Strike","Wild Strike"],"picked":"Dark Embrace+1","floor":21},{"not_picked":["Armaments","Wild Strike"],"picked":"Combust","floor":23},{"not_picked":["Cleave","Hemokinesis"],"picked":"Pummel","floor":25},{"not_picked":["StuffTheSpire:Incineration","Sword Boomerang"],"picked":"Absolvement+1","floor":27},{"not_picked":["ReplayTheSpireMod:LeadingStrike+1","Disarm","Perfected Strike"],"picked":"SKIP","floor":30},{"not_picked":["Barricade","Hemogenesis"],"picked":"Limit Break","floor":33},{"not_picked":["Flame Barrier"],"picked":"SKIP","floor":35},{"not_picked":["Replay:Undeath\u0027s Touch"],"picked":"SKIP","floor":39},{"not_picked":[],"picked":"Sword Boomerang+1","floor":41},{"not_picked":[],"picked":"Ghostly Armor","floor":46},{"not_picked":["Pommel Strike+1"],"picked":"SKIP","floor":47},{"not_picked":[],"picked":"True Grit+1","floor":49},{"not_picked":["Clash"],"picked":"SKIP","floor":50}],"player_experience":1654220,"relics_obtained":[{"floor":6,"key":"Onion Ring"},{"floor":8,"key":"Art of War"},{"floor":9,"key":"Replay:Baseball"},{"floor":11,"key":"Odd Mushroom"},{"floor":22,"key":"StuffTheSpire:CocoNut"},{"floor":23,"key":"The Courier"},{"floor":25,"key":"aspiration:Stabinomicon"},{"floor":26,"key":"ReplayTheSpireMod:Lightbulb"},{"floor":37,"key":"aspiration:KMNothing"},{"floor":41,"key":"aspiration:KMNothing"}],"event_choices":[{"cards_removed":["Strike_R"],"damage_healed":0,"gold_gain":0,"player_choice":"Card Removal","damage_taken":0,"max_hp_gain":0,"max_hp_loss":0,"event_name":"The Cleric","floor":3,"gold_loss":75},{"damage_healed":0,"gold_gain":0,"player_choice":"Fought Mushrooms","damage_taken":0,"max_hp_gain":0,"max_hp_loss":0,"event_name":"Mushrooms","floor":11,"gold_loss":0},{"cards_removed":["Defend_R"],"damage_healed":0,"gold_gain":0,"player_choice":"Purged","damage_taken":0,"max_hp_gain":0,"max_hp_loss":0,"event_name":"Purifier","floor":19,"gold_loss":0},{"damage_healed":0,"gold_gain":0,"player_choice":"Bought 1 Potion","damage_taken":0,"max_hp_gain":0,"max_hp_loss":0,"event_name":"The Woman in Blue","floor":29,"gold_loss":0},{"damage_healed":0,"gold_gain":0,"player_choice":"Obtained Relic","damage_taken":0,"relics_obtained":["conspire:DeflatedDodgeball"],"max_hp_gain":0,"max_hp_loss":0,"event_name":"Addict","floor":31,"gold_loss":85},{"damage_healed":0,"gold_gain":0,"player_choice":"Leave","damage_taken":0,"max_hp_gain":0,"max_hp_loss":0,"event_name":"conspire:Investor","floor":38,"gold_loss":0}],"is_beta":false,"boss_relics":[{"not_picked":["conspire:RunicOctahedron","Ectoplasm"],"picked":"energizedSpire:TabascoSauce"},{"not_picked":["Honey Jar","Runic Dome"],"picked":"Busted Crown"}],"items_purged_floors":[14,42],"is_endless":false,"potions_floor_spawned":[4,5,10,11,12,16,23,27,30,33,37,46,47],"killed_by":"conspire:OrnateMirror","ascension_level":15}}