{"host":"se2kry7a7ac49ar7","time":1607722695,"event":{"mods":["Act Like it!","BaseMod","Bestiary","Hallownest","Minty Spire (QoL Compilation)","StSLib","The Bug Knight"],"gold_per_floor":[111,130,150,168,181,181,208,233,281,310,310,310,310,329,329,432,432,448,465,939,646,664,694,694,694,994,1026,1038,1063,1092,1138,1150,1162,1162],"floor_reached":33,"playtime":3144,"items_purged":[],"score":413,"play_id":"d0578ae1-514f-4066-adef-e77a50801b20","local_time":"20201211133815","is_ascension_mode":true,"campfire_choices":[{"data":"HollowMod:HeavyBlow","floor":6,"key":"SMITH"},{"data":"HollowMod:PureNailStrike","floor":11,"key":"SMITH"},{"data":"HollowMod:SoulEater","floor":13,"key":"SMITH"},{"data":"HollowMod:CycloneSlash","floor":15,"key":"SMITH"},{"data":"HollowMod:GoodIntentions","floor":25,"key":"SMITH"},{"data":"HollowMod:GoodIntentions","floor":28,"key":"SMITH"},{"data":"HollowMod:PogoStrike","floor":32,"key":"SMITH"}],"circlet_count":0,"master_deck":["HollowMod:NailStrikeStart","HollowMod:NailStrikeStart","HollowMod:NailStrikeStart","HollowMod:NailStrikeStart","HollowMod:QuickDashStart","HollowMod:QuickDashStart","HollowMod:QuickDashStart","HollowMod:QuickDashStart","HollowMod:FocusHealStart","HollowMod:PogoStrike+1","HollowMod:CycloneSlash+1","HollowMod:PureNailStrike+1","HollowMod:SoulEater+1","HollowMod:HeavyBlow+1","HollowMod:ZotesMagnificence+1","HollowMod:HeavyBlow+1","HollowMod:AwokenDreamNail+1","HollowMod:GoodIntentions+1","HollowMod:GoodIntentions+1","HollowMod:HeavyBlow+1","HollowMod:RecoilStrike+1","Doubt","HollowMod:ZotesMagnificence+1","HollowMod:HeavyBlow+1"],"relics":["Velvet Choker","Darkstone Periapt","Bottled Flame","PreservedInsect","Molten Egg 2","Sozu","Tiny Chest","Chemical X","Happy Flower","Old Coin","MawBank","Singing Bowl"],"acts_visited":["Exordium","Hallownest:Greenpath"],"potions_floor_usage":[7,10,16,33],"damage_taken":[{"damage":0,"enemies":"Hallownest:2_Baldur","floor":1,"turns":3},{"damage":0,"enemies":"Hallownest:2_MossCreeps","floor":2,"turns":4},{"damage":2,"enemies":"Hallownest:monsterHuskGuard","floor":3,"turns":4},{"damage":10,"enemies":"Hallownest:Guard_and_Warrior","floor":4,"turns":6},{"damage":0,"enemies":"Hallownest:monsterFoolEater","floor":5,"turns":3},{"damage":7,"enemies":"Hallownest:eliteVengeflyKing","floor":7,"turns":5},{"damage":2,"enemies":"Hallownest:eliteMossKnight","floor":8,"turns":5},{"damage":5,"enemies":"Hallownest:eliteMossKnight","floor":10,"turns":6},{"damage":1,"enemies":"Hallownest:Wandering_and_Horned","floor":14,"turns":3},{"damage":30,"enemies":"Hallownest:BossHornet","floor":16,"turns":8},{"damage":8,"enemies":"Hallownest:2_Mistakes","floor":18,"turns":3},{"damage":7,"enemies":"Hallownest:Guard_and_Sentry","floor":19,"turns":4},{"damage":0,"enemies":"Hallownest:Master_and_Novice","floor":22,"turns":3},{"damage":3,"enemies":"Hallownest:eliteSoulWarrior","floor":23,"turns":4},{"damage":7,"enemies":"Hallownest:Nosk","floor":27,"turns":6},{"damage":9,"enemies":"Hallownest:Warrior_and_Youth","floor":29,"turns":3},{"damage":9,"enemies":"Hallownest:2_Husk_Sentries","floor":30,"turns":4},{"damage":23,"enemies":"Hallownest:eliteSoulWarrior","floor":31,"turns":5},{"damage":61,"enemies":"Hallownest:BossMantisLord","floor":33,"turns":6}],"seed_played":"-1418091334423867987","potions_obtained":[{"floor":1,"key":"SpeedPotion"},{"floor":2,"key":"GamblersBrew"},{"floor":4,"key":"Fire Potion"},{"floor":5,"key":"PowerPotion"},{"floor":10,"key":"LiquidMemories"}],"is_trial":false,"path_per_floor":["M","M","M","M","M","R","E","?","T","E","R","?","R","M","R","B",null,"M","M","?","$","M","E","?","R","T","E","R","M","M","E","R","B"],"character_chosen":"THE_BUGKNIGHT","items_purchased":["Tiny Chest","Chemical X"],"campfire_rested":0,"item_purchase_floors":[21,21],"current_hp_per_floor":[75,75,73,63,63,63,62,70,70,71,71,71,71,75,75,45,75,73,72,72,72,72,72,78,78,78,77,77,68,65,50,50,0,0],"gold":1162,"neow_bonus":"BOSS_RELIC","is_daily":false,"chose_seed":false,"campfire_upgraded":7,"win_rate":0.0,"timestamp":1607722695,"path_taken":["M","M","M","M","M","R","E","?","T","E","R","?","R","M","R","BOSS","M","?","?","$","M","E","?","R","T","E","R","?","M","E","R","BOSS"],"items_purchased_type":["Relic","Relic"],"build_version":"2020-11-30","purchased_purges":0,"victory":false,"max_hp_per_floor":[75,75,75,75,75,75,75,75,75,75,75,75,75,75,75,75,75,75,75,75,75,75,75,81,81,81,81,81,81,81,83,83,83,83],"card_choices":[{"not_picked":["HollowMod:SoulShaman","HollowMod:NewLittleFool"],"picked":"HollowMod:CycloneSlash","floor":1},{"not_picked":["HollowMod:SharpenedShadows","HollowMod:QuirrelsAssistance","HollowMod:GrimmsGift"],"picked":"SKIP","floor":2},{"not_picked":["HollowMod:CloakDash","HollowMod:BrokenVessel"],"picked":"HollowMod:PureNailStrike","floor":3},{"not_picked":["HollowMod:InfectedAttack","HollowMod:WraithStrike"],"picked":"HollowMod:SoulEater","floor":4},{"not_picked":["HollowMod:ChannelNail","HollowMod:TaintedHusks"],"picked":"HollowMod:HeavyBlow","floor":5},{"not_picked":["HollowMod:InfectionAssault","HollowMod:ShapeofUnn","HollowMod:CornifersMapStart"],"picked":"SKIP","floor":7},{"not_picked":["HollowMod:DreamGate","HollowMod:LifebloodCocoon","HollowMod:CloakDash"],"picked":"SKIP","floor":8},{"not_picked":["HollowMod:InfectedAttack+1","HollowMod:LordofShades"],"picked":"HollowMod:ZotesMagnificence+1","floor":10},{"not_picked":["HollowMod:HuntersJournal","HollowMod:FastStrike+1"],"picked":"HollowMod:HeavyBlow+1","floor":14},{"not_picked":["HollowMod:Weaversong","HollowMod:NewInfectedGuardian"],"picked":"HollowMod:AwokenDreamNail+1","floor":16},{"not_picked":["HollowMod:NewJinnsSoul+1","HollowMod:LifebloodCocoon"],"picked":"HollowMod:GoodIntentions","floor":18},{"not_picked":["HollowMod:TaintedHusks+1","HollowMod:QuirrelsAssistance+1"],"picked":"HollowMod:GoodIntentions","floor":19},{"not_picked":["HollowMod:DashSlash+1","HollowMod:InfectedCysts+1"],"picked":"HollowMod:HeavyBlow+1","floor":22},{"not_picked":["HollowMod:HowlingWraiths+1","HollowMod:SoulSplash"],"picked":"HollowMod:RecoilStrike+1","floor":23},{"not_picked":["HollowMod:MonarchWings","HollowMod:SiblingsSouls"],"picked":"HollowMod:ZotesMagnificence+1","floor":27},{"not_picked":["HollowMod:WraithStrike+1","HollowMod:SoulEater"],"picked":"HollowMod:HeavyBlow+1","floor":29},{"not_picked":["HollowMod:DreamGate+1","HollowMod:CloakDash","HollowMod:HowlingWraiths+1"],"picked":"SKIP","floor":30},{"not_picked":["HollowMod:MothsMistake","HollowMod:InfectionAssault+1","HollowMod:SoulShaman"],"picked":"Singing Bowl","floor":31}],"player_experience":638152,"relics_obtained":[{"floor":7,"key":"Darkstone Periapt"},{"floor":8,"key":"Bottled Flame"},{"floor":9,"key":"PreservedInsect"},{"floor":10,"key":"Molten Egg 2"},{"floor":23,"key":"Happy Flower"},{"floor":26,"key":"Old Coin"},{"floor":27,"key":"MawBank"},{"floor":31,"key":"Singing Bowl"}],"event_choices":[],"is_beta":false,"boss_relics":[{"not_picked":["Runic Dome","Empty Cage"],"picked":"Sozu"}],"items_purged_floors":[],"is_endless":false,"potions_floor_spawned":[1,2,4,5,10,19,23,29,30],"killed_by":"Hallownest:BossMantisLord","ascension_level":3}}