{"host":"2brg86hfzr3u5cix","time":1607660333,"event":{"mods":["AchievementEnabler","Ascension Unlocker","BaseMod","CapriCore","DeckTracker","Hermit","Highlight Path","Keyboard Shortcuts","Minty Spire (QoL Compilation)","Permanent Neow","Relic Stats","Replay The Spire","StSLib","The Cursed","Twitch Utils","Uncapped","UnlockEverythingMod"],"gold_per_floor":[116,130,30,30,130,156,156,175,257,332,361,361,361,391,391,489,489,503,113,128,128,128,160,160,176,255,354,374,387,420,431,431,531,531,545,563,563,636,636,636,636,636,636,653,206,219,219,236,236,236],"floor_reached":51,"playtime":2943,"items_purged":["Strike_G","Strike_G","Strike_G"],"score":643,"play_id":"d8be0196-5250-4422-8561-4eba38c9366c","local_time":"20201211131853","is_ascension_mode":false,"campfire_choices":[{"data":"ReplayTheSpireMod:Scrap Shanks","floor":7.0,"key":"SMITH"},{"data":"Leg Sweep","floor":13.0,"key":"SMITH"},{"data":"Poisoned Stab","floor":15.0,"key":"SMITH"},{"data":"Burst","floor":24.0,"key":"SMITH"},{"data":"Catalyst","floor":32,"key":"SMITH"},{"data":"Deadly Poison","floor":40,"key":"SMITH"},{"floor":42,"key":"RECALL"},{"data":"Replay:Bag of Tricks","floor":47,"key":"SMITH"},{"data":"Toxin Wave","floor":49,"key":"SMITH"}],"circlet_count":0,"master_deck":["Defend_G+1","Defend_G+1","Survivor","Neutralize","ReplayTheSpireMod:Scrap Shanks+1","Acrobatics","Backflip","Leg Sweep+1","Poisoned Stab+1","Dagger Throw","Burst+1","Bane","Deadly Poison+1","Catalyst+1","ReplayTheSpireMod:The Works","Toxin Wave+1","AbeCurse","Replay:Bag of Tricks+1","Calculated Gamble","Expertise+1","Poisoned Stab+1","Burst","ReplayTheSpireMod:Scrap Shanks","A Thousand Cuts+1","Fluid Movement+1","Draining Mist+1","Replay:Bag of Tricks+1"],"relics":["Ring of the Snake","NeowsBlessing","Ring of Peace","Ring of Misfortune","Juzu Bracelet","Meat on the Bone","TungstenRod","Quantum Egg","Busted Crown","Replay:PocketPolymizer","War Paint","Garlic","Replay:Ringing Soul","SacredBark","Nunchaku","Kunai","Membership Card","Toxic Egg 2"],"acts_visited":["Exordium","TheCity","TheBeyond"],"potions_floor_usage":[31,33,36,50],"damage_taken":[{"damage":0.0,"enemies":"Small Slimes","floor":1.0,"turns":1.0},{"damage":0.0,"enemies":"Jaw Worm","floor":2.0,"turns":1.0},{"damage":0.0,"enemies":"Gremlin Nob","floor":6.0,"turns":1.0},{"damage":0.0,"enemies":"Cultist","floor":8.0,"turns":6.0},{"damage":0.0,"enemies":"Lagavulin","floor":11.0,"turns":9.0},{"damage":4.0,"enemies":"Hexaghost","floor":16.0,"turns":11.0},{"damage":0.0,"enemies":"Shell Parasite","floor":18.0,"turns":8.0},{"damage":6.0,"enemies":"Spheric Guardian","floor":20.0,"turns":6.0},{"damage":26.0,"enemies":"Book of Stabbing","floor":23.0,"turns":9.0},{"damage":0.0,"enemies":"Centurion and Healer","floor":25.0,"turns":7.0},{"damage":4.0,"enemies":"Shelled Parasite and Fungi","floor":28.0,"turns":6.0},{"damage":0.0,"enemies":"Snake Plant","floor":29.0,"turns":3.0},{"damage":0.0,"enemies":"Replay:Snechameleon","floor":30.0,"turns":6.0},{"damage":0,"enemies":"Centurion and Healer","floor":31,"turns":4},{"damage":16,"enemies":"Pondfish","floor":33,"turns":16},{"damage":6,"enemies":"3 Darklings","floor":35,"turns":7},{"damage":0,"enemies":"3 Shapes","floor":36,"turns":5},{"damage":9,"enemies":"Spire Growth","floor":44,"turns":3},{"damage":6,"enemies":"Writhing Mass","floor":46,"turns":4},{"damage":0,"enemies":"4 Shapes","floor":48,"turns":5},{"damage":31,"enemies":"Time Eater","floor":50,"turns":10}],"seed_played":"3122838423009896647","potions_obtained":[{"floor":1.0,"key":"PowerPotion"},{"floor":11.0,"key":"Poison Potion"},{"floor":20.0,"key":"PowerPotion"},{"floor":23.0,"key":"Poison Potion"},{"floor":28.0,"key":"Energy Potion"},{"floor":29.0,"key":"Poison Potion"},{"floor":33,"key":"FairyPotion"},{"floor":35,"key":"CunningPotion"},{"floor":38,"key":"FairyPotion"},{"floor":38,"key":"FairyPotion"}],"is_trial":false,"path_per_floor":["M","M","$","?","?","E","R","M","T","?","E","?","R","?","R","B",null,"M","$","M","?","?","E","R","M","T","?","M","M","E","M","R","B",null,"M","M","?","?","?","R","?","R","T","M","$","M","R","M","R","B",null],"character_chosen":"THE_SILENT","items_purchased":["Backflip","Replay:PocketPolymizer","Membership Card","A Thousand Cuts+1","Toxic Egg 2","GhostInAJar"],"campfire_rested":0,"item_purchase_floors":[3,19,45,45,45,45],"current_hp_per_floor":[70,70,70,70,70,70,70,70,70,59,59,53,53,53,53,49,70,70,70,64,64,70,44,44,44,44,44,40,40,40,43,43,42,76,73,76,76,79,72,75,75,78,78,69,72,69,72,72,75,56],"gold":236,"neow_bonus":"THREE_ENEMY_KILL","is_daily":false,"chose_seed":false,"campfire_upgraded":8,"win_rate":0.0,"timestamp":1607660333,"path_taken":["M","M","$","?","?","E","R","M","T","?","E","?","R","?","R","BOSS","M","$","M","?","?","E","R","M","T","?","M","M","E","M","R","BOSS","M","M","?","?","?","R","?","R","T","M","$","M","R","M","R","BOSS"],"items_purchased_type":["Card","Relic","Relic","Undefined","Relic","Potion"],"build_version":"2020-11-30","purchased_purges":3,"victory":true,"max_hp_per_floor":[70,70,70,70,70,70,70,70,70,70,70,70,70,70,70,70,70,70,70,70,70,70,70,70,70,70,70,70,70,70,73,73,76,76,79,82,82,85,85,88,84,87,87,87,90,93,96,96,99,99],"relic_stats":{"Nunchaku":[5],"Busted Crown":30,"counters":[21,128],"Juzu Bracelet":3,"Kunai":[10],"War Paint":["Defend_G","Defend_G"],"obtain_stats":[{"Replay:PocketPolymizer":19,"NeowsBlessing":0,"Quantum Egg":14,"SacredBark":34,"Juzu Bracelet":6,"War Paint":23,"Replay:Ringing Soul":30,"Nunchaku":38,"Busted Crown":17,"Ring of Peace":4,"Ring of Misfortune":4,"Garlic":26,"Kunai":43,"Membership Card":45,"Toxic Egg 2":45,"TungstenRod":11,"Ring of the Snake":0,"Meat on the Bone":9},{"Replay:PocketPolymizer":7,"NeowsBlessing":0,"Quantum Egg":5,"SacredBark":15,"Juzu Bracelet":3,"War Paint":9,"Replay:Ringing Soul":13,"Nunchaku":17,"Busted Crown":6,"Ring of Peace":2,"Ring of Misfortune":2,"Garlic":10,"Kunai":17,"Membership Card":18,"Toxic Egg 2":18,"TungstenRod":5,"Ring of the Snake":0,"Meat on the Bone":4},{"Replay:PocketPolymizer":37,"NeowsBlessing":0,"Quantum Egg":18,"SacredBark":94,"Juzu Bracelet":3,"War Paint":52,"Replay:Ringing Soul":74,"Nunchaku":106,"Busted Crown":29,"Ring of Peace":2,"Ring of Misfortune":2,"Garlic":59,"Kunai":106,"Membership Card":109,"Toxic Egg 2":109,"TungstenRod":18,"Ring of the Snake":0,"Meat on the Bone":9}],"TungstenRod":41,"Ring of the Snake":[42],"Meat on the Bone":24},"card_choices":[{"not_picked":["Dagger Throw","Underhanded Strike"],"picked":"ReplayTheSpireMod:Scrap Shanks","floor":1.0},{"not_picked":["Well Laid Plans","Backstab"],"picked":"Acrobatics","floor":2.0},{"not_picked":["Sucker Punch","Unload"],"picked":"Leg Sweep","floor":6.0},{"not_picked":["Underhanded Strike","Distraction"],"picked":"Poisoned Stab","floor":8.0},{"not_picked":["Poisoned Stab","Acrobatics"],"picked":"Dagger Throw","floor":11.0},{"not_picked":["Grand Finale","Wraith Form v2"],"picked":"Burst","floor":16.0},{"not_picked":["Outmaneuver"],"picked":"SKIP","floor":18.0},{"not_picked":[],"picked":"Bane","floor":20.0},{"not_picked":[],"picked":"Catalyst","floor":23.0},{"not_picked":["Replay:Poison Smokescreen"],"picked":"SKIP","floor":25.0},{"not_picked":[],"picked":"ReplayTheSpireMod:The Works","floor":28.0},{"not_picked":[],"picked":"Underhanded Strike","floor":29.0},{"not_picked":["ReplayTheSpireMod:The Works"],"picked":"SKIP","floor":30.0},{"not_picked":[],"picked":"Toxin Wave","floor":31},{"not_picked":[],"picked":"Replay:Bag of Tricks","floor":33},{"not_picked":[],"picked":"Calculated Gamble","floor":35},{"not_picked":[],"picked":"Expertise+1","floor":36},{"not_picked":[],"picked":"Poisoned Stab+1","floor":38},{"not_picked":["Underhanded Strike+1"],"picked":"SKIP","floor":44},{"not_picked":[],"picked":"Fluid Movement+1","floor":46},{"not_picked":["Flying Knee"],"picked":"SKIP","floor":48}],"player_experience":334996,"relics_obtained":[{"floor":4.0,"key":"Ring of Peace"},{"floor":4.0,"key":"Ring of Misfortune"},{"floor":6.0,"key":"Juzu Bracelet"},{"floor":9.0,"key":"Meat on the Bone"},{"floor":11.0,"key":"TungstenRod"},{"floor":23.0,"key":"War Paint"},{"floor":26.0,"key":"Garlic"},{"floor":30.0,"key":"Replay:Ringing Soul"},{"floor":38,"key":"Nunchaku"},{"floor":43,"key":"Kunai"}],"event_choices":[{"damage_healed":0.0,"max_hp_gain":0.0,"max_hp_loss":0.0,"gold_gain":100.0,"event_name":"Golden Shrine","player_choice":"Pray","floor":5.0,"gold_loss":0.0,"damage_taken":0.0},{"damage_healed":0.0,"max_hp_gain":0.0,"max_hp_loss":0.0,"gold_gain":75.0,"event_name":"World of Goop","player_choice":"Gather Gold","floor":10.0,"gold_loss":0.0,"damage_taken":11.0},{"cards_removed":["Delirium"],"damage_healed":0.0,"max_hp_gain":0.0,"max_hp_loss":0.0,"gold_gain":0.0,"event_name":"Golden Wing","player_choice":"Card Removal","floor":12.0,"gold_loss":0.0,"damage_taken":7.0},{"damage_healed":0.0,"max_hp_gain":0.0,"max_hp_loss":0.0,"gold_gain":30.0,"event_name":"Dead Adventurer","player_choice":"Searched \u00273\u0027 times","floor":14.0,"gold_loss":0.0,"damage_taken":0.0,"relics_obtained":["Quantum Egg"]},{"damage_healed":0.0,"max_hp_gain":0.0,"max_hp_loss":0.0,"gold_gain":0.0,"cards_transformed":["Strike_G","Defend_G"],"event_name":"Drug Dealer","player_choice":"Became Test Subject","floor":21.0,"gold_loss":0.0,"damage_taken":0.0,"cards_obtained":["Leg Sweep","Deadly Poison"]},{"cards_removed":["Leg Sweep"],"damage_healed":6.0,"max_hp_gain":0.0,"max_hp_loss":0.0,"gold_gain":0.0,"event_name":"Bonfire Elementals","player_choice":"Offered Uncommon","floor":22.0,"gold_loss":0.0,"damage_taken":0.0},{"damage_healed":0.0,"max_hp_gain":0.0,"max_hp_loss":0.0,"gold_gain":99.0,"event_name":"Nest","player_choice":"Stole From Cult","floor":27.0,"gold_loss":0.0,"damage_taken":0.0},{"damage_healed":0,"gold_gain":0,"player_choice":"Ignored","damage_taken":0,"max_hp_gain":0,"max_hp_loss":0,"event_name":"Tomb of Lord Red Mask","floor":37,"gold_loss":0},{"damage_healed":0,"gold_gain":0,"player_choice":"Damaged","damage_taken":8,"max_hp_gain":0,"max_hp_loss":0,"event_name":"Wheel of Change","floor":39,"gold_loss":0},{"damage_healed":0,"gold_gain":0,"player_choice":"Max HP","damage_taken":0,"max_hp_gain":0,"max_hp_loss":4,"event_name":"Winding Halls","floor":41,"gold_loss":0}],"is_beta":false,"boss_relics":[{"not_picked":["Snecko Scales","Snecko Eye"],"picked":"Busted Crown"},{"not_picked":["SlaversCollar","Calling Bell"],"picked":"SacredBark"}],"items_purged_floors":[3,19,45],"is_endless":false,"potions_floor_spawned":[1,11,20,23,28,29,33,35],"ascension_level":0}}