{"host":"o2evyl5sbrgotc3u","time":1607677640,"event":{"mods":["AchievementEnabler","BaseMod","Colored Map","DeckTracker","Faster Ascension Climbing","Keyboard Shortcuts","Minty Spire (QoL Compilation)","Permanent Neow","Quick Restart","Relic Stats","StSLib","SuperFastMode","everything is the same but u backflip on backflip"],"gold_per_floor":[138,138,169,206,61,61,156,235,287,59,104,116,128,53,53,53,53],"floor_reached":16,"playtime":428,"items_purged":["Strike_B"],"score":125,"play_id":"7edfb1a4-07fe-4224-b1e8-05a15648afcc","local_time":"20201211180720","is_ascension_mode":true,"campfire_choices":[{"data":"HandOfGreed","floor":6.0,"key":"SMITH"},{"data":"Aggregate","floor":15.0,"key":"SMITH"}],"circlet_count":0,"master_deck":["Strike_B","Strike_B","Strike_B","Defend_B","Defend_B","Defend_B","Defend_B","Zap","Dualcast","HandOfGreed+1","Conserve Battery","Beam Cell","Cold Snap","Cold Snap","Ball Lightning","Skim","Sunder","Compile Driver","Echo Form","Go for the Eyes","Glacier","Loop","Genetic Algorithm","Aggregate+1","Aggregate"],"relics":["Cracked Core","SsserpentHead","The Courier","Omamori","Ginger","Orrery"],"acts_visited":[],"potions_floor_usage":[],"damage_taken":[{"damage":2.0,"enemies":"Jaw Worm","floor":1.0,"turns":3.0},{"damage":0.0,"enemies":"Cultist","floor":3.0,"turns":3.0},{"damage":2.0,"enemies":"2 Louse","floor":4.0,"turns":3.0},{"damage":8.0,"enemies":"Blue Slaver","floor":7.0,"turns":2.0},{"damage":17.0,"enemies":"3 Sentries","floor":8.0,"turns":7.0},{"damage":6.0,"enemies":"Large Slime","floor":11.0,"turns":7.0},{"damage":0.0,"enemies":"3 Louse","floor":12.0,"turns":2.0},{"damage":6.0,"enemies":"Looter","floor":13.0,"turns":2.0},{"damage":27,"enemies":"Slime Boss","floor":16,"turns":3}],"seed_played":"5059870315856941040","potions_obtained":[{"floor":7.0,"key":"EssenceOfSteel"},{"floor":11.0,"key":"Explosive Potion"},{"floor":13.0,"key":"CultistPotion"}],"is_trial":false,"path_per_floor":["M","?","M","M","$","R","M","E","T","$","M","M","M","$","R","B"],"character_chosen":"DEFECT","items_purchased":["Cold Snap","Ball Lightning","Ginger","Orrery"],"campfire_rested":0,"item_purchase_floors":[5,5,10,14],"current_hp_per_floor":[66,66,66,64,64,64,56,39,39,39,33,33,27,27,27,0,0],"gold":53,"neow_bonus":"RANDOM_COLORLESS_2","is_daily":false,"chose_seed":false,"campfire_upgraded":2,"win_rate":0.0,"timestamp":1607677640,"path_taken":["M","?","M","M","$","R","?","E","T","$","M","M","M","?","R","BOSS"],"items_purchased_type":["Card","Card","Relic","Relic"],"build_version":"2020-11-30","purchased_purges":1,"victory":false,"max_hp_per_floor":[68,68,68,68,68,68,68,68,68,68,68,68,68,68,68,68,68],"relic_stats":{"SsserpentHead":100,"counters":[9,32],"Ginger":[2],"obtain_stats":[{"SsserpentHead":2,"Orrery":14,"The Courier":8,"Omamori":9,"Ginger":10,"Cracked Core":0},{"SsserpentHead":1,"Orrery":8,"The Courier":5,"Omamori":5,"Ginger":5,"Cracked Core":0},{"SsserpentHead":3,"Orrery":29,"The Courier":18,"Omamori":18,"Ginger":18,"Cracked Core":0}]},"card_choices":[{"not_picked":["Metamorphosis","Violence"],"picked":"HandOfGreed","floor":0.0},{"not_picked":["Hologram","Redo"],"picked":"Conserve Battery","floor":1.0},{"not_picked":["Coolheaded","Scrape"],"picked":"Beam Cell","floor":3.0},{"not_picked":["Go for the Eyes","Steam"],"picked":"Cold Snap","floor":4.0},{"not_picked":["Leap","Steam Power"],"picked":"Skim","floor":7.0},{"not_picked":["Conserve Battery","Go for the Eyes"],"picked":"Sunder","floor":8.0},{"not_picked":["Fusion","Ball Lightning"],"picked":"Compile Driver","floor":11.0},{"not_picked":["Double Energy","Cold Snap"],"picked":"Echo Form","floor":12.0},{"not_picked":["Streamline","Beam Cell"],"picked":"Go for the Eyes","floor":13.0},{"not_picked":["Heatsinks","Leap"],"picked":"Glacier","floor":14.0},{"not_picked":["Steam","Sweeping Beam"],"picked":"Loop","floor":14.0},{"not_picked":["Tempest","Lockon"],"picked":"Genetic Algorithm","floor":14.0},{"not_picked":["Static Discharge","Hologram"],"picked":"Aggregate","floor":14.0},{"not_picked":["Redo","Static Discharge"],"picked":"Aggregate","floor":14.0}],"player_experience":274619,"relics_obtained":[{"floor":8.0,"key":"The Courier"},{"floor":9.0,"key":"Omamori"}],"event_choices":[{"damage_healed":0.0,"max_hp_gain":0.0,"max_hp_loss":0.0,"gold_gain":0.0,"event_name":"FaceTrader","player_choice":"Trade","floor":2.0,"gold_loss":0.0,"damage_taken":0.0,"relics_obtained":["SsserpentHead"]}],"is_beta":false,"boss_relics":[],"items_purged_floors":[5],"is_endless":false,"potions_floor_spawned":[7,11,13],"killed_by":"Slime Boss","ascension_level":4}}