{"host":"otf1z5955ddlv5pq","time":1607673667,"event":{"mods":["BaseMod","Beaked The Cultist","Better Note","Better Third Choice","Colored Map","Colored Powertips","Downfall","Minty Spire (QoL Compilation)","Rare Cards Sparkle","Replay The Spire","StSLib"],"gold_per_floor":[111,111,129,53,69,69,97,97,97,110,128,128,157,172,172,269,269,280,205,221,121,121,155,155,172,195,206,219,219,219],"floor_reached":29,"playtime":5939,"items_purged":["beaked:Strike_Y","beaked:Strike_Y"],"score":282,"play_id":"8ca97717-0e2f-4b30-847c-3c7a3639d29c","local_time":"20201211000107","is_ascension_mode":false,"campfire_choices":[{"data":"beaked:StickSmack","floor":6.0,"key":"SMITH"},{"data":"beaked:BraceForImpact","floor":8.0,"key":"SMITH"},{"data":"beaked:BraceForImpact","floor":12.0,"key":"SMITH"},{"data":"ReplayTheSpireMod:Wings of Steel","floor":15.0,"key":"SMITH"},{"data":"beaked:DarkPact","floor":24.0,"key":"SMITH"}],"circlet_count":0,"master_deck":["beaked:Strike_Y","beaked:Strike_Y","beaked:Strike_Y","beaked:Strike_Y","beaked:Defend_Y","beaked:Defend_Y","beaked:Defend_Y","beaked:Defend_Y","beaked:Ceremony","beaked:Ceremony","beaked:Ceremony","beaked:BraceForImpact+1","beaked:TuckingFeathers","beaked:Insight","beaked:StickSmack+1","beaked:Roost","beaked:BraceForImpact+1","beaked:BraceForImpact","ReplayTheSpireMod:Wings of Steel+1","beaked:DarkPact+1","beaked:Roost","beaked:MachineSpirit+1","beaked:BraceForImpact"],"relics":["beaked:MendingPlumage","Chameleon Ring","ReplayFunnel","CaptainsWheel","Replay:Bronze Core","Onion Ring","Smiling Mask"],"acts_visited":[],"potions_floor_usage":[29,29,29],"damage_taken":[{"damage":9.0,"enemies":"2 Louse","floor":1.0,"turns":4.0},{"damage":5.0,"enemies":"Cultist","floor":3.0,"turns":5.0},{"damage":9.0,"enemies":"Small Slimes","floor":5.0,"turns":5.0},{"damage":39.0,"enemies":"3 Sentries","floor":7.0,"turns":8.0},{"damage":14.0,"enemies":"Gremlin Gang","floor":10.0,"turns":7.0},{"damage":3.0,"enemies":"2 Fungi Beasts","floor":11.0,"turns":5.0},{"damage":27.0,"enemies":"Lagavulin","floor":13.0,"turns":7.0},{"damage":14.0,"enemies":"3 Louse","floor":14.0,"turns":5.0},{"damage":46.0,"enemies":"The Guardian","floor":16.0,"turns":9.0},{"damage":0.0,"enemies":"Chosen","floor":18.0,"turns":7.0},{"damage":0.0,"enemies":"Spheric Guardian","floor":20.0,"turns":6.0},{"damage":27.0,"enemies":"Gremlin Leader","floor":23.0,"turns":8.0},{"damage":27.0,"enemies":"3 Cultists","floor":25.0,"turns":10.0},{"damage":9,"enemies":"Centurion and Healer","floor":27,"turns":10},{"damage":2,"enemies":"Cultist and Chosen","floor":28,"turns":8},{"damage":38,"enemies":"Colosseum Slavers","floor":29,"turns":8},{"damage":68,"enemies":"Colosseum Nobs","floor":29,"turns":5}],"seed_played":"-2157897120638276345","potions_obtained":[{"floor":5.0,"key":"sneckomod:MuddlingPotion"},{"floor":7.0,"key":"PowerPotion"},{"floor":13.0,"key":"Languid Potion"},{"floor":16.0,"key":"Strength Potion"},{"floor":18.0,"key":"BlessingOfTheForge"},{"floor":28,"key":"SkillPotion"}],"is_trial":false,"path_per_floor":["M","?","M","$","M","R","E","R","T","M","M","R","E","M","R","B",null,"M","$","M","$","?","E","R","M","T","M","M","?"],"character_chosen":"BEAKED_THE_CULTIST","items_purchased":["beaked:StickSmack"],"campfire_rested":0,"item_purchase_floors":[4],"current_hp_per_floor":[54,54,55,55,55,55,39,39,39,53,55,55,40,45,45,41,55,55,55,55,55,55,55,55,55,55,55,55,0,0],"gold":219,"neow_bonus":"TEN_PERCENT_HP_BONUS","is_daily":false,"chose_seed":false,"campfire_upgraded":5,"win_rate":0.0,"timestamp":1607673667,"path_taken":["M","?","M","$","M","R","E","R","T","M","?","R","E","M","R","BOSS","M","$","M","$","?","E","R","M","T","?","M","?"],"items_purchased_type":["Card"],"build_version":"2020-11-30","purchased_purges":2,"victory":false,"max_hp_per_floor":[55,55,55,55,55,55,55,55,55,55,55,55,55,55,55,55,55,55,55,55,55,55,55,55,55,55,55,55,55,55],"card_choices":[{"not_picked":["beaked:DigDeeper","beaked:Mantra"],"picked":"beaked:BraceForImpact","floor":1.0},{"not_picked":["beaked:RuinSticks","beaked:MimicMachine"],"picked":"beaked:Insight","floor":3.0},{"not_picked":["beaked:Evade","beaked:Foresight","beaked:MimicMachine"],"picked":"SKIP","floor":5.0},{"not_picked":["beaked:Poke","beaked:MaddeningMurmurs","beaked:Struggle"],"picked":"SKIP","floor":7.0},{"not_picked":["beaked:Foresight","beaked:Daydream"],"picked":"beaked:Roost","floor":10.0},{"not_picked":["beaked:DigDeeper","beaked:Evade"],"picked":"beaked:BraceForImpact","floor":11.0},{"not_picked":["beaked:Cower","beaked:CrazyRituals"],"picked":"beaked:BraceForImpact","floor":13.0},{"not_picked":["beaked:Resilience","beaked:Windmill"],"picked":"ReplayTheSpireMod:Wings of Steel","floor":14.0},{"not_picked":["beaked:FakeOut","beaked:FullHouse"],"picked":"beaked:DarkPact","floor":16.0},{"not_picked":["beaked:BounceBack","beaked:Daydream","beaked:WarriorEssence+1"],"picked":"SKIP","floor":18.0},{"not_picked":["beaked:Insight+1","beaked:Flinch"],"picked":"beaked:Roost","floor":20.0},{"not_picked":["beaked:StickSmack","beaked:VigorBurst"],"picked":"beaked:MachineSpirit+1","floor":23.0},{"not_picked":["beaked:FeelMyPain","beaked:Evade","beaked:SurvivalInstinct"],"picked":"SKIP","floor":25.0},{"not_picked":["beaked:Insight","beaked:CrazyRituals"],"picked":"beaked:BraceForImpact","floor":27},{"not_picked":["beaked:Tweet+1","beaked:MimicHuntress","beaked:Poke+1"],"picked":"SKIP","floor":28}],"player_experience":837836,"relics_obtained":[{"floor":7.0,"key":"Chameleon Ring"},{"floor":9.0,"key":"ReplayFunnel"},{"floor":13.0,"key":"CaptainsWheel"},{"floor":23.0,"key":"Onion Ring"},{"floor":26.0,"key":"Smiling Mask"}],"event_choices":[{"damage_healed":0.0,"max_hp_gain":0.0,"max_hp_loss":0.0,"gold_gain":0.0,"event_name":"Match and Keep!","player_choice":"1 cards matched","floor":2.0,"gold_loss":0.0,"damage_taken":0.0,"cards_obtained":["beaked:TuckingFeathers"]},{"damage_healed":0.0,"max_hp_gain":0.0,"max_hp_loss":0.0,"gold_gain":0.0,"event_name":"betterNote:BetterNote","player_choice":"Ignored","floor":22.0,"gold_loss":0.0,"damage_taken":0.0,"cards_obtained":["Electrodynamics"]},{"damage_healed":0,"gold_gain":0,"player_choice":"Fight","damage_taken":0,"max_hp_gain":0,"max_hp_loss":0,"event_name":"Colosseum","floor":29,"gold_loss":0},{"damage_healed":0,"gold_gain":0,"player_choice":"Fought Nobs","damage_taken":0,"max_hp_gain":0,"max_hp_loss":0,"event_name":"Colosseum","floor":29,"gold_loss":0}],"is_beta":false,"boss_relics":[{"not_picked":["ReplayTheSpireMod:DimensionalGlitch","Runic Dome"],"picked":"Replay:Bronze Core"}],"items_purged_floors":[19,21],"is_endless":false,"potions_floor_spawned":[5,7,13,16,18,28,29],"killed_by":"Colosseum Nobs","ascension_level":0}}