{"host":"4ih4fq53sefgqhvb","time":1607647311,"event":{"mods":["BaseMod","StSLib","Aspiration","Bard","Colored Powertips","Conspire","Googly Eyes","Hubris","Jedi Mod","Marisa????????","Minty Spire (QoL Compilation)","Replay The Spire","Shop Mod","The Cursed","The Jungle","The Runesmith","AchievementEnabler","Mimic Mod","Quick Restart","The Animator","BetterRewards","Hermit","Relic Stats","Colored Map","Highlight Path","Infinite Spire","Downfall","Jorbs\u0027s Wanderer Trilogy"],"gold_per_floor":[20,38,38,38,50,81,99,118,145,162,162,173,173,187,187,284,284,302,302,302,312,425,458,472,272,272,286,390,23,86,86,86,215,215,238,238,250,369,419,419,438,498,523,583,366,443,487,537,537,609,609,609,133,165,165],"floor_reached":54,"playtime":5361,"items_purged":["Injury","Normality"],"score":865,"play_id":"84189a85-3978-4031-a89e-2b7408fb32da","local_time":"20201210164151","is_ascension_mode":false,"campfire_choices":[{"floor":11,"key":"REST"},{"floor":13,"key":"REST"},{"floor":15,"key":"RECALL"},{"data":"OortCloud","floor":32,"key":"SMITH"},{"floor":40,"key":"REST"},{"data":"MeteoricShower","floor":49,"key":"SMITH"},{"data":"UpSweep","floor":49,"key":"SMITH"}],"circlet_count":0,"master_deck":["Strike_MRS","Strike_MRS","Defend_MRS","Defend_MRS","Defend_MRS","Defend_MRS","MasterSpark","UpSweep+1","BinaryStars+1","GravityBeat","ShootingEcho+1","OortCloud+1","PowerUp+1","StarDustReverie+1","OortCloud+1","SprinkleStarSeal+1","StarBarrage","UltimateShortwave+1","ShootingEcho+1","ShootingEcho+1","EnergyFlow","MagicChant+1","MysteriousBeam","conspire:SpireCoStock+1","conspire:SpireCoStock+1","conspire:SpireCoStock+1","conspire:SpireCoStock+1","SporeBomb+1","StarDustReverie+1","EarthLightRay+1","EarthLightRay+1","MysteriousBeam","hubris:NaturalOne","ChargingUp+1","StarDustReverie+1","SporeBomb+1","Orbital+1","ShootingEcho+1","MeteoricShower+1","MagicAbsorber+1","ShootingEcho+1","WitchLeyline","Discovery+1","Orbital+1","EarthLightRay+1","ReplayUltimateDefense","expansioncontent:DefensiveStance","expansioncontent:ManipulateTime+1","Normality"],"relics":["MiniHakkero","Toxic Egg 2","Replay:Bottled Eggs","ChewingGum","hubris:Icosahedron","Thread and Needle","FossilizedHelix","jedi:cryingmask","MerchantsRug","Bronze Scales","Philosopher\u0027s Stone","Replay:Arrowhead","Blood Vial","hubris:Teleporter","ReplayTheSpireMod:Ring of Addiction","White Beast Statue","Chameleon Ring","Ring of Greed","Replay:Bandana","infinitespire:Midas Blood","ReplayTheSpireMod:ShopPack","InkBottle"],"acts_visited":["Exordium","Exordium","TheBeyond","TheEnding"],"potions_floor_usage":[14,16,21,23,23,23,33,38,39,46,47,50,54],"damage_taken":[{"damage":0,"enemies":"2 Louse","floor":1,"turns":2},{"damage":1,"enemies":"Cultist","floor":2,"turns":3},{"damage":0,"enemies":"Small Slimes","floor":5,"turns":2},{"damage":45,"enemies":"3 Sentries","floor":6,"turns":9},{"damage":16,"enemies":"Exordium Thugs","floor":7,"turns":4},{"damage":7,"enemies":"Red Slaver","floor":8,"turns":5},{"damage":0,"enemies":"Looter","floor":10,"turns":2},{"damage":0,"enemies":"Blue Slaver","floor":12,"turns":2},{"damage":0,"enemies":"2 Fungi Beasts","floor":14,"turns":3},{"damage":2,"enemies":"The Guardian","floor":16,"turns":9},{"damage":0,"enemies":"theJungle:5_Spyders","floor":18,"turns":7},{"damage":6,"enemies":"theJungle:GiantWrat","floor":21,"turns":5},{"damage":27,"enemies":"theJungle:Snecko_Cultist_And_Trap","floor":22,"turns":6},{"damage":33,"enemies":"theJungle:MamaSnecko","floor":23,"turns":9},{"damage":1,"enemies":"theJungle:Lyon","floor":24,"turns":4},{"damage":0,"enemies":"Snake Plant","floor":27,"turns":4},{"damage":5,"enemies":"theJungle:Cassacara","floor":28,"turns":6},{"damage":0,"enemies":"conspire:MimicChest","floor":30,"turns":7},{"damage":0,"enemies":"theJungle:FunGuy","floor":33,"turns":3},{"damage":14,"enemies":"3 Darklings","floor":35,"turns":4},{"damage":2,"enemies":"Orb Walker","floor":37,"turns":3},{"damage":6,"enemies":"3 Darklings","floor":38,"turns":8},{"damage":16,"enemies":"Mind Bloom Boss Battle","floor":39,"turns":3},{"damage":5,"enemies":"Sphere and 2 Shapes","floor":41,"turns":3},{"damage":32,"enemies":"4 Shapes","floor":42,"turns":4},{"damage":0,"enemies":"Spire Growth","floor":44,"turns":5},{"damage":4,"enemies":"Writhing Mass","floor":46,"turns":3},{"damage":14,"enemies":"Giant Head","floor":47,"turns":7},{"damage":59,"enemies":"Awakened One","floor":50,"turns":9},{"damage":79,"enemies":"Shield and Spear","floor":54,"turns":5}],"seed_played":"444757902570044409","potions_obtained":[{"floor":1,"key":"Reflective Coating"},{"floor":8,"key":"Block Potion"},{"floor":10,"key":"GamblersBrew"},{"floor":12,"key":"EssenceOfSteel"},{"floor":16,"key":"sneckomod:MuddlingPotion"},{"floor":18,"key":"Explosive Potion"},{"floor":22,"key":"Block Potion"},{"floor":33,"key":"EntropicBrew"},{"floor":35,"key":"LifebloodPotion"},{"floor":38,"key":"Milkshake"},{"floor":42,"key":"PowerPotion"},{"floor":44,"key":"AttackPotion"},{"floor":47,"key":"BottledSpark"},{"floor":48,"key":"ShroomBrew"},{"floor":48,"key":"Toxic Potion"},{"floor":52,"key":"FearPotion"}],"is_trial":false,"path_per_floor":["M","M","?","$","M","E","M","M","T","M","R","M","R","M","R","B",null,"M","?","?","M","M","E","M","?","T","M","E","$","?","$","R","B",null,"M","?","M","M","?","R","M","M","T","M","$","M","E","?","R","B",null,"R","$","E"],"character_chosen":"MARISA","items_purchased":["Guide Book","MerchantsRug","EarthLightRay+1","MysteriousBeam","WitchLeyline","Discovery+1","ReplayTheSpireMod:ShopPack","InkBottle"],"campfire_rested":3,"item_purchase_floors":[29,29,29,29,45,45,53,53],"current_hp_per_floor":[75,74,74,74,74,29,13,6,6,6,28,28,50,50,50,48,75,75,75,75,69,42,9,8,8,8,75,70,70,75,75,75,75,75,67,67,71,75,59,75,70,44,44,46,46,62,62,62,62,23,75,75,75,0,0],"gold":165,"neow_bonus":"TRANSFORM_TWO_CARDS","is_daily":false,"chose_seed":false,"campfire_upgraded":3,"win_rate":0,"timestamp":1607647311,"path_taken":["M","M","?","?","M","E","M","M","T","M","R","?","R","M","R","BOSS","M","?","?","M","?","E","M","?","T","M","E","$","?","?","R","BOSS","M","?","M","M","?","R","M","?","T","M","$","?","E","?","R","BOSS","R","$","E"],"build_version":"2020-11-30","purchased_purges":2,"victory":false,"max_hp_per_floor":[75,75,75,75,75,75,75,75,75,75,75,75,75,75,75,75,75,75,75,75,75,75,75,75,75,75,75,75,75,75,75,75,75,75,75,75,75,75,75,75,75,75,75,75,75,75,75,75,75,75,75,75,75,73,73],"relic_stats":{"Blood Vial":8,"counters":[44,196],"Bronze Scales":[193],"obtain_stats":[{"Golden Egg":9,"Tiny House":17,"Blood Vial":43,"Nunchaku":6,"Replay:Bandana":48,"hubris:Icosahedron":19,"Chameleon Ring":48,"aspiration:AnachronicSnailShell":0,"Strawberry":26,"jedi:cryingmask":28,"Philosopher\u0027s Stone":34,"Toxic Egg 2":3,"Replay:Bottled Eggs":6,"InkBottle":53,"MerchantsRug":22,"hubris:Teleporter":47,"Golden Idol":5,"aspiration:FetidBarrel":7,"Guide Book":29,"ReplayTheSpireMod:Ring of Addiction":48,"Thread and Needle":23,"Ring of Greed":48,"Replay:Arrowhead":39,"White Beast Statue":48,"Bronze Scales":30,"ChewingGum":17,"MiniHakkero":0,"Toy Ornithopter":19,"FossilizedHelix":26,"infinitespire:Midas Blood":48,"ReplayTheSpireMod:ShopPack":53},{"Golden Egg":3,"Tiny House":7,"Blood Vial":39,"Nunchaku":3,"Replay:Bandana":42,"hubris:Icosahedron":25,"Chameleon Ring":42,"aspiration:AnachronicSnailShell":0,"Strawberry":12,"jedi:cryingmask":31,"Philosopher\u0027s Stone":33,"Toxic Egg 2":16,"Replay:Bottled Eggs":18,"InkBottle":43,"MerchantsRug":10,"hubris:Teleporter":42,"Golden Idol":2,"aspiration:FetidBarrel":3,"Guide Book":31,"ReplayTheSpireMod:Ring of Addiction":42,"Thread and Needle":28,"Ring of Greed":42,"Replay:Arrowhead":37,"White Beast Statue":42,"Bronze Scales":32,"ChewingGum":24,"MiniHakkero":0,"Toy Ornithopter":8,"FossilizedHelix":29,"infinitespire:Midas Blood":42,"ReplayTheSpireMod:ShopPack":43},{"Golden Egg":14,"Tiny House":28,"Blood Vial":167,"Nunchaku":14,"Replay:Bandana":182,"hubris:Icosahedron":98,"Chameleon Ring":182,"aspiration:AnachronicSnailShell":0,"Strawberry":44,"jedi:cryingmask":132,"Philosopher\u0027s Stone":142,"Toxic Egg 2":55,"Replay:Bottled Eggs":66,"InkBottle":191,"MerchantsRug":37,"hubris:Teleporter":182,"Golden Idol":6,"aspiration:FetidBarrel":14,"Guide Book":132,"ReplayTheSpireMod:Ring of Addiction":182,"Thread and Needle":118,"Ring of Greed":182,"Replay:Arrowhead":160,"White Beast Statue":182,"Bronze Scales":139,"ChewingGum":91,"MiniHakkero":0,"Toy Ornithopter":31,"FossilizedHelix":122,"infinitespire:Midas Blood":182,"ReplayTheSpireMod:ShopPack":191}],"InkBottle":[2]},"card_choices":[{"not_picked":["IllusionStar","UnstableBomb","WitchOfGreed"],"picked":"SKIP","floor":1},{"not_picked":["ChargeUpSpray","UnstableBomb"],"picked":"ShootingEcho","floor":2},{"not_picked":["UnstableBomb","MilkyWay+1"],"picked":"OortCloud","floor":5},{"not_picked":["RefractionSpark","MagicAbsorber+1"],"picked":"PowerUp+1","floor":6},{"not_picked":["RefractionSpark","IllusionStar+1"],"picked":"MysteriousBeam","floor":7},{"not_picked":["IllusionStar+1","DC"],"picked":"StarDustReverie+1","floor":8},{"not_picked":["PulseMagic+1","AsteroidBelt+1"],"picked":"OortCloud","floor":10},{"not_picked":["6A","OneTimeOff+1"],"picked":"SprinkleStarSeal+1","floor":12},{"not_picked":["GravityBeat","RefractionSpark"],"picked":"StarBarrage","floor":14},{"not_picked":["ManaRampage+1","SatelliteIllusion"],"picked":"UltimateShortwave+1","floor":16},{"not_picked":["6A","ShootTheMoon"],"picked":"ShootingEcho+1","floor":18},{"not_picked":["IllusionStar+1","6A"],"picked":"ShootingEcho","floor":21},{"not_picked":["GravityBeat","DoubleSpark+1"],"picked":"EnergyFlow","floor":22},{"not_picked":["ShootingEcho","FairyDestructionRay"],"picked":"MagicChant+1","floor":23},{"not_picked":["DoubleSpark","ChargeUpSpray"],"picked":"MysteriousBeam","floor":24},{"not_picked":["MilkyWay+1","WitchOfGreed+1"],"picked":"SporeBomb+1","floor":27},{"not_picked":["6A","UnstableBomb"],"picked":"StarDustReverie+1","floor":28},{"not_picked":["UnstableBomb","MachineGunSpark"],"picked":"ChargingUp+1","floor":30},{"not_picked":["UltimateShortwave+1","MillisecondPulsars"],"picked":"StarDustReverie+1","floor":33},{"not_picked":["LuminesStrike","UnstableBomb"],"picked":"SporeBomb+1","floor":35},{"not_picked":["WitchLeyline","6A"],"picked":"Orbital+1","floor":37},{"not_picked":["DC+1","6A"],"picked":"ShootingEcho+1","floor":38},{"not_picked":["MysteriousBeam","Acceleration+1"],"picked":"MeteoricShower","floor":39},{"not_picked":["NonDirectionalLaser","MachineGunSpark+1","SporeBomb+1"],"picked":"SKIP","floor":41},{"not_picked":["WitchLeyline+1","NonDirectionalLaser"],"picked":"MagicAbsorber+1","floor":42},{"not_picked":["6A+1","IllusionStar+1"],"picked":"ShootingEcho+1","floor":44},{"not_picked":["GrandCross+1","IllusionStar+1"],"picked":"Orbital+1","floor":46},{"not_picked":["BlazingStar","WitchOfGreed"],"picked":"EarthLightRay+1","floor":47},{"not_picked":["Secret Weapon","hubris:EnhanceAbility"],"picked":"ReplayUltimateDefense","floor":53},{"not_picked":["expansioncontent:FaceSlap","Replay:SS_forest_5"],"picked":"expansioncontent:DefensiveStance","floor":53},{"not_picked":["Magnetism","Replay:Parry"],"picked":"expansioncontent:ManipulateTime","floor":53}],"player_experience":836089,"relics_obtained":[{"floor":6,"key":"Replay:Bottled Eggs"},{"floor":23,"key":"Thread and Needle"},{"floor":26,"key":"FossilizedHelix"},{"floor":28,"key":"jedi:cryingmask"},{"floor":30,"key":"Bronze Scales"},{"floor":39,"key":"Replay:Arrowhead"},{"floor":43,"key":"Blood Vial"},{"floor":47,"key":"hubris:Teleporter"},{"floor":48,"key":"ReplayTheSpireMod:Ring of Addiction"},{"floor":48,"key":"White Beast Statue"},{"floor":48,"key":"Chameleon Ring"},{"floor":48,"key":"Ring of Greed"},{"floor":48,"key":"Replay:Bandana"},{"floor":48,"key":"infinitespire:Midas Blood"}],"event_choices":[{"damage_healed":0,"gold_gain":0,"player_choice":"Invest 4","damage_taken":0,"max_hp_gain":0,"max_hp_loss":0,"event_name":"conspire:Investor","floor":25,"gold_loss":0},{"cards_removed":["MysteriousBeam"],"damage_healed":0,"gold_gain":0,"player_choice":"Removed Attack","damage_taken":0,"max_hp_gain":0,"max_hp_loss":0,"event_name":"Falling","floor":36,"gold_loss":0},{"damage_healed":0,"gold_gain":0,"player_choice":"Fight","damage_taken":0,"max_hp_gain":0,"max_hp_loss":0,"event_name":"MindBloom","floor":39,"gold_loss":0}],"is_beta":false,"boss_relics":[{"not_picked":["hubris:HollowSoul","conspire:RoyalGoblet"],"picked":"ChewingGum"},{"not_picked":["hubris:RunicObelisk","Busted Crown"],"picked":"Philosopher\u0027s Stone"}],"items_purged_floors":[45,53],"is_endless":false,"potions_floor_spawned":[1,8,10,12,16,18,22,33,35,37,38,42,44,47],"killed_by":"Shield and Spear","ascension_level":0}}