{"host":"6gwm7y0tp7acoxay","time":1607685504,"event":{"mods":["AchievementEnabler","BaseMod","Colored Map","Keyboard Shortcuts","Minty Spire (QoL Compilation)","Quick Restart","StSLib","SuperFastMode","everything is the same but u backflip on backflip"],"gold_per_floor":[114,114,129,129,144,159,189,204,204,204,219,219,44,74,74,174,174,189,104,203,218,233,263,278,293,293,308,338,368,383,398,398,398,398],"floor_reached":33,"playtime":1501,"items_purged":[],"score":373,"play_id":"f832267d-9fab-4ee4-9cb7-5b68ec983593","local_time":"20201211201824","daily_mods":["Heirloom","Green Cards","DeadlyEvents"],"is_ascension_mode":false,"campfire_choices":[{"data":"Eruption","floor":10,"key":"SMITH"},{"data":"Adaptation","floor":12,"key":"SMITH"},{"data":"SashWhip","floor":15,"key":"SMITH"},{"data":"Consecrate","floor":32,"key":"SMITH"}],"circlet_count":0,"master_deck":["Strike_P","Strike_P","Strike_P","Defend_P","Defend_P","Defend_P","Eruption+1","Vigilance","SashWhip+1","EmptyFist","Adaptation","Adaptation+1","EmptyBody","Consecrate+1","Dodge and Roll","Malaise"],"relics":["PureWater","Mango","Matryoshka","Bag of Marbles","Mummified Hand","Frozen Egg 2","Medical Kit","Orichalcum","Empty Cage","Singing Bowl","Thread and Needle","MealTicket","Ornamental Fan","Akabeko","Dream Catcher"],"acts_visited":["Exordium","TheCity"],"potions_floor_usage":[14,18,23,27,33],"damage_taken":[{"damage":0.0,"enemies":"2 Louse","floor":1.0,"turns":4.0},{"damage":4.0,"enemies":"Small Slimes","floor":3.0,"turns":3.0},{"damage":3.0,"enemies":"Jaw Worm","floor":5.0,"turns":3.0},{"damage":2.0,"enemies":"Looter","floor":6.0,"turns":3.0},{"damage":15.0,"enemies":"Lagavulin","floor":7.0,"turns":7.0},{"damage":7,"enemies":"3 Louse","floor":8,"turns":3},{"damage":7,"enemies":"Large Slime","floor":11,"turns":8},{"damage":4,"enemies":"3 Sentries","floor":14,"turns":5},{"damage":19,"enemies":"The Guardian","floor":16,"turns":12},{"damage":4,"enemies":"3 Byrds","floor":18,"turns":5},{"damage":10,"enemies":"Chosen","floor":21,"turns":7},{"damage":18,"enemies":"Sentry and Sphere","floor":22,"turns":5},{"damage":4,"enemies":"Book of Stabbing","floor":23,"turns":6},{"damage":1,"enemies":"Centurion and Healer","floor":24,"turns":5},{"damage":5,"enemies":"Shelled Parasite and Fungi","floor":25,"turns":4},{"damage":1,"enemies":"Cultist and Chosen","floor":27,"turns":6},{"damage":4,"enemies":"Gremlin Leader","floor":28,"turns":9},{"damage":3,"enemies":"Book of Stabbing","floor":29,"turns":7},{"damage":3,"enemies":"Snake Plant","floor":30,"turns":5},{"damage":8,"enemies":"Centurion and Healer","floor":31,"turns":7},{"damage":45,"enemies":"Automaton","floor":33,"turns":6}],"seed_played":"-551933171069321123","potions_obtained":[{"floor":6.0,"key":"Regen Potion"},{"floor":11,"key":"Fire Potion"},{"floor":14,"key":"Energy Potion"},{"floor":16,"key":"Ancient Potion"},{"floor":22,"key":"Dexterity Potion"},{"floor":23,"key":"Swift Potion"},{"floor":28,"key":"Strength Potion"}],"is_trial":false,"path_per_floor":["M","?","M","?","M","M","E","M","T","R","M","R","$","E","R","B",null,"M","?","?","M","M","E","M","M","T","M","E","E","M","M","R","B"],"character_chosen":"WATCHER","items_purchased":["Medical Kit","Consecrate"],"campfire_rested":0,"item_purchase_floors":[13,13],"current_hp_per_floor":[86,83,79,79,76,74,59,52,52,52,45,45,45,55,55,36,86,82,82,82,74,58,56,57,54,54,55,53,52,51,45,45,0,0],"gold":398,"neow_bonus":"","is_daily":true,"chose_seed":false,"campfire_upgraded":4,"win_rate":0.0,"timestamp":1607685504,"path_taken":["M","?","M","?","M","M","E","M","T","R","M","R","$","E","R","BOSS","M","?","?","M","M","E","M","?","T","M","E","?","M","M","R","BOSS"],"items_purchased_type":["Relic","Card"],"build_version":"2020-11-30","purchased_purges":0,"victory":false,"max_hp_per_floor":[86,86,86,86,86,86,86,86,86,86,86,86,86,86,86,86,86,86,86,86,88,90,92,94,96,96,98,100,102,104,106,106,106,106],"card_choices":[{"not_picked":["Prostrate","Blade Dance"],"picked":"SashWhip","floor":1.0},{"not_picked":["Outmaneuver","Collect"],"picked":"EmptyFist","floor":3.0},{"not_picked":["ReachHeaven","Dash"],"picked":"Adaptation","floor":5.0},{"not_picked":["Sucker Punch","Protect","WreathOfFlame"],"picked":"SKIP","floor":6.0},{"not_picked":["Crippling Poison","BowlingBash"],"picked":"Adaptation","floor":7},{"not_picked":["DeceiveReality","Tantrum"],"picked":"EmptyBody","floor":8},{"not_picked":["Concentrate","EmptyFist","ClearTheMind"],"picked":"SKIP","floor":11},{"not_picked":["Protect","Dodge and Roll","Conclude"],"picked":"SKIP","floor":14},{"not_picked":["Protect","Conclude"],"picked":"Dodge and Roll","floor":14},{"not_picked":["Tools of the Trade+1","Wish"],"picked":"Malaise","floor":16},{"not_picked":["Dodge and Roll+1","Deadly Poison","SashWhip+1"],"picked":"SKIP","floor":18},{"not_picked":["Crescendo","SandsOfTime","FlurryOfBlows"],"picked":"Singing Bowl","floor":21},{"not_picked":["Swivel","Choke","Worship"],"picked":"Singing Bowl","floor":22},{"not_picked":["Flying Knee","Establishment+1","Acrobatics"],"picked":"Singing Bowl","floor":23},{"not_picked":["FlyingSleeves+1","WindmillStrike","Deadly Poison+1"],"picked":"Singing Bowl","floor":24},{"not_picked":["Dagger Throw","Blade Dance","Crescendo"],"picked":"Singing Bowl","floor":25},{"not_picked":["SashWhip","Tactician","Quick Slash"],"picked":"Singing Bowl","floor":27},{"not_picked":["Vengeance","WindmillStrike","Night Terror"],"picked":"Singing Bowl","floor":28},{"not_picked":["Acrobatics","Poisoned Stab","BowlingBash"],"picked":"Singing Bowl","floor":29},{"not_picked":["Cloak And Dagger","FlurryOfBlows","Poisoned Stab"],"picked":"Singing Bowl","floor":30},{"not_picked":["Pray","Outmaneuver","Consecrate+1"],"picked":"Singing Bowl","floor":31}],"player_experience":4269431,"relics_obtained":[{"floor":7,"key":"Bag of Marbles"},{"floor":9,"key":"Mummified Hand"},{"floor":9,"key":"Frozen Egg 2"},{"floor":14,"key":"Orichalcum"},{"floor":23,"key":"Thread and Needle"},{"floor":26,"key":"MealTicket"},{"floor":26,"key":"Ornamental Fan"},{"floor":28,"key":"Akabeko"},{"floor":29,"key":"Dream Catcher"}],"event_choices":[{"damage_healed":0.0,"max_hp_gain":0.0,"max_hp_loss":0.0,"gold_gain":0.0,"event_name":"Scrap Ooze","player_choice":"Success","floor":2.0,"gold_loss":0.0,"damage_taken":3.0,"relics_obtained":["Matryoshka"]},{"damage_healed":0.0,"max_hp_gain":0.0,"max_hp_loss":0.0,"gold_gain":0.0,"event_name":"Liars Game","player_choice":"Ignored","floor":4.0,"gold_loss":0.0,"damage_taken":0.0},{"damage_healed":0,"gold_gain":0,"player_choice":"Obtained Relic","damage_taken":0,"relics_obtained":["Singing Bowl"],"max_hp_gain":0,"max_hp_loss":0,"event_name":"Addict","floor":19,"gold_loss":85},{"damage_healed":0,"gold_gain":99,"player_choice":"Stole From Cult","damage_taken":0,"max_hp_gain":0,"max_hp_loss":0,"event_name":"Nest","floor":20,"gold_loss":0}],"is_beta":false,"boss_relics":[{"not_picked":["Black Star","Calling Bell"],"picked":"Empty Cage"}],"items_purged_floors":[],"is_endless":false,"potions_floor_spawned":[6,11,14,16,22,23,25,28,29],"killed_by":"Automaton","ascension_level":0}}