{"host":"5pvsezzv96u4cz40","time":1607701359,"event":{"mods":["Act Like it!","BaseMod","BetterRewards","CapriCore","Colored Map","Colored Powertips","GifTheSpireLib","Hubris","Menagerie","Minty Spire (QoL Compilation)","Replay The Spire","Shop Mod","StSLib","The Mystic","[IsaacMod]????"],"gold_per_floor":[110,125,125,125,141,141,156,172,172,188,188,31,47,47,47,73,73,169,169,184,3,22,35,69,69,101,111,111,111,111,138,148,162,162,162,162],"floor_reached":35,"playtime":4487,"items_purged":[],"score":300,"play_id":"3a6fd1eb-f33d-4368-b1d4-3bc057156ebb","local_time":"20201211164239","is_ascension_mode":false,"campfire_choices":[{"data":"Menagerie:LightningHelix","floor":6,"key":"SMITH"},{"floor":17,"key":"REST"},{"floor":25,"key":"REST"},{"floor":30,"key":"REST"},{"floor":34,"key":"REST"}],"circlet_count":0,"master_deck":["mysticmod:Strike_Mystic","mysticmod:Strike_Mystic","mysticmod:Strike_Mystic","mysticmod:Strike_Mystic","mysticmod:Defend_Mystic","mysticmod:Defend_Mystic","mysticmod:Defend_Mystic+1","mysticmod:Defend_Mystic+1","mysticmod:ArcaneDodge","mysticmod:ShockingGrasp","BettingIsNotGood","mysticmod:Shield","mysticmod:Feint","Menagerie:LightningHelix+1","Menagerie:Slaughter","mysticmod:CorrosiveTouch","mysticmod:BladeMaster","mysticmod:MagicMissile","mysticmod:Sideswipe","mysticmod:FiveFootStep","mysticmod:Riposte","mysticmod:Fly","mysticmod:Stoneskin","mysticmod:ArcaneAccuracy","mysticmod:HunkerDown","mysticmod:MysticalShield","EpicFetus","mysticmod:ComponentsPouch+1","mysticmod:ComponentsPouch+1","mysticmod:CorrosiveTouch+1","mysticmod:StyleChange","mysticmod:MightyMagic","mysticmod:SuddenClarity","mysticmod:CorrosiveTouch+1","mysticmod:DiviningBlow+1","mysticmod:PowerSlash+1"],"relics":["mysticmod:BlessedBook","HushsDoor","DoctorsRemote","NeowsBlessing","War Paint","Orrery","Menagerie:GrandMagusSpellbook","Gremlin Horn","hubris:TinFlute"],"acts_visited":["Menagerie:Menagerie","TheCity"],"potions_floor_usage":[16,18,18,24,31,32,32,35],"damage_taken":[{"damage":3,"enemies":"Menagerie:StygianBoar","floor":1,"turns":1},{"damage":0,"enemies":"Menagerie:WhisperingWraith","floor":2,"turns":1},{"damage":1,"enemies":"Menagerie:MonstrousExperiment","floor":5,"turns":1},{"damage":2,"enemies":"Menagerie:DREAD_MOTH_AND_GRAFTED_WORMS","floor":7,"turns":3},{"damage":7,"enemies":"Menagerie:Hexasnake","floor":8,"turns":3},{"damage":6,"enemies":"Menagerie:MENAGERIE_WILDLIFE","floor":10,"turns":4},{"damage":0,"enemies":"Menagerie:MeltingSalamander","floor":13,"turns":5},{"damage":11,"enemies":"Menagerie:GrandMagus","floor":16,"turns":8},{"damage":9,"enemies":"Menagerie:Suneater","floor":18,"turns":11},{"damage":0,"enemies":"Chosen","floor":20,"turns":4},{"damage":26,"enemies":"2 Thieves","floor":22,"turns":4},{"damage":0,"enemies":"Centurion and Healer","floor":23,"turns":5},{"damage":19,"enemies":"Cultist and Chosen","floor":24,"turns":8},{"damage":37,"enemies":"Slavers","floor":26,"turns":4},{"damage":16,"enemies":"Shelled Parasite and Fungi","floor":27,"turns":3},{"damage":29,"enemies":"Chosen and Byrds","floor":31,"turns":10},{"damage":31,"enemies":"Snake Plant","floor":32,"turns":7},{"damage":2,"enemies":"Centurion and Healer","floor":33,"turns":3},{"damage":65,"enemies":"Collector","floor":35,"turns":6}],"seed_played":"950061048491743971","potions_obtained":[{"floor":8,"key":"Adrenaline Potion"},{"floor":13,"key":"Fire Potion"},{"floor":16,"key":"Weak Potion"},{"floor":22,"key":"Block Potion"},{"floor":27,"key":"Block Potion"},{"floor":31,"key":"SkillPotion"},{"floor":33,"key":"Death Potion"}],"is_trial":false,"path_per_floor":["M","M","?","?","M","R","M","M","T","M","?","$","M","PTL","PTL","?","R","B",null,"M","$","M","M","M","R","E","M","T","?","R","M","M","M","R","B"],"character_chosen":"MYSTIC_CLASS","items_purchased":["Orrery","EpicFetus","FairyPotion","Reflective Coating"],"campfire_rested":4,"item_purchase_floors":[12,19,21,21],"current_hp_per_floor":[74,74,74,69,68,68,71,69,69,68,68,68,73,73,73,66,77,73,73,73,73,52,57,43,64,27,11,11,35,56,32,6,4,25,0,0],"gold":162,"neow_bonus":"THREE_ENEMY_KILL","is_daily":false,"chose_seed":false,"campfire_upgraded":1,"win_rate":0.0,"timestamp":1607701359,"path_taken":["M","M","?","?","M","R","M","M","T","M","?","$","M","PTL","PTL","?","R","BOSS","M","$","M","M","M","R","E","M","T","?","R","M","M","M","R","BOSS"],"items_purchased_type":["Relic","Card","Potion","Potion"],"build_version":"2020-11-30","purchased_purges":0,"victory":false,"max_hp_per_floor":[77,77,77,77,77,77,77,77,77,77,77,77,77,77,77,77,77,77,73,73,73,73,73,73,73,73,73,73,73,73,73,73,73,73,73,73],"card_choices":[{"not_picked":[],"picked":"BettingIsNotGood","floor":0},{"not_picked":["mysticmod:PowerSlash","mysticmod:Disengage"],"picked":"mysticmod:Shield","floor":1},{"not_picked":["mysticmod:Grease","mysticmod:BulkUp"],"picked":"mysticmod:Feint","floor":2},{"not_picked":["Menagerie:Foresee","Menagerie:Tinker"],"picked":"Menagerie:LightningHelix","floor":3},{"not_picked":["mysticmod:BulkUp","mysticmod:Snowball"],"picked":"mysticmod:CorrosiveTouch","floor":5},{"not_picked":["mysticmod:BulkUp","mysticmod:AllIn"],"picked":"mysticmod:BladeMaster","floor":7},{"not_picked":["mysticmod:Snowball","mysticmod:Fireball"],"picked":"mysticmod:MagicMissile","floor":8},{"not_picked":["mysticmod:Fireball","mysticmod:Snowball"],"picked":"mysticmod:Sideswipe","floor":10},{"not_picked":["mysticmod:PowerAttack","mysticmod:Discipline"],"picked":"mysticmod:FiveFootStep","floor":12},{"not_picked":["mysticmod:EbbAndFlow","mysticmod:TomeOfSpells"],"picked":"mysticmod:Riposte","floor":12},{"not_picked":["mysticmod:MirrorStrike","mysticmod:BulkUp"],"picked":"mysticmod:Fly","floor":12},{"not_picked":["mysticmod:FiveFootStep","mysticmod:RapidCaster"],"picked":"mysticmod:Stoneskin","floor":12},{"not_picked":["mysticmod:PowerSlash","mysticmod:HeavyStrike"],"picked":"mysticmod:ArcaneAccuracy","floor":12},{"not_picked":["mysticmod:Feint","mysticmod:Fireball"],"picked":"mysticmod:HunkerDown","floor":13},{"not_picked":["mysticmod:Haste","mysticmod:Momentum"],"picked":"mysticmod:MysticalShield","floor":18},{"not_picked":["mysticmod:Daze","mysticmod:HunkerDown"],"picked":"mysticmod:ComponentsPouch+1","floor":20},{"not_picked":["mysticmod:Riposte+1","mysticmod:MightyMagic+1"],"picked":"mysticmod:ComponentsPouch+1","floor":22},{"not_picked":["mysticmod:Probe","mysticmod:LightningBolt+1"],"picked":"mysticmod:CorrosiveTouch+1","floor":23},{"not_picked":["mysticmod:Shield","mysticmod:TomeOfSpells"],"picked":"mysticmod:StyleChange","floor":24},{"not_picked":["mysticmod:SpontaneousCaster","mysticmod:PreparedCaster"],"picked":"mysticmod:MightyMagic","floor":26},{"not_picked":["mysticmod:KeenEdge","mysticmod:IllusionOfCalm+1"],"picked":"mysticmod:SuddenClarity","floor":27},{"not_picked":["mysticmod:AllIn","mysticmod:LightningBolt+1"],"picked":"mysticmod:CorrosiveTouch+1","floor":31},{"not_picked":["mysticmod:HeavyStrike","mysticmod:Sideswipe"],"picked":"mysticmod:DiviningBlow+1","floor":32},{"not_picked":["mysticmod:PowerAttack","mysticmod:SuddenClarity+1"],"picked":"mysticmod:PowerSlash+1","floor":33}],"player_experience":26375,"relics_obtained":[{"floor":9,"key":"War Paint"},{"floor":26,"key":"Gremlin Horn"},{"floor":28,"key":"hubris:TinFlute"}],"event_choices":[{"damage_healed":0,"gold_gain":0,"player_choice":"Peek","damage_taken":0,"max_hp_gain":0,"max_hp_loss":0,"event_name":"Menagerie:OvergrownLibrary","floor":3,"gold_loss":0},{"damage_healed":0,"gold_gain":0,"player_choice":"Help the mage","damage_taken":5,"max_hp_gain":0,"max_hp_loss":0,"event_name":"Menagerie:MageAndMonster","floor":4,"gold_loss":0,"cards_obtained":["Menagerie:Slaughter"]},{"damage_healed":0,"gold_gain":0,"player_choice":"Steal","damage_taken":0,"relics_obtained":["Menagerie:GrandMagusSpellbook"],"max_hp_gain":0,"max_hp_loss":0,"event_name":"Menagerie:GrandMagusTower","floor":16,"gold_loss":0},{"damage_healed":24,"gold_gain":0,"player_choice":"Heal","damage_taken":0,"max_hp_gain":0,"max_hp_loss":0,"event_name":"The Library","floor":29,"gold_loss":0}],"is_beta":false,"boss_relics":[{"not_picked":["Replay:Grab Bag","ChewingGum"],"picked":"mysticmod:BlessedBook"},{"not_picked":[]}],"items_purged_floors":[],"is_endless":false,"potions_floor_spawned":[8,13,16,22,27,31,33],"killed_by":"Collector","ascension_level":0}}