{"host":"ormi09wwzv7sq47a","time":1607719660,"event":{"mods":["2.2 Compatiblity","AchievementEnabler","Act Like it!","BaseMod","Better Note","Better Vampires","Colored Map","Colored Powertips","DeckTracker","Downfall","Hermit","Highlight Path","Jorbs\u0027s Wanderer Trilogy","Minty Spire (QoL Compilation)","Permanent Neow","Quick Restart","Rare Cards Sparkle","Relic Stats","Shop Mod","StSLib","The Cursed","The Hierophant","The Jungle","The Servant 0.9.4"],"gold_per_floor":[111,286,95,112,126,126,136,136,161,181,181,193,204,238,238,338,338,353,353,365,114,127,127,141,171,171,171,171,186,186,197,197,302,302,319,369,384,97,97,97,115,115,165,182,194,208,223,248,248,248,248,248,48,79,79],"floor_reached":56,"playtime":3890,"items_purged":["Doubt","Slimebound:Defend_Slimebound"],"score":1502,"play_id":"d5475949-c3e9-466b-bd8d-c420725a55e5","local_time":"20201211174740","is_ascension_mode":true,"campfire_choices":[{"data":"Slimebound:MassFeed","floor":6.0,"key":"SMITH"},{"data":"Slimebound:GrowthPunch","floor":11.0,"key":"SMITH"},{"data":"Slimebound:Split","floor":15.0,"key":"SMITH"},{"data":"Slimebound:DouseInSlime","floor":23.0,"key":"SMITH"},{"data":"Slimebound:RejuvenatingLick","floor":28.0,"key":"SMITH"},{"data":"Slimebound:CorrosiveSpit","floor":30.0,"key":"SMITH"},{"data":"Slimebound:MegaLick","floor":32.0,"key":"SMITH"},{"data":"Slimebound:Prepare","floor":40.0,"key":"SMITH"},{"data":"Slimebound:Recycling","floor":42.0,"key":"SMITH"},{"floor":49,"key":"RECALL"},{"data":"Slimebound:LivingWall","floor":52,"key":"SMITH"}],"circlet_count":0,"master_deck":["Slimebound:Defend_Slimebound","Slimebound:Defend_Slimebound","Slimebound:Defend_Slimebound","Slimebound:Split+1","Slimebound:CorrosiveSpit+1","Slimebound:MassFeed+1","Slimebound:Dissolve","Slimebound:RejuvenatingLick+1","Slimebound:Grow+1","Slimebound:SlimeSpikes","Slimebound:Prepare+1","Slimebound:GrowthPunch+1","Slimebound:Recollect","Slimebound:DouseInSlime+1","Bite","Bite","Bite","Slimebound:LivingWall+1","Slimebound:LeechEnergy+1","Slimebound:MegaLick+1","Slimebound:Recycling+1"],"relics":["Slimebound:AbsorbEndCombat","Anchor","Bronze Scales","Philosopher\u0027s Stone","Oddly Smooth Stone","MealTicket","FossilizedHelix","Busted Crown","Lizard Tail","Ginger","Dream Catcher","Pantograph","Guardian:PocketSentry","Bottled Flame"],"acts_visited":["Exordium","TheCity","TheBeyond","TheEnding"],"potions_floor_usage":[47,50,50,54,55,55],"damage_taken":[{"damage":7.0,"enemies":"2 Louse","floor":1.0,"turns":2.0},{"damage":11.0,"enemies":"Jaw Worm","floor":4.0,"turns":4.0},{"damage":4.0,"enemies":"Small Slimes","floor":5.0,"turns":3.0},{"damage":24.0,"enemies":"Exordium Wildlife","floor":7.0,"turns":6.0},{"damage":4.0,"enemies":"2 Fungi Beasts","floor":10.0,"turns":3.0},{"damage":4.0,"enemies":"Looter","floor":12.0,"turns":4.0},{"damage":4.0,"enemies":"Blue Slaver","floor":13.0,"turns":3.0},{"damage":21.0,"enemies":"Lagavulin","floor":14.0,"turns":6.0},{"damage":28.0,"enemies":"Hexaghost","floor":16.0,"turns":9.0},{"damage":11.0,"enemies":"2 Thieves","floor":18.0,"turns":3.0},{"damage":16.0,"enemies":"Shell Parasite","floor":20.0,"turns":5.0},{"damage":16.0,"enemies":"Centurion and Healer","floor":22.0,"turns":9.0},{"damage":15.0,"enemies":"3 Cultists","floor":24.0,"turns":5.0},{"damage":45.0,"enemies":"Slavers","floor":25.0,"turns":5.0},{"damage":4.0,"enemies":"Cultist and Chosen","floor":29.0,"turns":4.0},{"damage":12.0,"enemies":"Snecko","floor":31.0,"turns":4.0},{"damage":67.0,"enemies":"Automaton","floor":33.0,"turns":8.0},{"damage":8.0,"enemies":"3 Darklings","floor":35.0,"turns":4.0},{"damage":52.0,"enemies":"Mind Bloom Boss Battle","floor":36.0,"turns":5.0},{"damage":8.0,"enemies":"Orb Walker","floor":37.0,"turns":4.0},{"damage":4.0,"enemies":"Sphere and 2 Shapes","floor":41.0,"turns":4.0},{"damage":18.0,"enemies":"Writhing Mass","floor":44.0,"turns":4.0},{"damage":13.0,"enemies":"Maw","floor":45.0,"turns":6.0},{"damage":5,"enemies":"Sphere and 2 Shapes","floor":46,"turns":4},{"damage":24,"enemies":"3 Darklings","floor":47,"turns":3},{"damage":47,"enemies":"Giant Head","floor":48,"turns":7},{"damage":127,"enemies":"Time Eater","floor":50,"turns":10},{"damage":58,"enemies":"Shield and Spear","floor":54,"turns":7},{"damage":245,"enemies":"The Heart","floor":55,"turns":9}],"seed_played":"-919414432357111154","potions_obtained":[{"floor":1.0,"key":"LiquidMemories"},{"floor":5.0,"key":"Ancient Potion"},{"floor":7.0,"key":"SkillPotion"},{"floor":14.0,"key":"ColorlessPotion"},{"floor":16.0,"key":"Fire Potion"},{"floor":24.0,"key":"Dexterity Potion"},{"floor":29.0,"key":"Fruit Juice"},{"floor":31.0,"key":"PowerPotion"},{"floor":36.0,"key":"ColorlessPotion"},{"floor":37.0,"key":"LiquidMemories"},{"floor":45.0,"key":"EntropicBrew"},{"floor":46,"key":"Regen Potion"}],"is_trial":false,"path_per_floor":["M","?","$","M","M","R","M","?","T","M","R","M","M","E","R","B",null,"M","?","M","$","M","R","M","E","T","T","R","M","R","M","R","B",null,"M","?","M","$","?","R","M","R","T","M","M","M","M","E","R","B",null,"R","$","E","B",null],"character_chosen":"SLIMEBOUND","items_purchased":["Slimebound:RejuvenatingLick","Slimebound:Grow","Oddly Smooth Stone","Ginger","Guardian:PocketSentry","Swift Potion"],"campfire_rested":0,"item_purchase_floors":[3,3,21,38,53,53],"current_hp_per_floor":[52,52,52,56,65,65,59,44,44,56,56,68,82,76,76,89,89,90,76,80,80,84,84,91,64,64,64,64,99,99,107,107,109,109,113,97,115,117,117,117,125,125,125,129,133,141,141,145,145,94,132,132,145,131,38],"gold":79,"neow_bonus":"TRANSFORM_CARD","is_daily":false,"chose_seed":false,"campfire_upgraded":10,"win_rate":0.0,"timestamp":1607719660,"path_taken":["M","?","$","M","M","R","M","?","T","M","R","M","M","E","R","BOSS","M","?","M","$","M","R","M","E","T","?","R","M","R","M","R","BOSS","M","?","M","$","?","R","M","R","T","M","M","M","M","E","R","BOSS","R","$","E","BOSS"],"items_purchased_type":["Card","Card","Relic","Relic","Relic","Potion"],"build_version":"2020-11-30","purchased_purges":2,"victory":true,"max_hp_per_floor":[63,63,63,66,69,69,73,73,73,77,77,81,85,85,85,89,89,93,76,80,80,84,84,92,96,96,96,96,105,105,109,109,109,109,113,113,117,117,117,117,125,125,125,129,133,141,141,145,145,145,145,145,145,145,145],"relic_stats":{"Lizard Tail":72,"Dream Catcher":0,"Busted Crown":22,"counters":[29,147],"Bronze Scales":[492],"Pantograph":14,"MealTicket":15,"Ginger":[8],"obtain_stats":[{"Oddly Smooth Stone":21,"Guardian:PocketSentry":53,"Ginger":38,"Anchor":9,"Lizard Tail":36,"Dream Catcher":43,"Bottled Flame":54,"Busted Crown":34,"Bronze Scales":14,"Pantograph":48,"Philosopher\u0027s Stone":17,"MealTicket":25,"Slimebound:AbsorbEndCombat":0,"FossilizedHelix":27},{"Oddly Smooth Stone":11,"Guardian:PocketSentry":27,"Ginger":20,"Anchor":4,"Lizard Tail":19,"Dream Catcher":21,"Bottled Flame":28,"Busted Crown":17,"Bronze Scales":8,"Pantograph":26,"Philosopher\u0027s Stone":9,"MealTicket":14,"Slimebound:AbsorbEndCombat":0,"FossilizedHelix":14},{"Oddly Smooth Stone":47,"Guardian:PocketSentry":131,"Ginger":93,"Anchor":14,"Lizard Tail":89,"Dream Catcher":97,"Bottled Flame":138,"Busted Crown":80,"Bronze Scales":30,"Pantograph":121,"Philosopher\u0027s Stone":39,"MealTicket":64,"Slimebound:AbsorbEndCombat":0,"FossilizedHelix":64}]},"card_choices":[{"not_picked":["Slimebound:PressTheAttack","Slimebound:SpikyOuterGoop"],"picked":"Slimebound:Dissolve","floor":1.0},{"not_picked":["Slimebound:Chomp","Slimebound:ViciousTackle"],"picked":"Slimebound:SlimeSpikes","floor":4.0},{"not_picked":["Slimebound:BestDefense","Slimebound:RollThrough"],"picked":"Slimebound:Prepare","floor":5.0},{"not_picked":["Slimebound:SplitLeeching","Slimebound:SplitBruiser","Slimebound:Schlurp"],"picked":"SKIP","floor":7.0},{"not_picked":["Slimebound:SelfFormingGoo","Slimebound:Schlurp"],"picked":"Slimebound:GrowthPunch","floor":10.0},{"not_picked":["Slimebound:PressTheAttack","Slimebound:LevelUp"],"picked":"Slimebound:Recollect","floor":12.0},{"not_picked":["Slimebound:RollThrough","Slimebound:SplitAcid","Slimebound:SplitMire"],"picked":"SKIP","floor":13.0},{"not_picked":["Slimebound:RollThrough","Slimebound:GrowthPunch","Slimebound:SlimeBarrage"],"picked":"SKIP","floor":14.0},{"not_picked":["Slimebound:SlimeSlap","Slimebound:OneTwoCombo"],"picked":"Slimebound:DouseInSlime","floor":16.0},{"not_picked":["Slimebound:Schlurp","Slimebound:Prepare","Slimebound:RollThrough+1"],"picked":"SKIP","floor":18.0},{"not_picked":["Slimebound:SplitBruiser","Slimebound:SplitMire"],"picked":"Slimebound:LivingWall","floor":20.0},{"not_picked":["Slimebound:LevelUp","Slimebound:SplitBruiser+1","Slimebound:SamplingLick"],"picked":"SKIP","floor":22.0},{"not_picked":["Slimebound:HungryTackle","Slimebound:SplitLeeching"],"picked":"Slimebound:LeechEnergy+1","floor":24.0},{"not_picked":["Slimebound:Equalize","Slimebound:LeechingTouch","Slimebound:SamplingLick"],"picked":"SKIP","floor":25.0},{"not_picked":["Slimebound:SlimeBarrage","Slimebound:PressTheAttack","Slimebound:GoopTackle"],"picked":"SKIP","floor":29.0},{"not_picked":["Slimebound:LeechEnergy","Slimebound:Teamwork"],"picked":"Slimebound:MegaLick","floor":31.0},{"not_picked":["Slimebound:RallyTheTroops","Slimebound:MinionMaster"],"picked":"Slimebound:Recycling","floor":33.0},{"not_picked":["Slimebound:SplitBruiser+1"],"picked":"SKIP","floor":35.0},{"not_picked":["Slimebound:HungryTackle"],"picked":"SKIP","floor":37.0},{"not_picked":["Slimebound:ViciousTackle"],"picked":"SKIP","floor":41.0},{"not_picked":["Slimebound:Repurpose"],"picked":"SKIP","floor":44.0},{"not_picked":["Slimebound:FirmFortitude"],"picked":"SKIP","floor":45.0},{"not_picked":["Slimebound:ComboTackle+1"],"picked":"SKIP","floor":46},{"not_picked":["Slimebound:SlimeBrawl+1"],"picked":"SKIP","floor":47},{"not_picked":["Slimebound:Equalize+1"],"picked":"SKIP","floor":48},{"not_picked":["Slimebound:LeechingTouch"],"picked":"SKIP","floor":54}],"player_experience":733501,"relics_obtained":[{"floor":9.0,"key":"Anchor"},{"floor":14.0,"key":"Bronze Scales"},{"floor":25.0,"key":"MealTicket"},{"floor":27.0,"key":"FossilizedHelix"},{"floor":36.0,"key":"Lizard Tail"},{"floor":43.0,"key":"Dream Catcher"},{"floor":48,"key":"Pantograph"},{"floor":54,"key":"Bottled Flame"}],"event_choices":[{"damage_healed":0.0,"max_hp_gain":0.0,"max_hp_loss":0.0,"gold_gain":175.0,"event_name":"Liars Game","player_choice":"AGREE","floor":2.0,"gold_loss":0.0,"damage_taken":0.0,"cards_obtained":["Doubt"]},{"damage_healed":0.0,"max_hp_gain":0.0,"max_hp_loss":0.0,"gold_gain":0.0,"event_name":"Shining Light","player_choice":"Entered Light","floor":8.0,"gold_loss":0.0,"damage_taken":15.0,"cards_upgraded":["Slimebound:Strike_Slimebound","Slimebound:Grow"]},{"damage_healed":0.0,"max_hp_gain":0.0,"max_hp_loss":17.0,"gold_gain":0.0,"event_name":"Vampires","player_choice":"Became a vampire","floor":19.0,"gold_loss":0.0,"damage_taken":0.0,"cards_obtained":["Bite","Bite","Bite"]},{"damage_healed":0.0,"max_hp_gain":0.0,"max_hp_loss":0.0,"gold_gain":0.0,"event_name":"MindBloom","player_choice":"Fight","floor":36.0,"gold_loss":0.0,"damage_taken":0.0},{"damage_healed":0.0,"max_hp_gain":0.0,"max_hp_loss":0.0,"gold_gain":0.0,"event_name":"SensoryStone","player_choice":"Memory 1","floor":39.0,"gold_loss":0.0,"damage_taken":0.0}],"is_beta":false,"boss_relics":[{"not_picked":["Snecko Eye","SlaversCollar"],"picked":"Philosopher\u0027s Stone"},{"not_picked":["SacredBark","Sozu"],"picked":"Busted Crown"}],"items_purged_floors":[3,21],"is_endless":false,"potions_floor_spawned":[1,5,7,14,16,24,29,31,36,37,45,46],"ascension_level":6}}