{"host":"17j25xn3vk5d1e3v","time":1607711291,"event":{"mods":["AchievementEnabler","Act Like it!","BaseMod","GifTheSpireLib","Hermit","HexUI Lib","Hubris","Minty Spire (QoL Compilation)","Replay The Spire","StSLib","The Cursed","The Disciple","The Necromancer","The Servant 0.9.4"],"gold_per_floor":[113,113,113,113,220,254,254,271,320,332,342,669,277,277,277,312,312,410,410,420,76,96,96,112,112,112],"floor_reached":25,"playtime":1520,"items_purged":["Strike_S","Strike_S"],"score":294,"play_id":"281e6275-a0c4-4ef5-84cf-d81b48e7a530","local_time":"20201211192811","is_ascension_mode":false,"campfire_choices":[{"data":"Ricochet","floor":7,"key":"SMITH"},{"floor":17,"key":"REST"}],"circlet_count":0,"master_deck":["Strike_S","Strike_S","Defend_S","Defend_S","Defend_S","Defend_S","KidneyShot","Exchange","FastForward","Ricochet+1","SilverBlades+1","Sabotage","KillingDoll","TimeWarp","Rewind","ForgedInTime","Midas Touch","ShatteredReality","LightFlow","ReturningBlade+1","Starlight","Decay"],"relics":["Uniform","NeowsBlessing","Blue Candle","hubris:EvacipatedBox","Replay:Bottled Snecko","Simple Rune","Happy Flower","Old Coin","Gremlin Food","Calipers","hubris:Backtick","PreservedInsect","hubris:MysteriousPyramids"],"acts_visited":["TheCity"],"potions_floor_usage":[16,20],"damage_taken":[{"damage":0,"enemies":"2 Louse","floor":1,"turns":1},{"damage":0,"enemies":"Replay:BlueRogue","floor":6,"turns":1},{"damage":0,"enemies":"Cultist","floor":8,"turns":1},{"damage":0,"enemies":"Jaw Worm","floor":10,"turns":4},{"damage":5,"enemies":"3 Louse","floor":11,"turns":6},{"damage":12,"enemies":"3 Sentries","floor":12,"turns":5},{"damage":13,"enemies":"Gremlin Nob","floor":16,"turns":6},{"damage":0,"enemies":"Slime Boss","floor":18,"turns":5},{"damage":25,"enemies":"2 Thieves","floor":20,"turns":4},{"damage":7,"enemies":"Chosen","floor":22,"turns":5},{"damage":20,"enemies":"Snake Plant","floor":24,"turns":4},{"damage":15,"enemies":"Slavers","floor":25,"turns":1}],"seed_played":"-5655051407541432456","potions_obtained":[{"floor":8,"key":"Flashbang"},{"floor":11,"key":"Energy Potion"},{"floor":20,"key":"SpeedPotion"}],"is_trial":false,"path_per_floor":["M","?","$","T","?","E","R","M","T","M","M","E","$","PTL","PTL","E","R","B",null,"M","$","M","?","M","E"],"character_chosen":"THE_SERVANT","items_purchased":["hubris:EvacipatedBox","Gremlin Food","Midas Touch","hubris:MysteriousPyramids"],"campfire_rested":1,"item_purchase_floors":[3,13,13,21],"current_hp_per_floor":[65,65,46,46,46,46,46,46,46,46,41,29,29,29,29,16,35,35,65,40,40,33,33,13,0,0],"gold":112,"neow_bonus":"THREE_ENEMY_KILL","is_daily":false,"chose_seed":false,"campfire_upgraded":1,"win_rate":0.0,"timestamp":1607711291,"path_taken":["M","?","?","?","?","E","R","M","T","M","M","E","$","PTL","PTL","E","R","BOSS","M","$","?","?","M","E"],"items_purchased_type":["Relic","Relic","Card","Relic"],"build_version":"2020-11-30","purchased_purges":2,"victory":false,"max_hp_per_floor":[65,65,65,65,65,65,65,65,65,65,65,65,65,65,65,65,65,65,65,65,65,65,65,65,65,65],"card_choices":[{"not_picked":["Potential","Spin"],"picked":"Rearm","floor":1},{"not_picked":["Rearm","StarChef"],"picked":"FastForward","floor":5},{"not_picked":["Potential","ShatteredReality"],"picked":"Ricochet","floor":5},{"not_picked":["InstantArmor","BottledTime"],"picked":"SilverBlades","floor":5},{"not_picked":["Contraction","Unruled"],"picked":"Sabotage","floor":6},{"not_picked":["Potential","Spin"],"picked":"KillingDoll","floor":8},{"not_picked":["FastForward","ShiftingGears"],"picked":"TimeWarp","floor":10},{"not_picked":["SpecialFormula","ShiftingGears"],"picked":"Rewind","floor":11},{"not_picked":["TimeWarp","Advance"],"picked":"ForgedInTime","floor":12},{"not_picked":["Alleviate","Defy"],"picked":"ShatteredReality","floor":16},{"not_picked":["KillingDoll","SoulSculpture"],"picked":"LightFlow","floor":18},{"not_picked":["ShatteredReality","MoonPhase"],"picked":"ReturningBlade+1","floor":20},{"not_picked":["Revamp+1","Alleviate"],"picked":"Starlight","floor":22},{"not_picked":["Rewind","FastForward","TimeWarp"],"picked":"SKIP","floor":24}],"player_experience":150940,"relics_obtained":[{"floor":4,"key":"Replay:Bottled Snecko"},{"floor":6,"key":"Simple Rune"},{"floor":9,"key":"Happy Flower"},{"floor":12,"key":"Old Coin"},{"floor":16,"key":"Calipers"}],"event_choices":[{"cards_removed":["Rearm"],"damage_healed":0,"gold_gain":0,"player_choice":"Gave Card","damage_taken":0,"relics_obtained":["Blue Candle"],"max_hp_gain":0,"max_hp_loss":0,"event_name":"WeMeetAgain","floor":2,"gold_loss":0},{"damage_healed":0,"gold_gain":0,"player_choice":"Smashed Altar","damage_taken":0,"max_hp_gain":0,"max_hp_loss":0,"event_name":"Forgotten Altar","floor":23,"gold_loss":0,"cards_obtained":["Decay"]}],"is_beta":false,"boss_relics":[{"not_picked":["Runic Pyramid","Black Star","Snecko Eye"],"picked":"hubris:Backtick"}],"items_purged_floors":[13,21],"is_endless":false,"potions_floor_spawned":[8,11,20],"killed_by":"Slavers","ascension_level":0}}