{"host":"g1wmg2w41xhsnw8g","time":1607677778,"event":{"mods":["2.2 Compatiblity","Act Like it!","BaseMod","Better Altar","Better Match","Better Note","Better Sensory Stone","Better Skull","Better Third Choice","BetterRewards","Booster Modes","CapriCore","Colored Map","Colored Powertips","Curses Come First","Defuse TimeMaze Blight","Displayed Cursed Tome","Elementarium","Friendly Minions","GifTheSpireLib","Googly Eyes","Infinite Spire","Magitek Elite","Minty Spire (QoL Compilation)","Red Circlet Mod","Relic Sorter","SCP261 Mod","Shop Mod","Spicy Shops","StSLib","The Blackbeard","The Runesmith","The Sage","Transform Curses","Wandering Minibosses","????"],"gold_per_floor":[115,190,190,172,472,505,2,37,37,37,71,91,91,101,101,101,101],"floor_reached":16,"playtime":1172,"items_purged":[],"score":175,"play_id":"1ec92915-7a24-4263-a4e5-df349016aa8c","local_time":"20201211040938","daily_mods":["SealedDeck","Specialized","Heirloom","Elite Swarm"],"is_ascension_mode":true,"campfire_choices":[{"data":"Runesmith:LithiumIon","floor":10,"key":"SMITH"},{"data":"blackbeard:Parrot","floor":15,"key":"SMITH"}],"circlet_count":0,"master_deck":["blackbeard:JollyRoger","blackbeard:JollyRoger","blackbeard:JollyRoger","blackbeard:JollyRoger","blackbeard:JollyRoger","Runesmith:GrandSlam","Runesmith:Reinforce","Runesmith:EarthShield","Runesmith:Grindstone","blackbeard:CloakAndCannonball","Runesmith:StaticCage","Runesmith:HeatedChisel","Runesmith:HeatExchange","Runesmith:LithiumIon+1","blackbeard:ReapersScythe","Runesmith:CraftObretio","Panacea","Runesmith:CraftSpiculum","Runesmith:LightningRod+1","blackbeard:RearmingStrike","Runesmith:ReplicatingBarrier","blackbeard:Parrot+1","blackbeard:GoldenStrike","Clumsy","Forgetful","infinitespire:SevenWalls"],"relics":["FossilizedHelix","Toxic Egg 2","MerchantsRug","Guard_Bracelet","Nunchaku","Smiling Mask","infinitespire:FocusingShard","sagemod:Singing_Vial"],"acts_visited":["Exordium"],"potions_floor_usage":[4,6,14],"damage_taken":[{"damage":0,"enemies":"Small Slimes","floor":1,"turns":4},{"damage":18,"enemies":"Jaw Worm","floor":4,"turns":6},{"damage":6,"enemies":"Lagavulin","floor":6,"turns":5},{"damage":15,"enemies":"3 Sentries","floor":8,"turns":10},{"damage":0,"enemies":"Lagavulin","floor":11,"turns":9},{"damage":0,"enemies":"2 Louse","floor":12,"turns":2},{"damage":7,"enemies":"Exordium Wildlife","floor":14,"turns":5},{"damage":13,"enemies":"The Guardian","floor":16,"turns":6}],"seed_played":"-3976664275598060218","potions_obtained":[{"floor":1,"key":"Explosive Potion"},{"floor":4,"key":"LiquidMemories"},{"floor":12,"key":"Explosive Potion"},{"floor":14,"key":"SCP261:DewritoBlazePotion"}],"is_trial":true,"path_per_floor":["M","?","?","M","?","E","$","E","T","R","E","M","?","M","R","B"],"character_chosen":"RUNESMITH_CLASS","items_purchased":["MerchantsRug","Guard_Bracelet","blackbeard:RearmingStrike","Nunchaku"],"campfire_rested":0,"item_purchase_floors":[7,7,7,7],"current_hp_per_floor":[70,59,59,41,41,35,35,20,20,20,20,20,20,13,13,0,0],"gold":101,"neow_bonus":"","is_daily":false,"chose_seed":false,"campfire_upgraded":2,"win_rate":0.0,"timestamp":1607677778,"path_taken":["M","?","?","M","?","E","$","E","T","R","E","?","?","M","R","BOSS"],"items_purchased_type":["Relic","Relic","Card","Relic"],"build_version":"2020-11-30","purchased_purges":0,"victory":false,"max_hp_per_floor":[70,70,70,70,70,70,70,70,70,70,70,70,70,70,70,70,70],"card_choices":[{"not_picked":["Runesmith:UnstableHammer","Runesmith:CraftProtectio"],"picked":"Runesmith:CraftObretio","floor":1},{"not_picked":["Mind Blast","Transmutation"],"picked":"Panacea","floor":3},{"not_picked":["blackbeard:CannonballSupply","blackbeard:PirateEarring"],"picked":"Runesmith:CraftSpiculum","floor":4},{"not_picked":["blackbeard:ReapersScythe+1","Runesmith:GrandSlam"],"picked":"Runesmith:LightningRod+1","floor":6},{"not_picked":["blackbeard:UndeadForm","blackbeard:BoostMorale+1"],"picked":"Runesmith:ReplicatingBarrier","floor":8},{"not_picked":["Runesmith:GenerateForcefield+1","blackbeard:FinalBarrage"],"picked":"blackbeard:Parrot","floor":11},{"not_picked":["Runesmith:StaticCage+1","blackbeard:DoubleBottom+1"],"picked":"blackbeard:GoldenStrike","floor":12},{"not_picked":["infinitespire:Execution","infinitespire:Fortify"],"picked":"infinitespire:SevenWalls","floor":13},{"not_picked":["blackbeard:RearmingStrike","Runesmith:HeatExchange","Runesmith:Attraction+1"],"picked":"Singing Bowl","floor":14}],"player_experience":1025450,"relics_obtained":[{"floor":5,"key":"Old Coin"},{"floor":6,"key":"Toxic Egg 2"},{"floor":8,"key":"Smiling Mask"},{"floor":9,"key":"infinitespire:FocusingShard"},{"floor":11,"key":"sagemod:Singing_Vial"}],"event_choices":[{"damage_healed":0,"gold_gain":75,"player_choice":"Gold","damage_taken":11,"max_hp_gain":0,"max_hp_loss":0,"event_name":"betterThird:BetterGoop","floor":2,"gold_loss":0},{"damage_healed":0,"gold_gain":1,"player_choice":"1","damage_taken":0,"max_hp_gain":0,"max_hp_loss":0,"event_name":"betterStone:BetterStone","floor":3,"gold_loss":0}],"is_beta":false,"boss_relics":[],"items_purged_floors":[],"is_endless":false,"potions_floor_spawned":[1,4,12,14],"killed_by":"The Guardian","ascension_level":1}}