{"host":"jgqxb38yl0c1w101","time":1607657369,"event":{"mods":["2.2 Compatiblity","AchievementEnabler","BaseMod","ChefMod","Colored Map","Downfall","GifTheSpireLib","Hubris","Minty Spire (QoL Compilation)","Potionbrewer","Relic Stats","StSLib","The Dragon Tamer","The Forsaken","The Runesmith","TheFirefly"],"gold_per_floor":[111,111,61,37,48,76,93,93,93,112,127,127,127,146,146,244,244,260,31,31,41,41,75,26,42,42,73,84,84,102,118,118,223,223,240,340,356,375,388,420,420,433,433,433,443,743,753,753,753,753,753,753],"floor_reached":50,"playtime":3897,"items_purged":["DTMod:Strike"],"score":568,"play_id":"cae81e95-5557-4613-b853-61df28a0cbd1","local_time":"20201210222929","is_ascension_mode":false,"metric_token":1043,"campfire_choices":[{"data":"DTMod:Training","floor":8,"key":"SMITH"},{"data":"DTMod:TriAttack","floor":13,"key":"SMITH"},{"data":"DTMod:ComboAttack","floor":15,"key":"SMITH"},{"floor":29,"key":"REST"},{"data":"DTMod:MagiciansMark","floor":32,"key":"SMITH"},{"data":"DTMod:ResonanceForm","floor":41,"key":"SMITH"},{"floor":49,"key":"REST"}],"dtmod_dragon_data":[16,50,1,1,8,8],"circlet_count":0,"master_deck":["DTMod:Strike","DTMod:Strike","DTMod:Strike","DTMod:DoubleHit","DTMod:TargetDefense","DTMod:TargetDefense","DTMod:SwitchingTactic","DTMod:QuickFly","DTMod:MagicField","DTMod:Dissolve","DTMod:BlazingStrike","DTMod:Training+1","DTMod:TriAttack+1","DTMod:WarmUp+1","DTMod:ComboAttack+1","DTMod:FierySynthesis","DTMod:SneakAttack","DTMod:Shift","DTMod:ComboAttack","DTMod:Inferno","DTMod:HeadStart","DTMod:BurningEnergy","DTMod:BuildUp+1","DTMod:MagiciansMark+1","DTMod:ExcessFootwork","DTMod:CleansingStrike","DTMod:BlazingStrike+1","DTMod:Training+1","DTMod:ResonanceForm+1","DTMod:RecklessFlurry+1","Clumsy","DTMod:CleansingStrike+1","theForsaken:PlagueCurse"],"relics":["DTMod:PactStone","hubris:Icosahedron","hubris:CuriousFeather","Incense Burner","hubris:Backtick","potionbrewer:PotionKit","ClockworkSouvenir","potionbrewer:BottledElixir","potionbrewer:SlideRule","Toy Ornithopter","Cursed Key","hubris:BundleOfHerbs","Shuriken","theForsaken:PlagueMask"],"acts_visited":["Exordium","TheCity","TheBeyond"],"potions_floor_usage":[18,21,23,27,27,30,33,33,38,40,45,45],"damage_taken":[{"damage":0,"enemies":"Small Slimes","floor":1,"turns":4},{"damage":0,"enemies":"Jaw Worm","floor":5,"turns":4},{"damage":5,"enemies":"3 Sentries","floor":6,"turns":11},{"damage":0,"enemies":"Cultist","floor":7,"turns":4},{"damage":0,"enemies":"Exordium Thugs","floor":10,"turns":4},{"damage":0,"enemies":"2 Fungi Beasts","floor":11,"turns":2},{"damage":0,"enemies":"Blue Slaver","floor":14,"turns":4},{"damage":8,"enemies":"Slime Boss","floor":16,"turns":7},{"damage":0,"enemies":"Spheric Guardian","floor":18,"turns":3},{"damage":0,"enemies":"Shell Parasite","floor":21,"turns":2},{"damage":27,"enemies":"Book of Stabbing","floor":23,"turns":5},{"damage":0,"enemies":"Chosen and Byrds","floor":25,"turns":5},{"damage":17,"enemies":"Gremlin Leader","floor":27,"turns":4},{"damage":0,"enemies":"Snake Plant","floor":28,"turns":3},{"damage":0,"enemies":"Centurion and Healer","floor":30,"turns":4},{"damage":0,"enemies":"Snecko","floor":31,"turns":3},{"damage":17,"enemies":"Champ","floor":33,"turns":7},{"damage":0,"enemies":"3 Darklings","floor":35,"turns":3},{"damage":0,"enemies":"Orb Walker","floor":37,"turns":2},{"damage":4,"enemies":"Jaw Worm Horde","floor":38,"turns":3},{"damage":0,"enemies":"Spire Growth","floor":39,"turns":4},{"damage":15,"enemies":"Giant Head","floor":40,"turns":8},{"damage":25,"enemies":"4 Shapes","floor":42,"turns":5},{"damage":22,"enemies":"3 Darklings","floor":45,"turns":3},{"damage":0,"enemies":"Spire Growth","floor":47,"turns":4},{"damage":19,"enemies":"hubris:GrandSnecko","floor":50,"turns":1}],"seed_played":"-5490307569416102105","potions_obtained":[{"floor":10,"key":"Strength Potion"},{"floor":11,"key":"Block Potion"},{"floor":16,"key":"potionbrewer:CleansingPotion"},{"floor":23,"key":"SteroidPotion"},{"floor":27,"key":"potionbrewer:FreezingPotion"},{"floor":31,"key":"SkillPotion"},{"floor":33,"key":"potionbrewer:ToxicPotion"},{"floor":35,"key":"Fire Potion"},{"floor":40,"key":"BlessingOfTheForge"},{"floor":47,"key":"Explosive Potion"}],"is_trial":false,"path_per_floor":["M","?","?","$","M","E","M","R","T","M","M","?","R","M","R","B",null,"M","$","?","M","?","E","$","M","T","E","M","R","M","M","R","B",null,"M","?","M","M","M","E","R","M","T","?","M","?","M","?","R","B"],"character_chosen":"THE_DT","items_purchased":["DTMod:MagicField","ClockworkSouvenir","DTMod:ComboAttack"],"campfire_rested":2,"item_purchase_floors":[4,19,24],"current_hp_per_floor":[49,49,49,49,49,44,44,44,44,44,44,44,44,44,44,36,49,49,49,49,49,49,22,22,22,22,5,5,19,24,24,24,17,49,49,49,49,49,49,39,39,14,14,14,2,2,2,2,16,0,0,0],"gold":753,"neow_bonus":"TEN_PERCENT_HP_BONUS","is_daily":false,"chose_seed":false,"campfire_upgraded":5,"win_rate":0.0,"timestamp":1607657369,"path_taken":["M","?","?","?","?","E","M","R","T","M","M","?","R","M","R","BOSS","M","$","?","M","?","E","?","M","T","E","M","R","?","M","R","BOSS","M","?","M","M","M","E","R","?","T","?","M","?","?","?","R","BOSS"],"items_purchased_type":["Card","Relic","Card"],"build_version":"2020-11-30","purchased_purges":1,"victory":false,"max_hp_per_floor":[49,49,49,49,49,49,49,49,49,49,49,49,49,49,49,49,49,49,49,49,49,49,49,49,49,49,49,49,49,49,49,49,49,49,49,49,49,49,49,49,49,49,49,49,49,49,49,49,49,49,49,49],"relic_stats":{"counters":[26,109],"Shuriken":[5],"Cursed Key":1,"obtain_stats":[{"Incense Burner":9,"Cursed Key":34,"theForsaken:PlagueMask":48,"potionbrewer:PotionKit":17,"ClockworkSouvenir":19,"hubris:Icosahedron":2,"hubris:Backtick":17,"DTMod:PactStone":0,"Shuriken":43,"hubris:CuriousFeather":6,"hubris:BundleOfHerbs":40,"potionbrewer:BottledElixir":23,"potionbrewer:SlideRule":26,"Toy Ornithopter":27},{"Incense Burner":4,"Cursed Key":17,"theForsaken:PlagueMask":25,"potionbrewer:PotionKit":8,"ClockworkSouvenir":9,"hubris:Icosahedron":1,"hubris:Backtick":8,"DTMod:PactStone":0,"Shuriken":23,"hubris:CuriousFeather":3,"hubris:BundleOfHerbs":22,"potionbrewer:BottledElixir":11,"potionbrewer:SlideRule":12,"Toy Ornithopter":13},{"Incense Burner":23,"Cursed Key":76,"theForsaken:PlagueMask":108,"potionbrewer:PotionKit":40,"ClockworkSouvenir":43,"hubris:Icosahedron":4,"hubris:Backtick":40,"DTMod:PactStone":0,"Shuriken":101,"hubris:CuriousFeather":19,"hubris:BundleOfHerbs":96,"potionbrewer:BottledElixir":50,"potionbrewer:SlideRule":55,"Toy Ornithopter":59}],"Toy Ornithopter":34},"card_choices":[{"not_picked":["DTMod:Threaten","DTMod:BreakAttack"],"picked":"DTMod:QuickFly","floor":1},{"not_picked":["DTMod:MagicField","DTMod:BreakAttack"],"picked":"DTMod:Dissolve","floor":5},{"not_picked":["DTMod:ShieldDrain","DTMod:Conduct"],"picked":"DTMod:BlazingStrike","floor":6},{"not_picked":["DTMod:MaximumCharge","DTMod:CalculatedDefense"],"picked":"DTMod:Training","floor":7},{"not_picked":["DTMod:MagicField","DTMod:InvisibleFlame"],"picked":"DTMod:TriAttack","floor":10},{"not_picked":["DTMod:DeepFocus","DTMod:Hide"],"picked":"DTMod:WarmUp","floor":11},{"not_picked":["DTMod:MagicField","DTMod:Training"],"picked":"DTMod:ComboAttack","floor":14},{"not_picked":["DTMod:HeadStart","DTMod:TriAttack"],"picked":"DTMod:FierySynthesis","floor":16},{"not_picked":["DTMod:Threaten+1","DTMod:BuildUp"],"picked":"DTMod:SneakAttack","floor":18},{"not_picked":["DTMod:Feint","DTMod:BuildUp","DTMod:HeatWave"],"picked":"SKIP","floor":21},{"not_picked":["DTMod:BreakAttack","DTMod:Feint"],"picked":"DTMod:Shift","floor":23},{"not_picked":["DTMod:BuildUp","DTMod:Dissolve"],"picked":"DTMod:Inferno","floor":25},{"not_picked":["DTMod:BreakAttack","DTMod:CalculatedDefense"],"picked":"DTMod:HeadStart","floor":27},{"not_picked":["DTMod:BlueScale","DTMod:StarRain"],"picked":"DTMod:BurningEnergy","floor":28},{"not_picked":["DTMod:RunningTactic","DTMod:MagicField"],"picked":"DTMod:BuildUp+1","floor":30},{"not_picked":["DTMod:FlameSlash","DTMod:PurifyingFlame"],"picked":"DTMod:MagiciansMark","floor":31},{"not_picked":["DTMod:SealedStrike","DTMod:Multitask"],"picked":"DTMod:ExcessFootwork","floor":33},{"not_picked":["DTMod:QuickFly","DTMod:Cover+1","DTMod:PurifyingFlame+1"],"picked":"SKIP","floor":35},{"not_picked":["DTMod:DragonDance","DTMod:Shift+1"],"picked":"DTMod:CleansingStrike","floor":37},{"not_picked":["DTMod:MasterPlan","DTMod:FlameSlash"],"picked":"DTMod:BlazingStrike+1","floor":38},{"not_picked":["DTMod:Threaten","DTMod:HeatWave+1"],"picked":"DTMod:Training+1","floor":39},{"not_picked":["DTMod:Inferno","DTMod:Weaken"],"picked":"DTMod:ResonanceForm","floor":40},{"not_picked":["DTMod:WarmUp","DTMod:MagicField"],"picked":"DTMod:RecklessFlurry+1","floor":42},{"not_picked":["DTMod:BalancedStrike","DTMod:Punisher+1"],"picked":"DTMod:CleansingStrike+1","floor":45},{"not_picked":["DTMod:WarmUp+1","DTMod:CalculatedDefense","DTMod:HeatWave+1"],"picked":"SKIP","floor":47}],"player_experience":72948,"relics_obtained":[{"floor":6,"key":"hubris:CuriousFeather"},{"floor":9,"key":"Incense Burner"},{"floor":23,"key":"potionbrewer:BottledElixir"},{"floor":26,"key":"potionbrewer:SlideRule"},{"floor":27,"key":"Toy Ornithopter"},{"floor":40,"key":"hubris:BundleOfHerbs"},{"floor":43,"key":"Shuriken"}],"event_choices":[{"cards_removed":["DTMod:TargetDefense"],"damage_healed":0,"gold_gain":0,"player_choice":"Card Removal","damage_taken":0,"max_hp_gain":0,"max_hp_loss":0,"event_name":"The Cleric","floor":3,"gold_loss":50},{"damage_healed":0,"gold_gain":0,"player_choice":"Ignored","damage_taken":0,"max_hp_gain":0,"max_hp_loss":0,"event_name":"Vampires","floor":20,"gold_loss":0},{"damage_healed":0,"gold_gain":0,"player_choice":"Ignored","damage_taken":0,"max_hp_gain":0,"max_hp_loss":0,"event_name":"Ghosts","floor":22,"gold_loss":0},{"damage_healed":0,"gold_gain":100,"player_choice":"Pray","damage_taken":0,"max_hp_gain":0,"max_hp_loss":0,"event_name":"Golden Shrine","floor":36,"gold_loss":0},{"cards_removed":["DTMod:TargetDefense"],"damage_healed":0,"gold_gain":0,"player_choice":"Removed Skill","damage_taken":0,"max_hp_gain":0,"max_hp_loss":0,"event_name":"Falling","floor":44,"gold_loss":0},{"damage_healed":0,"gold_gain":300,"player_choice":"Gold","damage_taken":0,"max_hp_gain":0,"max_hp_loss":0,"event_name":"Wheel of Change","floor":46,"gold_loss":0},{"damage_healed":0,"gold_gain":0,"player_choice":"Obtain Plague Curse","damage_taken":0,"max_hp_gain":0,"max_hp_loss":0,"event_name":"Plague Doctor","floor":48,"gold_loss":0,"cards_obtained":["theForsaken:PlagueCurse"]}],"is_beta":false,"boss_relics":[{"not_picked":["theForsaken:PaleLantern","Fusion Hammer"],"picked":"hubris:Backtick"},{"not_picked":["Black Star","Snecko Eye"],"picked":"Cursed Key"}],"items_purged_floors":[19],"is_endless":false,"potions_floor_spawned":[10,11,16,23,27,31,33,35,40,42,47],"killed_by":"hubris:GrandSnecko","ascension_level":0}}