{"host":"v0n6ky7dmveherv3","time":1607722123,"event":{"mods":["BaseMod","Better Third Choice","Downfall","Minty Spire (QoL Compilation)","StSLib"],"gold_per_floor":[15,28,48,58,71,101,101,135,135,135,115,144,155,155,155,259,259,279,27,46,46,46,46,58,58,129,129,141,472,472,397,397,493,493,504,522,69,88,105,105,105,105,153,153,173,223,223,223,223,223],"floor_reached":51,"playtime":4430,"items_purged":["Defend_G"],"score":685,"play_id":"dd9acc3c-c50c-461e-b7cd-06018a225b5b","local_time":"20201211142843","is_ascension_mode":false,"campfire_choices":[{"data":"Adrenaline","floor":7.0,"key":"SMITH"},{"data":"Blade Dance","floor":10.0,"key":"SMITH"},{"data":"Footwork","floor":15,"key":"SMITH"},{"data":"Choke","floor":23,"key":"SMITH"},{"data":"After Image","floor":25,"key":"SMITH"},{"data":"After Image","floor":27,"key":"SMITH"},{"data":"Slice","floor":30,"key":"SMITH"},{"data":"Neutralize","floor":32,"key":"SMITH"},{"data":"Blade Dance","floor":40,"key":"SMITH"},{"data":"Master of Strategy","floor":42,"key":"SMITH"},{"data":"Backflip","floor":47,"key":"SMITH"},{"data":"Adrenaline","floor":49,"key":"SMITH"}],"circlet_count":0,"master_deck":["Strike_G","Strike_G","Strike_G","Strike_G","Defend_G+1","Survivor","Neutralize+1","After Image+1","Dagger Spray","Backflip+1","Footwork+1","Choke+1","Adrenaline+1","Blade Dance+1","After Image+1","Slice+1","Escape Plan+1","Finisher+1","Die Die Die","Blur+1","Predator+1","Deflect+1","Blade Dance+1","Acrobatics+1","Master of Strategy+1","Calculated Gamble+1","Footwork+1","Backstab+1","Adrenaline+1","Adrenaline+1","Blade Dance+1","expansioncontent:AwakenDeath"],"relics":["Ring of the Snake","Meat on the Bone","Anchor","WingedGreaves","Bird Faced Urn","TungstenRod","Runic Pyramid","Gremlin Horn","Shuriken","Old Coin","Astrolabe","Juzu Bracelet","War Paint","Mango"],"acts_visited":["Exordium","TheCity","TheBeyond"],"potions_floor_usage":[12,16,29,33,33,50,50],"damage_taken":[{"damage":0.0,"enemies":"Cultist","floor":1.0,"turns":5.0},{"damage":3.0,"enemies":"Jaw Worm","floor":2.0,"turns":4.0},{"damage":0.0,"enemies":"Small Slimes","floor":3.0,"turns":3.0},{"damage":9.0,"enemies":"Exordium Wildlife","floor":4.0,"turns":6.0},{"damage":2.0,"enemies":"Looter","floor":5.0,"turns":5.0},{"damage":14.0,"enemies":"3 Sentries","floor":6.0,"turns":10.0},{"damage":8.0,"enemies":"Gremlin Nob","floor":8.0,"turns":5.0},{"damage":5,"enemies":"Lagavulin","floor":12,"turns":7},{"damage":0,"enemies":"2 Fungi Beasts","floor":13,"turns":4},{"damage":13,"enemies":"The Guardian","floor":16,"turns":18},{"damage":27,"enemies":"Spheric Guardian","floor":18,"turns":9},{"damage":0,"enemies":"3 Byrds","floor":20,"turns":5},{"damage":4,"enemies":"Snake Plant","floor":24,"turns":4},{"damage":0,"enemies":"Sentry and Sphere","floor":28,"turns":6},{"damage":1,"enemies":"Book of Stabbing","floor":29,"turns":5},{"damage":6,"enemies":"Collector","floor":33,"turns":10},{"damage":0,"enemies":"3 Shapes","floor":35,"turns":1},{"damage":6,"enemies":"3 Darklings","floor":36,"turns":2},{"damage":10,"enemies":"Transient","floor":38,"turns":5},{"damage":1,"enemies":"4 Shapes","floor":39,"turns":3},{"damage":11,"enemies":"Writhing Mass","floor":45,"turns":7},{"damage":0,"enemies":"Mind Bloom Boss Battle","floor":46,"turns":5},{"damage":33,"enemies":"Awakened One","floor":50,"turns":11}],"seed_played":"-6550814111509594516","potions_obtained":[{"floor":2.0,"key":"Ancient Potion"},{"floor":6.0,"key":"Block Potion"},{"floor":8.0,"key":"Swift Potion"},{"floor":11.0,"key":"DistilledChaos"},{"floor":13,"key":"Swift Potion"},{"floor":18,"key":"Strength Potion"},{"floor":29,"key":"Poison Potion"},{"floor":38,"key":"SpeedPotion"},{"floor":46,"key":"Slimebound:ThreeZeroPotion"}],"is_trial":false,"path_per_floor":["M","M","M","M","M","E","R","E","T","R","?","E","M","T","R","B",null,"M","$","M","?","$","R","M","R","T","R","M","E","R","?","R","B",null,"M","M","$","M","M","R","?","R","T","?","M","?","R","?","R","B",null],"character_chosen":"THE_SILENT","items_purchased":["Gremlin Horn","Master of Strategy","Juzu Bracelet","Calculated Gamble"],"campfire_rested":0,"item_purchase_floors":[19,37,37,37],"current_hp_per_floor":[70,67,67,58,56,42,42,46,46,46,46,41,45,45,45,38,70,47,47,53,53,53,53,55,55,55,55,63,68,68,68,68,64,70,70,64,64,60,63,63,63,63,63,63,59,81,81,81,81,51],"gold":223,"neow_bonus":"THREE_RARE_CARDS","is_daily":false,"chose_seed":false,"campfire_upgraded":12,"win_rate":0.0,"timestamp":1607722123,"path_taken":["M","M","M","M","?","E","R","E","T","R","?","E","?","?","R","BOSS","M","?","M","?","?","R","M","R","T","R","M","E","R","?","R","BOSS","M","M","$","M","M","R","?","R","T","?","M","?","R","?","R","BOSS"],"items_purchased_type":["Relic","Card","Relic","Card"],"build_version":"2020-11-30","purchased_purges":1,"victory":true,"max_hp_per_floor":[70,70,70,70,70,70,70,70,70,70,70,70,70,70,70,70,70,70,70,70,70,70,70,70,70,70,70,70,70,70,70,70,70,70,70,70,70,70,70,70,70,70,70,70,70,84,84,84,84,84],"card_choices":[{"not_picked":["Burst","Bullet Time"],"picked":"After Image","floor":0.0},{"not_picked":["Slice","Prepared"],"picked":"Dagger Spray","floor":1.0},{"not_picked":["Prepared","PiercingWail"],"picked":"Backflip","floor":2.0},{"not_picked":["Riddle With Holes","Predator"],"picked":"Footwork","floor":3.0},{"not_picked":["Flying Knee","Expertise"],"picked":"Choke","floor":4.0},{"not_picked":["Flechettes","Dagger Throw"],"picked":"Well Laid Plans","floor":5.0},{"not_picked":["Slice","Wraith Form v2"],"picked":"Adrenaline","floor":6.0},{"not_picked":["Blur","Leg Sweep"],"picked":"Blade Dance","floor":8.0},{"not_picked":["Poisoned Stab","Tactician","Deadly Poison"],"picked":"SKIP","floor":12},{"not_picked":["Dagger Spray","Reflex","PiercingWail"],"picked":"SKIP","floor":13},{"not_picked":["Envenom","Bullet Time"],"picked":"After Image","floor":16},{"not_picked":["Slice","Flying Knee","Quick Slash"],"picked":"SKIP","floor":18},{"not_picked":["Flying Knee","Quick Slash"],"picked":"Slice","floor":18},{"not_picked":["Tactician","Dagger Throw","Bouncing Flask"],"picked":"SKIP","floor":20},{"not_picked":["Flying Knee","Acrobatics","Dash+1"],"picked":"SKIP","floor":24},{"not_picked":["Backflip+1","Prepared"],"picked":"Escape Plan+1","floor":28},{"not_picked":["Dodge and Roll+1","Choke"],"picked":"Finisher+1","floor":29},{"not_picked":["Doppelganger","After Image"],"picked":"Die Die Die","floor":33},{"not_picked":["Outmaneuver","Caltrops+1"],"picked":"Blade Dance","floor":35},{"not_picked":["Caltrops","Underhanded Strike+1"],"picked":"Acrobatics+1","floor":36},{"not_picked":["All Out Attack+1","Endless Agony"],"picked":"Footwork+1","floor":38},{"not_picked":["Backflip+1","Quick Slash+1"],"picked":"Backstab+1","floor":39},{"not_picked":["Dodge and Roll","PiercingWail+1"],"picked":"Adrenaline","floor":45},{"not_picked":["Reflex+1","Underhanded Strike"],"picked":"Blade Dance+1","floor":46},{"not_picked":["Enlightenment","Sadistic Nature"],"picked":"expansioncontent:AwakenDeath","floor":48}],"player_experience":72126,"relics_obtained":[{"floor":6.0,"key":"Meat on the Bone"},{"floor":8.0,"key":"Anchor"},{"floor":9.0,"key":"WingedGreaves"},{"floor":12,"key":"Bird Faced Urn"},{"floor":14,"key":"TungstenRod"},{"floor":26,"key":"Shuriken"},{"floor":29,"key":"Old Coin"},{"floor":43,"key":"War Paint"},{"floor":46,"key":"Mango"}],"event_choices":[{"damage_healed":0.0,"max_hp_gain":0.0,"max_hp_loss":0.0,"gold_gain":0.0,"event_name":"The Woman in Blue","player_choice":"Bought 1 Potion","floor":11.0,"gold_loss":0.0,"damage_taken":0.0},{"cards_removed":["Defend_G"],"damage_healed":0,"gold_gain":0,"player_choice":"Gave Gold","damage_taken":0,"max_hp_gain":0,"max_hp_loss":0,"event_name":"Beggar","floor":31,"gold_loss":75},{"damage_healed":0,"gold_gain":0,"player_choice":"Copied","damage_taken":0,"max_hp_gain":0,"max_hp_loss":0,"event_name":"Duplicator","floor":41,"gold_loss":0,"cards_obtained":["Adrenaline"]},{"cards_removed":["Well Laid Plans"],"damage_healed":0,"gold_gain":0,"player_choice":"Removed Power","damage_taken":0,"max_hp_gain":0,"max_hp_loss":0,"event_name":"Falling","floor":44,"gold_loss":0},{"damage_healed":0,"gold_gain":0,"player_choice":"Fight","damage_taken":0,"max_hp_gain":0,"max_hp_loss":0,"event_name":"MindBloom","floor":46,"gold_loss":0},{"damage_healed":0,"gold_gain":0,"player_choice":"Memory 1","damage_taken":0,"max_hp_gain":0,"max_hp_loss":0,"event_name":"SensoryStone","floor":48,"gold_loss":0}],"is_beta":false,"boss_relics":[{"not_picked":["Busted Crown","Runic Dome"],"picked":"Runic Pyramid"},{"not_picked":["Coffee Dripper","Velvet Choker"],"picked":"Astrolabe"}],"items_purged_floors":[37],"is_endless":false,"potions_floor_spawned":[2,6,8,13,18,29,38,46],"ascension_level":0}}