{"host":"tsmyusoyd9msvbjb","time":1607666389,"event":{"mods":["2.2 Compatiblity","BaseMod","BetterRewards","DeckTracker","Friendly Minions","Minty Spire (QoL Compilation)","Replay The Spire","StSLib","The Animator","The Fake Hero","The Poker Player","The Servant 0.9.4","Trackpad","Yohane!"],"gold_per_floor":[114,114,134,134,147,147,147,147,147],"floor_reached":7,"playtime":389,"items_purged":[],"score":41,"play_id":"a324daa0-d5c9-4746-b9f5-2ae7ac2ad2af","local_time":"20201210235949","is_ascension_mode":false,"metric_token":914,"campfire_choices":[{"data":"PokerPlayerMod:Raise","floor":6,"key":"SMITH"}],"circlet_count":0,"master_deck":["PokerPlayerMod:Diamond1","PokerPlayerMod:Diamond2","PokerPlayerMod:Diamond3","PokerPlayerMod:Diamond4","PokerPlayerMod:Diamond5","PokerPlayerMod:Spade1","PokerPlayerMod:Spade2","PokerPlayerMod:Spade3","PokerPlayerMod:Spade4","PokerPlayerMod:Club1","PokerPlayerMod:Club2","PokerPlayerMod:Heart2","PokerPlayerMod:TrumpStrike","PokerPlayerMod:BadJoker","PokerPlayerMod:Mulligan+1","PokerPlayerMod:Raise+1","PokerPlayerMod:Harden","PokerPlayerMod:ClubShade"],"relics":["PokerPlayerMod:DeckCase","Replay:Bottled Flurry"],"acts_visited":["Exordium"],"potions_floor_usage":[],"damage_taken":[{"damage":6,"enemies":"2 Louse","floor":1,"turns":2},{"damage":6,"enemies":"Cultist","floor":3,"turns":3},{"damage":0,"enemies":"Small Slimes","floor":5,"turns":3},{"damage":35,"enemies":"Gremlin Nob","floor":7,"turns":5}],"seed_played":"6841493406068096930","potions_obtained":[{"floor":3,"key":"LiquidBronze"}],"is_trial":false,"path_per_floor":["M","?","M","?","M","R","E"],"character_chosen":"THE_POKER_PLAYER","items_purchased":[],"campfire_rested":0,"item_purchase_floors":[],"current_hp_per_floor":[46,28,25,25,27,27,0,0,0],"gold":147,"neow_bonus":"UPGRADE_CARD","is_daily":false,"chose_seed":false,"campfire_upgraded":1,"win_rate":0.0,"timestamp":1607666389,"path_taken":["M","?","M","?","?","R","E"],"items_purchased_type":[],"build_version":"2020-11-30","purchased_purges":0,"victory":false,"max_hp_per_floor":[52,52,52,52,52,52,52,52,52],"card_choices":[{"not_picked":["PokerPlayerMod:Heart3","PokerPlayerMod:Manipulation"],"picked":"PokerPlayerMod:Raise","floor":1},{"not_picked":["PokerPlayerMod:ClubsClub","PokerPlayerMod:Club4"],"picked":"PokerPlayerMod:Harden","floor":3},{"not_picked":["PokerPlayerMod:SpadeStrike","PokerPlayerMod:Club5"],"picked":"PokerPlayerMod:ClubShade","floor":5}],"player_experience":225508,"relics_obtained":[],"event_choices":[{"damage_healed":0,"gold_gain":0,"player_choice":"Success","damage_taken":18,"relics_obtained":["Replay:Bottled Flurry"],"max_hp_gain":0,"max_hp_loss":0,"event_name":"Scrap Ooze","floor":2,"gold_loss":0},{"damage_healed":0,"gold_gain":0,"player_choice":"Ignored","damage_taken":0,"max_hp_gain":0,"max_hp_loss":0,"event_name":"NoteForYourself","floor":4,"gold_loss":0}],"is_beta":false,"boss_relics":[],"items_purged_floors":[],"is_endless":false,"potions_floor_spawned":[3],"killed_by":"Gremlin Nob","ascension_level":0}}