{"host":"kh6fvhxn285ncg0o","time":1607701512,"event":{"mods":["Act Like it!","BaseMod","Colored Map","Friendly Minions","Keyboard Shortcuts","Minty Spire (QoL Compilation)","Quick Restart","Relic Stats","StSLib","SuperFastMode"],"gold_per_floor":[113,113,113,133,133,159,159,15,67,97,116,145,145,220,220,297,297,317,342,342,359,373,373,401,419,419,448,466,493,493,493],"floor_reached":30,"playtime":628,"items_purged":[],"score":712,"play_id":"73cc4c52-82ee-43fd-af94-25698bb41989","local_time":"20201212004512","is_ascension_mode":true,"campfire_choices":[{"data":"Spot Weakness","floor":7.0,"key":"SMITH"},{"data":"Deep Breath","floor":13.0,"key":"SMITH"},{"data":"Battle Trance","floor":15.0,"key":"SMITH"},{"floor":23.0,"key":"REST"}],"circlet_count":0,"master_deck":["AscendersBane","Strike_R","Strike_R","Strike_R","Defend_R","Defend_R","Defend_R","Defend_R","Bash+1","Spot Weakness+1","Sword Boomerang","Deep Breath+1","Dropkick","Battle Trance+1","Second Wind","Feel No Pain","Offering+1","Rage"],"relics":["Burning Blood","PreservedInsect","Ancient Tea Set","MealTicket","Art of War","Sozu","Red Mask","Champion Belt","Prayer Wheel","Eternal Feather"],"acts_visited":["Exordium","TheCity"],"potions_floor_usage":[],"damage_taken":[{"damage":11.0,"enemies":"Jaw Worm","floor":1.0,"turns":6.0},{"damage":4.0,"enemies":"2 Louse","floor":4.0,"turns":3.0},{"damage":30.0,"enemies":"3 Sentries","floor":6.0,"turns":6.0},{"damage":11.0,"enemies":"Gremlin Nob","floor":10.0,"turns":3.0},{"damage":0.0,"enemies":"Small Slimes","floor":11.0,"turns":2.0},{"damage":30.0,"enemies":"Lagavulin","floor":12.0,"turns":5.0},{"damage":8.0,"enemies":"Hexaghost","floor":16.0,"turns":6.0},{"damage":13.0,"enemies":"2 Thieves","floor":18.0,"turns":3.0},{"damage":25.0,"enemies":"Masked Bandits","floor":19.0,"turns":3.0},{"damage":22.0,"enemies":"Spheric Guardian","floor":21.0,"turns":4.0},{"damage":0.0,"enemies":"Centurion and Healer","floor":22.0,"turns":5.0},{"damage":6.0,"enemies":"Slavers","floor":24.0,"turns":3.0},{"damage":17.0,"enemies":"Snake Plant","floor":25.0,"turns":4.0},{"damage":10.0,"enemies":"Book of Stabbing","floor":27.0,"turns":3.0},{"damage":26.0,"enemies":"Snecko","floor":28.0,"turns":5.0},{"damage":6.0,"enemies":"Slavers","floor":29.0,"turns":3.0},{"damage":8,"enemies":"3 Cultists","floor":30,"turns":3}],"seed_played":"1098510921181070452","potions_obtained":[{"floor":4.0,"key":"Explosive Potion"},{"floor":6.0,"key":"ColorlessPotion"},{"floor":16.0,"key":"DuplicationPotion"}],"is_trial":false,"path_per_floor":["M","?","?","M","?","E","R","$","T","E","M","E","R","?","R","B",null,"M","?","?","M","M","R","E","M","T","E","M","E","M"],"character_chosen":"IRONCLAD","items_purchased":["Deep Breath","Dropkick"],"campfire_rested":1,"item_purchase_floors":[8,8],"current_hp_per_floor":[63,68,68,70,70,46,46,46,46,41,47,23,23,12,12,10,57,50,31,31,15,21,42,42,31,31,27,7,7,0,0],"gold":493,"neow_bonus":"REMOVE_TWO","is_daily":false,"chose_seed":false,"campfire_upgraded":3,"win_rate":0.0,"timestamp":1607701512,"path_taken":["M","?","?","M","?","E","R","$","T","E","M","E","R","?","R","BOSS","M","?","?","?","M","R","E","M","T","E","M","E","M"],"items_purchased_type":["Card","Card"],"build_version":"2020-11-30","purchased_purges":0,"victory":false,"max_hp_per_floor":[68,73,73,73,73,73,73,73,73,73,73,73,73,73,73,73,73,73,73,73,73,73,73,73,73,73,73,73,73,73,73],"relic_stats":{"Sozu":2,"counters":[17,67],"MealTicket":0,"Prayer Wheel":1,"Eternal Feather":0,"PreservedInsect":177,"Art of War":[5],"Champion Belt":[9],"obtain_stats":[{"Sozu":17,"MealTicket":10,"Prayer Wheel":26,"Eternal Feather":27,"PreservedInsect":6,"Art of War":12,"Red Mask":19,"Champion Belt":24,"Ancient Tea Set":9,"Burning Blood":0},{"Sozu":7,"MealTicket":4,"Prayer Wheel":13,"Eternal Feather":14,"PreservedInsect":3,"Art of War":6,"Red Mask":9,"Champion Belt":12,"Ancient Tea Set":3,"Burning Blood":0},{"Sozu":31,"MealTicket":18,"Prayer Wheel":53,"Eternal Feather":56,"PreservedInsect":15,"Art of War":25,"Red Mask":37,"Champion Belt":49,"Ancient Tea Set":15,"Burning Blood":0}],"Burning Blood":96},"card_choices":[{"not_picked":["True Grit","Thunderclap"],"picked":"Spot Weakness","floor":1.0},{"not_picked":["Perfected Strike","Armaments"],"picked":"Sword Boomerang","floor":4.0},{"not_picked":["Rampage","Perfected Strike","True Grit"],"picked":"SKIP","floor":6.0},{"not_picked":["Headbutt","Body Slam"],"picked":"Battle Trance","floor":10.0},{"not_picked":["Bloodletting","Perfected Strike"],"picked":"Second Wind","floor":11.0},{"not_picked":["Anger","Barricade"],"picked":"Feel No Pain","floor":12.0},{"not_picked":["Bludgeon","Impervious"],"picked":"Offering","floor":16.0},{"not_picked":["Metallicize","Cleave","Thunderclap"],"picked":"SKIP","floor":18.0},{"not_picked":["Searing Blow","Pommel Strike"],"picked":"Rage","floor":21.0},{"not_picked":["Flex","Battle Trance","Intimidate"],"picked":"SKIP","floor":22.0},{"not_picked":["Flex","Battle Trance","Intimidate"],"picked":"SKIP","floor":22.0},{"not_picked":["Anger","Shrug It Off","Cleave+1"],"picked":"SKIP","floor":24.0},{"not_picked":["Armaments","Heavy Blade","Reckless Charge"],"picked":"SKIP","floor":25.0},{"not_picked":["Shrug It Off","Corruption","Pommel Strike"],"picked":"SKIP","floor":27.0},{"not_picked":["Cleave","Armaments","Anger"],"picked":"SKIP","floor":28.0},{"not_picked":["Clothesline","Anger","Wild Strike"],"picked":"SKIP","floor":28.0},{"not_picked":["Warcry","Clash","Hemokinesis"],"picked":"SKIP","floor":29}],"player_experience":3142594,"relics_obtained":[{"floor":6.0,"key":"PreservedInsect"},{"floor":9.0,"key":"Ancient Tea Set"},{"floor":10.0,"key":"MealTicket"},{"floor":12.0,"key":"Art of War"},{"floor":19.0,"key":"Red Mask"},{"floor":24.0,"key":"Champion Belt"},{"floor":26.0,"key":"Prayer Wheel"},{"floor":27.0,"key":"Eternal Feather"}],"event_choices":[{"damage_healed":0.0,"max_hp_gain":5.0,"max_hp_loss":0.0,"gold_gain":0.0,"event_name":"Big Fish","player_choice":"Donut","floor":2.0,"gold_loss":0.0,"damage_taken":0.0},{"damage_healed":0.0,"max_hp_gain":0.0,"max_hp_loss":0.0,"gold_gain":0.0,"event_name":"Living Wall","player_choice":"Grow","floor":3.0,"gold_loss":0.0,"damage_taken":0.0,"cards_upgraded":["Bash"]},{"damage_healed":0.0,"max_hp_gain":0.0,"max_hp_loss":0.0,"gold_gain":0.0,"event_name":"Liars Game","player_choice":"Ignored","floor":5.0,"gold_loss":0.0,"damage_taken":0.0},{"damage_healed":0.0,"max_hp_gain":0.0,"max_hp_loss":0.0,"gold_gain":75.0,"event_name":"World of Goop","player_choice":"Gather Gold","floor":14.0,"gold_loss":0.0,"damage_taken":11.0},{"damage_healed":0.0,"max_hp_gain":0.0,"max_hp_loss":0.0,"gold_gain":0.0,"event_name":"Masked Bandits","player_choice":"Fought Bandits","floor":19.0,"gold_loss":0.0,"damage_taken":0.0},{"damage_healed":0.0,"max_hp_gain":0.0,"max_hp_loss":0.0,"gold_gain":0.0,"event_name":"Upgrade Shrine","player_choice":"Upgraded","floor":20.0,"gold_loss":0.0,"damage_taken":0.0,"cards_upgraded":["Offering"]}],"is_beta":false,"boss_relics":[{"not_picked":["Busted Crown","Tiny House"],"picked":"Sozu"}],"items_purged_floors":[],"is_endless":false,"potions_floor_spawned":[4,6,16,19,24,29],"killed_by":"3 Cultists","ascension_level":20}}