{"host":"usrgk25etjl0nf5i","time":1607655028,"event":{"mods":["2.2 Compatiblity","BaseMod","Downfall","Hermit","Hubris","Minty Spire (QoL Compilation)","StSLib","SuperFastMode","The Disciple","The Hierophant"],"gold_per_floor":[14,32,207,207,207,236,236,249,249,274,286,64,80,80,80,80,80],"floor_reached":16,"playtime":412,"items_purged":[],"score":185,"play_id":"c9338d7e-95ac-4084-a239-2ddf40ba6324","local_time":"20201210185028","is_ascension_mode":true,"campfire_choices":[{"floor":7,"key":"REST"},{"floor":15,"key":"REST"}],"circlet_count":0,"master_deck":["Strike_B","Strike_B","Strike_B","Defend_B","Defend_B","Defend_B","Defend_B","Zap","Dualcast","Ball Lightning","Machine Learning","Doubt","Ball Lightning","Go for the Eyes","Capacitor","Ball Lightning","White Noise","Ball Lightning","Regret"],"relics":["Cracked Core","Du-Vu Doll","Potion Belt","Tiny Chest","Letter Opener","hubris:SoftwareUpdate","Juzu Bracelet","hubris:SphereOfDissonance"],"acts_visited":["Exordium"],"potions_floor_usage":[6,10,16],"damage_taken":[{"damage":1,"enemies":"Cultist","floor":1,"turns":3},{"damage":2,"enemies":"2 Louse","floor":2,"turns":2},{"damage":7,"enemies":"Gremlin Nob","floor":6,"turns":3},{"damage":5,"enemies":"Small Slimes","floor":8,"turns":2},{"damage":8,"enemies":"Lagavulin","floor":10,"turns":7},{"damage":18,"enemies":"Exordium Thugs","floor":11,"turns":4},{"damage":13,"enemies":"Large Slime","floor":13,"turns":3},{"damage":41,"enemies":"The Guardian","floor":16,"turns":4}],"seed_played":"2507892216977672529","potions_obtained":[{"floor":2,"key":"ColorlessPotion"},{"floor":6,"key":"EssenceOfSteel"},{"floor":13,"key":"SneckoOil"}],"is_trial":false,"path_per_floor":["M","M","?","?","?","E","R","M","T","E","M","$","M","?","R","B"],"character_chosen":"DEFECT","items_purchased":["Juzu Bracelet","White Noise"],"campfire_rested":2,"item_purchase_floors":[12,12],"current_hp_per_floor":[67,65,65,58,46,39,61,56,56,48,30,30,17,17,39,0,0],"gold":80,"neow_bonus":"ONE_RARE_RELIC","is_daily":false,"chose_seed":false,"campfire_upgraded":0,"win_rate":0.0,"timestamp":1607655028,"path_taken":["M","M","?","?","?","E","R","M","T","E","?","$","M","?","R","BOSS"],"items_purchased_type":["Relic","Card"],"build_version":"2020-11-30","purchased_purges":0,"victory":false,"max_hp_per_floor":[75,75,75,75,75,75,75,75,75,75,75,75,75,75,75,75,75],"card_choices":[{"not_picked":["Go for the Eyes","Darkness"],"picked":"Ball Lightning","floor":1},{"not_picked":["Turbo","Go for the Eyes"],"picked":"Machine Learning","floor":2},{"not_picked":["Rebound","Double Energy"],"picked":"Ball Lightning","floor":6},{"not_picked":["hubris:PowerSurge","Rebound"],"picked":"Go for the Eyes","floor":8},{"not_picked":["White Noise","Redo"],"picked":"Capacitor","floor":10},{"not_picked":["Steam","Cold Snap"],"picked":"Ball Lightning","floor":11},{"not_picked":["Barrage","Reprogram"],"picked":"Ball Lightning","floor":13}],"player_experience":620652,"relics_obtained":[{"floor":6,"key":"Tiny Chest"},{"floor":9,"key":"Letter Opener"},{"floor":10,"key":"hubris:SoftwareUpdate"}],"event_choices":[{"damage_healed":0,"gold_gain":175,"player_choice":"AGREE","damage_taken":0,"max_hp_gain":0,"max_hp_loss":0,"event_name":"Liars Game","floor":3,"gold_loss":0,"cards_obtained":["Doubt"]},{"cards_removed":["Strike_B"],"damage_healed":0,"gold_gain":0,"player_choice":"Card Removal","damage_taken":7,"max_hp_gain":0,"max_hp_loss":0,"event_name":"Golden Wing","floor":4,"gold_loss":0},{"damage_healed":0,"gold_gain":0,"player_choice":"Success","damage_taken":12,"relics_obtained":["Potion Belt"],"max_hp_gain":0,"max_hp_loss":0,"event_name":"Scrap Ooze","floor":5,"gold_loss":0},{"damage_healed":0,"gold_gain":0,"player_choice":"Box","damage_taken":0,"relics_obtained":["hubris:SphereOfDissonance"],"max_hp_gain":0,"max_hp_loss":0,"event_name":"Big Fish","floor":14,"gold_loss":0,"cards_obtained":["Regret"]}],"is_beta":false,"boss_relics":[],"items_purged_floors":[],"is_endless":false,"potions_floor_spawned":[2,6,13],"killed_by":"The Guardian","ascension_level":9}}