{"host":"usrgk25etjl0nf5i","time":1607665383,"event":{"mods":["2.2 Compatiblity","BaseMod","Downfall","Hermit","Hubris","Minty Spire (QoL Compilation)","StSLib","SuperFastMode","The Disciple","The Hierophant"],"gold_per_floor":[17,36,36,36,311,345,42,42,42,54,54,54],"floor_reached":11,"playtime":347,"items_purged":[],"score":139,"play_id":"10e7496b-d9de-4989-890b-4d781a761a14","local_time":"20201210214303","is_ascension_mode":true,"campfire_choices":[{"data":"Scrape","floor":8,"key":"SMITH"}],"circlet_count":0,"master_deck":["Strike_B","Strike_B","Strike_B","Strike_B+1","Defend_B","Defend_B","Defend_B+1","Defend_B","Zap","Dualcast","expansioncontent:DashGenerateEvil","Gash","Scrape+1","Regret","Hologram"],"relics":["Cracked Core","hubris:Icosahedron","Molten Egg 2","Guardian:GemstoneGun","CaptainsWheel"],"acts_visited":["Exordium"],"potions_floor_usage":[6],"damage_taken":[{"damage":0,"enemies":"Cultist","floor":1,"turns":3},{"damage":7,"enemies":"Jaw Worm","floor":2,"turns":2},{"damage":2,"enemies":"Gremlin Nob","floor":6,"turns":3},{"damage":0,"enemies":"2 Louse","floor":10,"turns":1},{"damage":49,"enemies":"3 Sentries","floor":11,"turns":6}],"seed_played":"-4193581244826158480","potions_obtained":[{"floor":1,"key":"hexamod:EctoCoolerPotion"}],"is_trial":false,"path_per_floor":["M","M","?","?","?","E","$","R","T","M","E"],"character_chosen":"DEFECT","items_purchased":["Guardian:GemstoneGun"],"campfire_rested":0,"item_purchase_floors":[7],"current_hp_per_floor":[68,61,61,46,46,44,44,44,44,44,0,0],"gold":54,"neow_bonus":"RANDOM_COLORLESS_2","is_daily":false,"chose_seed":false,"campfire_upgraded":1,"win_rate":0.0,"timestamp":1607665383,"path_taken":["M","M","?","?","?","E","$","R","T","?","E"],"items_purchased_type":["Relic"],"build_version":"2020-11-30","purchased_purges":0,"victory":false,"max_hp_per_floor":[75,75,75,75,75,75,75,75,75,75,75,75],"card_choices":[{"not_picked":["The Bomb","Secret Technique"],"picked":"expansioncontent:DashGenerateEvil","floor":0},{"not_picked":["Ball Lightning","Double Energy"],"picked":"Gash","floor":1},{"not_picked":["Leap","Coolheaded"],"picked":"Scrape","floor":2},{"not_picked":["Sweeping Beam+1","Cold Snap+1","Chaos"],"picked":"SKIP","floor":6},{"not_picked":["Sweeping Beam+1","Auto Shields"],"picked":"Hologram","floor":10}],"player_experience":630386,"relics_obtained":[{"floor":6,"key":"Molten Egg 2"},{"floor":9,"key":"CaptainsWheel"}],"event_choices":[{"damage_healed":0,"gold_gain":0,"player_choice":"Entered Light","damage_taken":15,"max_hp_gain":0,"max_hp_loss":0,"event_name":"Shining Light","floor":4,"gold_loss":0,"cards_upgraded":["Defend_B","Strike_B"]},{"damage_healed":0,"gold_gain":275,"player_choice":"Desecrate","damage_taken":0,"max_hp_gain":0,"max_hp_loss":0,"event_name":"Golden Shrine","floor":5,"gold_loss":0,"cards_obtained":["Regret"]}],"is_beta":false,"boss_relics":[],"items_purged_floors":[],"is_endless":false,"potions_floor_spawned":[1],"killed_by":"3 Sentries","ascension_level":9}}