{"host":"21cpix1xyksoaq27","time":1607668974,"event":{"mods":["BaseMod","Minty Spire (QoL Compilation)","Replay The Spire","StSLib","The Forsaken","The Hierophant","The Judge","The Necromancer","The Showman","The Spell Scribe"],"gold_per_floor":[119,59,70,70,43,43,57,73,73,73,83,103,103,103,103,199,199,211,221,239,239,249,249,249,249,275,284,284,298,310,310,310],"floor_reached":31,"playtime":2788,"items_purged":[],"score":237,"play_id":"3b06c6ec-6937-4fff-81b1-ab420e2cd85b","local_time":"20201211014254","daily_mods":["Draft"],"is_ascension_mode":false,"campfire_choices":[{"data":"theScribe:Thwack","floor":6,"key":"SMITH"},{"floor":13,"key":"REST"},{"floor":15,"key":"REST"},{"floor":23,"key":"REST"},{"floor":25,"key":"REST"},{"floor":28,"key":"REST"}],"circlet_count":0,"master_deck":["theScribe:Thwack+1","theScribe:MirrorImage","theScribe:GatherComponents","theScribe:IcicleBlast","theScribe:MirrorImage","theScribe:Incendio","theScribe:WeirdBlast","theScribe:WordsOfPower","theScribe:BluntWeapons+1","theScribe:Frost","theScribe:StaticCage","theScribe:StaticCage","theScribe:Meditate","theScribe:StaticSeries","theScribe:StaticSeries","theScribe:PriceOfKnowledge","theScribe:ScrollOfPoison+1","theScribe:MirrorImage","theScribe:FocusingBlow","theScribe:LightningBolt","theScribe:ScriptedStarfall","theScribe:Divination+1","theScribe:CapacitanceScroll","theScribe:FrostvenomToxin+1","theScribe:ArcaneArcing+1","theScribe:Dark","theScribe:Overcharge","theScribe:WeirdToxin"],"relics":["theScribe:StarterRelic1","Odd Mushroom","Eternal Feather","Unceasing Top","Chameleon Ring","Empty Cage","PreservedInsect"],"acts_visited":["Exordium","TheCity"],"potions_floor_usage":[],"damage_taken":[{"damage":4,"enemies":"Cultist","floor":1,"turns":4},{"damage":0,"enemies":"Small Slimes","floor":3,"turns":5},{"damage":27,"enemies":"The Mushroom Lair","floor":7,"turns":4},{"damage":8,"enemies":"Lagavulin","floor":8,"turns":11},{"damage":11,"enemies":"2 Louse","floor":11,"turns":4},{"damage":1,"enemies":"Blue Slaver","floor":12,"turns":4},{"damage":45,"enemies":"Fading Forest","floor":16,"turns":11},{"damage":10,"enemies":"Chosen","floor":18,"turns":5},{"damage":8,"enemies":"3 Byrds","floor":19,"turns":5},{"damage":39,"enemies":"Cultist and Chosen","floor":20,"turns":9},{"damage":28,"enemies":"Centurion and Healer","floor":22,"turns":9},{"damage":52,"enemies":"Shelled Parasite and Fungi","floor":27,"turns":13},{"damage":19,"enemies":"Snake Plant","floor":29,"turns":7},{"damage":16,"enemies":"Snecko","floor":30,"turns":7},{"damage":25,"enemies":"Centurion and Healer","floor":31,"turns":5}],"seed_played":"-4915796569699337588","potions_obtained":[{"floor":1,"key":"Weak Potion"},{"floor":11,"key":"DuplicationPotion"},{"floor":16,"key":"BlessingOfTheForge"},{"floor":27,"key":"Milkshake"}],"is_trial":true,"path_per_floor":["M","$","M","?","?","R","?","E","T","T","M","M","R","?","R","B",null,"M","M","M","?","M","R","?","R","T","M","R","M","M","M"],"character_chosen":"THE_SCRIBE","items_purchased":["theScribe:StaticSeries"],"campfire_rested":5,"item_purchase_floors":[2],"current_hp_per_floor":[71,71,71,71,71,71,44,36,36,36,25,24,58,58,75,40,75,65,57,18,43,15,52,52,75,75,23,60,41,25,0,0],"gold":310,"neow_bonus":"","is_daily":false,"chose_seed":false,"campfire_upgraded":1,"win_rate":0.0,"timestamp":1607668974,"path_taken":["M","$","M","?","?","R","?","E","T","?","M","?","R","?","R","BOSS","M","M","M","?","M","R","?","R","T","M","R","M","M","?"],"items_purchased_type":["Card"],"build_version":"2020-11-30","purchased_purges":0,"victory":false,"max_hp_per_floor":[75,75,75,75,75,75,75,75,75,75,75,75,75,75,75,75,75,75,75,75,75,75,75,75,75,75,75,75,75,75,75,75],"card_choices":[{"not_picked":["theScribe:ScrollOfShadows","theScribe:Thunder"],"picked":"theScribe:Thwack","floor":0},{"not_picked":["theScribe:FocusingBlow","theScribe:ToxicSpellstone"],"picked":"theScribe:InvigoratingStrike","floor":0},{"not_picked":["theScribe:GatherComponents","theScribe:ToxicSpellstone"],"picked":"theScribe:MirrorImage","floor":0},{"not_picked":["theScribe:BlankScroll","theScribe:InvigoratingStrike"],"picked":"theScribe:GatherComponents","floor":0},{"not_picked":["theScribe:Thunder","theScribe:ScrollOfShadows"],"picked":"theScribe:IcicleBlast","floor":0},{"not_picked":["theScribe:AmplifyingSpellstone","theScribe:RecklessResponse"],"picked":"theScribe:MirrorImage","floor":0},{"not_picked":["theScribe:BarrierOfLight","theScribe:ScrollOfScrying"],"picked":"theScribe:Incendio","floor":0},{"not_picked":["theScribe:EnchantedStrike","theScribe:WeirdShield"],"picked":"theScribe:WeirdBlast","floor":0},{"not_picked":["theScribe:TelumSpellstone","theScribe:BlankScroll"],"picked":"theScribe:WordsOfPower","floor":0},{"not_picked":["theScribe:MirrorImage","theScribe:AmplifyingSpellstone"],"picked":"theScribe:BluntWeapons","floor":0},{"not_picked":["theScribe:WeirdShield","theScribe:Thunder"],"picked":"theScribe:LightningBolt","floor":0},{"not_picked":["theScribe:RecklessResponse","theScribe:Incendio"],"picked":"theScribe:Frost","floor":0},{"not_picked":["theScribe:BlankScroll","theScribe:MagicMissiles"],"picked":"theScribe:StaticCage","floor":0},{"not_picked":["theScribe:CrystalShield","theScribe:TelumSpellstone"],"picked":"theScribe:StaticCage","floor":0},{"not_picked":["theScribe:BlankScroll","theScribe:BluntWeapons"],"picked":"theScribe:Meditate","floor":0},{"not_picked":["theScribe:TelumSpellstone","theScribe:RecklessResponse","theScribe:AmplifyingSpellstone"],"picked":"SKIP","floor":1},{"not_picked":["theScribe:MirrorImage","theScribe:ScrollOfScrying"],"picked":"theScribe:PriceOfKnowledge","floor":3},{"not_picked":["theScribe:ScrollOfShadows","theScribe:ScrollOfPoison"],"picked":"theScribe:MirrorImage","floor":7},{"not_picked":["theScribe:AmplifyingSpellstone","theScribe:StemTheFlow"],"picked":"theScribe:FocusingBlow","floor":8},{"not_picked":["theScribe:GatherComponents","theScribe:ScindoSpellstone"],"picked":"theScribe:ThrownScroll","floor":11},{"not_picked":["theScribe:TelumSpellstone","theScribe:SacrificeRitual"],"picked":"theScribe:LightningBolt","floor":12},{"not_picked":["theScribe:GlacialGuard","theScribe:AbsoluteZero"],"picked":"theScribe:ScriptedStarfall","floor":16},{"not_picked":["theScribe:GatherComponents","theScribe:TelumSpellstone"],"picked":"theScribe:Divination+1","floor":18},{"not_picked":["theScribe:PriceOfKnowledge","theScribe:ScrollOfScrying+1"],"picked":"theScribe:CapacitanceScroll","floor":19},{"not_picked":["theScribe:ScriptedStarfall","theScribe:ArcaneBarrier"],"picked":"theScribe:FrostvenomToxin+1","floor":20},{"not_picked":["theScribe:CapacitanceScroll","theScribe:Frost"],"picked":"theScribe:ArcaneArcing+1","floor":22},{"not_picked":["theScribe:WeirdShield+1","theScribe:InvigoratingStrike+1"],"picked":"theScribe:Dark","floor":27},{"not_picked":["theScribe:FocusingBarrier+1","theScribe:CapacitanceScroll+1"],"picked":"theScribe:Overcharge","floor":29},{"not_picked":["theScribe:FrostvenomToxin","theScribe:Divination"],"picked":"theScribe:WeirdToxin","floor":30}],"player_experience":70097,"relics_obtained":[{"floor":7,"key":"Odd Mushroom"},{"floor":8,"key":"Eternal Feather"},{"floor":9,"key":"Unceasing Top"},{"floor":10,"key":"Chameleon Ring"},{"floor":26,"key":"PreservedInsect"}],"event_choices":[{"damage_healed":0,"gold_gain":0,"player_choice":"Left Gold","damage_taken":0,"max_hp_gain":0,"max_hp_loss":0,"event_name":"World of Goop","floor":5,"gold_loss":27},{"damage_healed":0,"gold_gain":0,"player_choice":"Fought Mushrooms","damage_taken":0,"max_hp_gain":0,"max_hp_loss":0,"event_name":"Mushrooms","floor":7,"gold_loss":0},{"damage_healed":25,"gold_gain":0,"player_choice":"Heal","damage_taken":0,"max_hp_gain":0,"max_hp_loss":0,"event_name":"The Library","floor":21,"gold_loss":0},{"damage_healed":0,"gold_gain":0,"player_choice":"Bought 0 Potions","damage_taken":0,"max_hp_gain":0,"max_hp_loss":0,"event_name":"The Woman in Blue","floor":24,"gold_loss":0}],"is_beta":false,"boss_relics":[{"not_picked":["Runic Pyramid","Replay:Ancient Bell"],"picked":"Empty Cage"}],"items_purged_floors":[],"is_endless":true,"potions_floor_spawned":[1,11,16,20,27,29],"killed_by":"Centurion and Healer","ascension_level":0}}