{"host":"1c52r9kaxdyo25eq","time":1607713386,"event":{"mods":["AchievementEnabler","BaseMod","Minty Spire (QoL Compilation)","Rare Cards Sparkle","SuperFastMode","everything is the same but u backflip on backflip"],"gold_per_floor":[119,44,44,44,60,60,60,77,77,77,77,2,31,51,51,123,123,135,135,146,71,91,91,103,103,155,171,196,212,212,127,127,205,205,216,438,458,208,208,208],"floor_reached":39,"playtime":760,"items_purged":["Defend_P","FollowUp+1"],"score":720,"play_id":"abd8670e-3227-4e16-ae5c-fa0cc224a08b","local_time":"20201212040306","is_ascension_mode":true,"campfire_choices":[{"data":"Eruption","floor":6.0,"key":"SMITH"},{"data":"Devotion","floor":11.0,"key":"SMITH"},{"data":"CrushJoints","floor":15.0,"key":"SMITH"},{"data":"Prostrate","floor":23.0,"key":"SMITH"},{"floor":25.0,"key":"REST"},{"floor":30.0,"key":"REST"},{"data":"ConjureBlade","floor":32.0,"key":"SMITH"}],"circlet_count":0,"master_deck":["AscendersBane","Eruption+1","Vigilance","Devotion+1","CrushJoints+1","Prostrate+1","Pray","ConjureBlade+1","Ragnarok+1","FlyingSleeves+1","Necronomicurse","DeusExMachina","Prostrate+1","MentalFortress+1","Evaluate","Dark Shackles"],"relics":["PureWater","Eternal Feather","Odd Mushroom","Astrolabe","Necronomicon","Dream Catcher","Red Mask","Art of War","SlaversCollar"],"acts_visited":["Exordium","TheCity","TheBeyond"],"potions_floor_usage":[],"damage_taken":[{"damage":4.0,"enemies":"Jaw Worm","floor":1.0,"turns":4.0},{"damage":0.0,"enemies":"Small Slimes","floor":5.0,"turns":1.0},{"damage":6.0,"enemies":"Cultist","floor":8.0,"turns":5.0},{"damage":12.0,"enemies":"The Mushroom Lair","floor":13.0,"turns":4.0},{"damage":11.0,"enemies":"Looter","floor":14.0,"turns":3.0},{"damage":33.0,"enemies":"The Guardian","floor":16.0,"turns":8.0},{"damage":0.0,"enemies":"Chosen","floor":18.0,"turns":2.0},{"damage":17.0,"enemies":"Shell Parasite","floor":20.0,"turns":2.0},{"damage":0.0,"enemies":"Sentry and Sphere","floor":22.0,"turns":2.0},{"damage":23.0,"enemies":"Centurion and Healer","floor":24.0,"turns":4.0},{"damage":19.0,"enemies":"Shelled Parasite and Fungi","floor":27.0,"turns":2.0},{"damage":0.0,"enemies":"Masked Bandits","floor":28.0,"turns":1.0},{"damage":10.0,"enemies":"Sentry and Sphere","floor":29.0,"turns":3.0},{"damage":25.0,"enemies":"Champ","floor":33.0,"turns":5.0},{"damage":29.0,"enemies":"3 Shapes","floor":35.0,"turns":5.0},{"damage":17.0,"enemies":"3 Darklings","floor":37.0,"turns":2.0},{"damage":0,"enemies":"Jaw Worm Horde","floor":39,"turns":2}],"seed_played":"7563158422678387551","potions_obtained":[{"floor":4.0,"key":"Fruit Juice"},{"floor":4.0,"key":"Fire Potion"},{"floor":8.0,"key":"Explosive Potion"},{"floor":13.0,"key":"Dexterity Potion"},{"floor":20.0,"key":"Explosive Potion"},{"floor":24.0,"key":"Fruit Juice"},{"floor":27.0,"key":"Block Potion"},{"floor":33.0,"key":"SteroidPotion"}],"is_trial":false,"path_per_floor":["M","?","?","?","M","R","?","M","T","?","R","$","?","M","R","B",null,"M","?","M","?","M","R","M","R","T","M","?","M","R","?","R","B",null,"M","?","M","$","M"],"character_chosen":"WATCHER","items_purchased":["Evaluate","Dark Shackles"],"campfire_rested":2,"item_purchase_floors":[38,38],"current_hp_per_floor":[57,57,57,57,57,57,57,51,51,51,57,57,45,34,40,7,53,53,32,20,20,20,26,3,30,30,16,16,6,35,35,41,16,63,34,34,17,17,17,17],"gold":208,"neow_bonus":"ONE_RANDOM_RARE_CARD","is_daily":false,"chose_seed":false,"campfire_upgraded":5,"win_rate":0.0,"timestamp":1607713386,"path_taken":["M","?","?","?","?","R","?","?","T","?","R","?","?","M","R","BOSS","M","?","M","?","M","R","M","R","T","M","?","M","R","?","R","BOSS","M","?","M","$","M"],"items_purchased_type":["Card","Card"],"build_version":"2020-11-30","purchased_purges":2,"victory":false,"max_hp_per_floor":[68,68,68,68,68,68,68,68,68,68,68,68,68,68,68,68,68,68,68,73,73,73,73,73,73,73,78,78,78,78,78,78,78,78,78,78,78,78,78,78],"card_choices":[{"not_picked":["PathToVictory","Consecrate","CrushJoints"],"picked":"SKIP","floor":1.0},{"not_picked":["FlyingSleeves","Meditate","Halt"],"picked":"SKIP","floor":5.0},{"not_picked":["JustLucky","Perseverance"],"picked":"Prostrate","floor":8.0},{"not_picked":["PathToVictory","EmptyBody"],"picked":"Pray","floor":14.0},{"not_picked":["Omniscience","Wish"],"picked":"ConjureBlade","floor":16.0},{"not_picked":["WaveOfTheHand","Conclude","CrushJoints"],"picked":"SKIP","floor":18.0},{"not_picked":["Prostrate","Meditate","FlurryOfBlows+1"],"picked":"SKIP","floor":20.0},{"not_picked":["Prostrate","Meditate","FlurryOfBlows+1"],"picked":"SKIP","floor":20.0},{"not_picked":["Halt","Meditate","FollowUp"],"picked":"SKIP","floor":22.0},{"not_picked":["Wireheading","Evaluate","Indignation"],"picked":"SKIP","floor":24.0},{"not_picked":["Nirvana","Pray","PathToVictory+1"],"picked":"SKIP","floor":27.0},{"not_picked":["WaveOfTheHand","Consecrate"],"picked":"DeusExMachina","floor":28.0},{"not_picked":["Pray","Conclude","WreathOfFlame"],"picked":"SKIP","floor":29.0},{"not_picked":["TalkToTheHand","WindmillStrike"],"picked":"Prostrate+1","floor":30.0},{"not_picked":["Consecrate","DeceiveReality+1","EmptyMind"],"picked":"SKIP","floor":35.0},{"not_picked":["DeceiveReality+1","WaveOfTheHand"],"picked":"MentalFortress+1","floor":37.0}],"player_experience":461634,"relics_obtained":[{"floor":9.0,"key":"Eternal Feather"},{"floor":13.0,"key":"Odd Mushroom"},{"floor":19.0,"key":"Necronomicon"},{"floor":26.0,"key":"Dream Catcher"},{"floor":28.0,"key":"Red Mask"}],"event_choices":[{"cards_removed":["Strike_P"],"damage_healed":0.0,"max_hp_gain":0.0,"max_hp_loss":0.0,"gold_gain":0.0,"event_name":"The Cleric","player_choice":"Card Removal","floor":2.0,"gold_loss":75.0,"damage_taken":0.0},{"damage_healed":0.0,"max_hp_gain":0.0,"max_hp_loss":0.0,"gold_gain":0.0,"event_name":"Liars Game","player_choice":"Ignored","floor":3.0,"gold_loss":0.0,"damage_taken":0.0},{"damage_healed":0.0,"max_hp_gain":0.0,"max_hp_loss":0.0,"gold_gain":0.0,"event_name":"Lab","player_choice":"Got Potions","floor":4.0,"gold_loss":0.0,"damage_taken":0.0},{"damage_healed":0.0,"max_hp_gain":0.0,"max_hp_loss":0.0,"gold_gain":0.0,"cards_transformed":["Defend_P"],"event_name":"Transmorgrifier","player_choice":"Transformed","floor":7.0,"gold_loss":0.0,"damage_taken":0.0,"cards_obtained":["CrushJoints"]},{"cards_removed":["Defend_P"],"damage_healed":0.0,"max_hp_gain":0.0,"max_hp_loss":0.0,"gold_gain":0.0,"event_name":"Purifier","player_choice":"Purged","floor":10.0,"gold_loss":0.0,"damage_taken":0.0},{"damage_healed":0.0,"max_hp_gain":0.0,"max_hp_loss":0.0,"gold_gain":0.0,"event_name":"Mushrooms","player_choice":"Fought Mushrooms","floor":13.0,"gold_loss":0.0,"damage_taken":0.0},{"damage_healed":0.0,"max_hp_gain":0.0,"max_hp_loss":0.0,"gold_gain":0.0,"event_name":"Cursed Tome","player_choice":"Obtained Book","floor":19.0,"gold_loss":0.0,"damage_taken":21.0},{"cards_removed":["Strike_P"],"damage_healed":0.0,"max_hp_gain":0.0,"max_hp_loss":0.0,"gold_gain":0.0,"event_name":"Beggar","player_choice":"Gave Gold","floor":21.0,"gold_loss":75.0,"damage_taken":0.0},{"damage_healed":0.0,"max_hp_gain":0.0,"max_hp_loss":0.0,"gold_gain":0.0,"event_name":"Masked Bandits","player_choice":"Fought Bandits","floor":28.0,"gold_loss":0.0,"damage_taken":0.0},{"damage_healed":0.0,"max_hp_gain":0.0,"max_hp_loss":0.0,"gold_gain":0.0,"event_name":"Addict","player_choice":"Obtained Relic","floor":31.0,"gold_loss":85.0,"damage_taken":0.0,"relics_obtained":["Art of War"]},{"damage_healed":0.0,"max_hp_gain":0.0,"max_hp_loss":0.0,"gold_gain":222.0,"event_name":"Tomb of Lord Red Mask","player_choice":"Wore Mask","floor":36.0,"gold_loss":0.0,"damage_taken":0.0}],"is_beta":false,"boss_relics":[{"not_picked":["Ectoplasm","VioletLotus"],"picked":"Astrolabe"},{"not_picked":["Cursed Key","Fusion Hammer"],"picked":"SlaversCollar"}],"items_purged_floors":[12,38],"is_endless":false,"potions_floor_spawned":[8,13,20,24,27,33],"killed_by":"Jaw Worm Horde","ascension_level":19}}