{"host":"27hat5v0dffgaxzm","time":1607705234,"event":{"mods":["BaseMod","Colored Map","Colored Powertips","Highlight Path","Minty Spire (QoL Compilation)","Permanent Neow","Quick Restart"],"gold_per_floor":[110,110,120,132,132,157,157,171,247,262,67,67,101,115,115,115,115],"floor_reached":16,"playtime":436,"items_purged":[],"score":224,"play_id":"3ef7f886-9b9d-4585-940f-641a72ce0348","local_time":"20201212014714","is_ascension_mode":true,"campfire_choices":[{"data":"Dash","floor":7.0,"key":"SMITH"},{"data":"Outmaneuver","floor":12.0,"key":"SMITH"},{"data":"Escape Plan","floor":15,"key":"SMITH"}],"circlet_count":0,"master_deck":["AscendersBane","Strike_G","Strike_G","Strike_G","Strike_G","Strike_G","Defend_G","Defend_G","Defend_G","Defend_G","Survivor","Neutralize+1","Dash","Dash+1","Dodge and Roll","Underhanded Strike","Tactician","Outmaneuver+1","Escape Plan+1"],"relics":["HoveringKite","Turnip","Pear","PreservedInsect","Dream Catcher"],"acts_visited":["Exordium"],"potions_floor_usage":[13,13],"damage_taken":[{"damage":1.0,"enemies":"Cultist","floor":1.0,"turns":4.0},{"damage":2.0,"enemies":"2 Louse","floor":3.0,"turns":3.0},{"damage":0.0,"enemies":"Small Slimes","floor":4.0,"turns":4.0},{"damage":42.0,"enemies":"Lagavulin","floor":6.0,"turns":11.0},{"damage":0.0,"enemies":"Blue Slaver","floor":8.0,"turns":5.0},{"damage":1.0,"enemies":"Looter","floor":10.0,"turns":4.0},{"damage":15,"enemies":"Gremlin Nob","floor":13,"turns":4},{"damage":0,"enemies":"Red Slaver","floor":14,"turns":5},{"damage":21,"enemies":"Slime Boss","floor":16,"turns":3}],"seed_played":"-5796293532199239073","potions_obtained":[{"floor":1.0,"key":"SkillPotion"},{"floor":8.0,"key":"Ancient Potion"},{"floor":10.0,"key":"Strength Potion"},{"floor":13,"key":"SmokeBomb"}],"is_trial":false,"path_per_floor":["M","?","M","M","?","E","R","M","T","M","$","R","E","M","R","B"],"character_chosen":"THE_SILENT","items_purchased":["PreservedInsect","Outmaneuver"],"campfire_rested":0,"item_purchase_floors":[11,11],"current_hp_per_floor":[58,58,56,56,56,14,14,14,24,23,23,23,8,8,8,0,0],"gold":115,"neow_bonus":"BOSS_RELIC","is_daily":false,"chose_seed":false,"campfire_upgraded":3,"win_rate":0.0,"timestamp":1607705234,"path_taken":["M","?","M","?","?","E","R","M","T","?","$","R","E","M","R","BOSS"],"items_purchased_type":["Relic","Card"],"build_version":"2020-11-30","purchased_purges":0,"victory":false,"max_hp_per_floor":[66,66,66,66,66,66,66,66,76,76,76,76,76,76,76,76,76],"card_choices":[{"not_picked":["Skewer","Dagger Spray"],"picked":"Dash","floor":1.0},{"not_picked":["Flechettes","Slice"],"picked":"Dash","floor":3.0},{"not_picked":["Accuracy","Deadly Poison"],"picked":"Dodge and Roll","floor":4.0},{"not_picked":["Envenom","Dagger Spray"],"picked":"Underhanded Strike","floor":6.0},{"not_picked":["Deadly Poison","Caltrops","Quick Slash"],"picked":"SKIP","floor":8.0},{"not_picked":["Outmaneuver","All Out Attack"],"picked":"Tactician","floor":10.0},{"not_picked":["Underhanded Strike","Sucker Punch"],"picked":"Escape Plan","floor":13},{"not_picked":["Setup","Poisoned Stab","Underhanded Strike"],"picked":"SKIP","floor":14}],"player_experience":302444,"relics_obtained":[{"floor":6.0,"key":"Turnip"},{"floor":9.0,"key":"Pear"},{"floor":13,"key":"Dream Catcher"}],"event_choices":[{"cards_removed":["Defend_G"],"damage_healed":0.0,"max_hp_gain":0.0,"max_hp_loss":0.0,"gold_gain":0.0,"event_name":"Bonfire Elementals","player_choice":"Offered Basic","floor":2.0,"gold_loss":0.0,"damage_taken":0.0},{"damage_healed":0.0,"max_hp_gain":0.0,"max_hp_loss":0.0,"gold_gain":0.0,"event_name":"Upgrade Shrine","player_choice":"Upgraded","floor":5.0,"gold_loss":0.0,"damage_taken":0.0,"cards_upgraded":["Neutralize"]}],"is_beta":false,"boss_relics":[],"items_purged_floors":[],"is_endless":false,"potions_floor_spawned":[1,8,10,13],"killed_by":"Slime Boss","ascension_level":20}}