{"host":"ojme7g6xlqwffsso","time":1607694140,"event":{"mods":["Act Like it!","BaseMod","Downfall","Hermit","MarisaÅiñ∂âJÅ@ñÇóùçπÅj","Minty Spire (QoL Compilation)","Quick Restart","Replay The Spire","Shade Mod","Shop Mod","StSLib","The Cursed","The Hierophant","The Servant 0.9.4"],"gold_per_floor":[112,67,86,86,102,102,136,136,136,155,255,255,284,297,297,395,395,408,420,434,434,2,29,29,49,96,116,116,134,154,143,143,244,344,363,383,383,383],"floor_reached":37,"playtime":2561,"items_purged":[],"score":646,"play_id":"d3387c9a-352a-4e95-9832-00817291dd83","local_time":"20201211224220","is_ascension_mode":true,"campfire_choices":[{"data":"ReplayTheSpireMod:Brewmster","floor":6,"key":"SMITH"},{"data":"TheCursedMod:CleanUpWorkshop","floor":12,"key":"SMITH"},{"floor":32,"key":"REST"}],"circlet_count":0,"master_deck":["TheCursedMod:Strike_TheCursed","TheCursedMod:Strike_TheCursed","TheCursedMod:Strike_TheCursed","TheCursedMod:Defend_TheCursed","TheCursedMod:Defend_TheCursed+1","TheCursedMod:Defend_TheCursed","TheCursedMod:CursedWand","TheCursedMod:CleanUpWorkshop+1","TheCursedMod:Dregs","ReplayTheSpireMod:Brewmster+1","TheCursedMod:CursedArmor","TheCursedMod:CursedBlade","TheCursedMod:RapidMovement+1","Looming Evil","TheCursedMod:CircleOfFlame+1","TheCursedMod:RapidMovement","TheCursedMod:Wield","ReplayTheSpireMod:Splinters","TheCursedMod:CursedShiv","TheCursedMod:Stigma","TheCursedMod:CircleOfAbyss","TheCursedMod:SpitefulStrike","TheCursedMod:DemonicPact","CurseOfTheBell","TheCursedMod:ReleasedKnowledge+1","TheCursedMod:FleshFromBone","TheCursedMod:TacticalStrike","TheCursedMod:CollectTribute","TheCursedMod:SmokeScreen","TheCursedMod:CursedAmulet","TheCursedMod:BloodBarrier","TheCursedMod:DemonicPact","TheCursedMod:CircleOfBlood","TheCursedMod:WearCloak+1","TheCursedMod:CursedShiv","TheCursedMod:WearCloak","TheCursedMod:VoidForm","TheCursedMod:ReleasedKnowledge+1"],"relics":["TheCursedMod:BlackMagic101","Ornamental Fan","Tiny Chest","Orichalcum","Onion Ring","Replay:Mystery Machine","TheCursedMod:DemonicMark","Bird Faced Urn","MerchantsRug","Shuriken","Ancient Tea Set","Garlic","Replay:Wanted Poster"],"acts_visited":["Exordium","TheCity","TheBeyond"],"potions_floor_usage":[3,3,3,5,7,7,7,10,10,13,13,13,13,16,16,16,16,16,16,16,16,18,18,19,19,20,20,20,20,20,20,23,23,23,23,23,25,27,27,27,29,29,29,30,30,30,30,30,33,33,33,33,33,33,33,33,33,33,33,33,35,35,35,35,35,36,36,36,37],"damage_taken":[{"damage":8,"enemies":"Cultist","floor":1,"turns":6},{"damage":0,"enemies":"Jaw Worm","floor":3,"turns":6},{"damage":0,"enemies":"2 Louse","floor":5,"turns":3},{"damage":6,"enemies":"Gremlin Nob","floor":7,"turns":5},{"damage":16,"enemies":"Large Slime","floor":10,"turns":7},{"damage":0,"enemies":"Lagavulin","floor":13,"turns":5},{"damage":1,"enemies":"Red Slaver","floor":14,"turns":4},{"damage":2,"enemies":"Hexaghost","floor":16,"turns":9},{"damage":13,"enemies":"3 Byrds","floor":18,"turns":5},{"damage":15,"enemies":"Shell Parasite","floor":19,"turns":6},{"damage":25,"enemies":"Centurion and Healer","floor":20,"turns":8},{"damage":4,"enemies":"Replay:Snechameleon","floor":23,"turns":9},{"damage":11,"enemies":"Sentry and Sphere","floor":25,"turns":6},{"damage":0,"enemies":"Cultist and Chosen","floor":27,"turns":6},{"damage":0,"enemies":"3 Cultists","floor":29,"turns":5},{"damage":27,"enemies":"Snecko","floor":30,"turns":9},{"damage":44,"enemies":"Collector","floor":33,"turns":14},{"damage":9,"enemies":"3 Darklings","floor":35,"turns":10},{"damage":3,"enemies":"3 Shapes","floor":36,"turns":3},{"damage":74,"enemies":"Sphere and 2 Shapes","floor":37,"turns":3}],"seed_played":"-2365970240715531142","potions_obtained":[{"floor":1,"key":"DuplicationPotion"},{"floor":5,"key":"Strength Potion"},{"floor":7,"key":"PowerPotion"},{"floor":19,"key":"PowerPotion"},{"floor":20,"key":"LifebloodPotion"},{"floor":30,"key":"Regen Potion"},{"floor":33,"key":"LiquidBronze"}],"is_trial":false,"path_per_floor":["M","$","M","?","M","R","E","?","T","M","?","R","E","M","R","B",null,"M","M","M","?","$","E","?","M","T","M","T","M","M","$","R","B",null,"M","M","M"],"character_chosen":"THE_CURSED","items_purchased":["TheCursedMod:CursedBlade","TheCursedMod:CollectTribute","MerchantsRug","War Paint","TheCursedMod:SmokeScreen","TheCursedMod:WearCloak"],"campfire_rested":1,"item_purchase_floors":[2,22,22,22,22,31],"current_hp_per_floor":[60,60,60,60,60,60,54,47,47,31,31,31,31,30,52,50,69,60,47,28,28,28,32,32,27,27,33,33,35,16,16,38,21,62,65,68,0,0],"gold":383,"neow_bonus":"RANDOM_COLORLESS_2","is_daily":false,"chose_seed":false,"campfire_upgraded":2,"win_rate":0.0,"timestamp":1607694140,"path_taken":["M","$","?","?","M","R","E","?","T","M","?","R","E","M","R","BOSS","M","M","M","?","$","E","?","M","T","M","?","M","M","$","R","BOSS","M","M","M"],"items_purchased_type":["Card","Card","Relic","Relic","Card","Card"],"build_version":"2020-11-30","purchased_purges":0,"victory":false,"max_hp_per_floor":[75,75,75,75,75,75,75,75,75,75,75,75,75,75,75,75,75,75,75,75,75,75,75,75,75,75,75,75,75,75,75,75,75,75,75,75,75,75],"card_choices":[{"not_picked":["expansioncontent:DashGenerateEvil","Metamorphosis"],"picked":"ReplayTheSpireMod:Brewmster","floor":0},{"not_picked":["TheCursedMod:WearCloak","TheCursedMod:TacticalStrike"],"picked":"TheCursedMod:CursedArmor","floor":1},{"not_picked":["TheCursedMod:RavingStaff","TheCursedMod:CursedStaff"],"picked":"TheCursedMod:RapidMovement","floor":3},{"not_picked":["TheCursedMod:CursedBlade","TheCursedMod:Stretching"],"picked":"TheCursedMod:CircleOfFlame","floor":5},{"not_picked":["TheCursedMod:SpreadPlague","TheCursedMod:Torture"],"picked":"TheCursedMod:RapidMovement","floor":7},{"not_picked":["TheCursedMod:BloodBarrier","TheCursedMod:SpreadPlague"],"picked":"TheCursedMod:Wield","floor":10},{"not_picked":["TheCursedMod:RavingStaff","TheCursedMod:SaltUponWound"],"picked":"TheCursedMod:CursedShiv","floor":11},{"not_picked":["TheCursedMod:EmpowerCircles","TheCursedMod:CircleOfCorruption"],"picked":"TheCursedMod:Stigma","floor":11},{"not_picked":["TheCursedMod:CircleOfBlood","TheCursedMod:CursedAmulet"],"picked":"TheCursedMod:CircleOfAbyss","floor":13},{"not_picked":["TheCursedMod:PrepareRite","TheCursedMod:ManaBullet"],"picked":"TheCursedMod:SpitefulStrike","floor":14},{"not_picked":["TheCursedMod:CircleOfAbyss","TheCursedMod:AntiAging"],"picked":"TheCursedMod:DemonicPact","floor":16},{"not_picked":["TheCursedMod:CursedAmulet+1","TheCursedMod:VitalStrike"],"picked":"TheCursedMod:ReleasedKnowledge+1","floor":18},{"not_picked":["TheCursedMod:CursedBlade","TheCursedMod:RavingStaff"],"picked":"TheCursedMod:FleshFromBone","floor":19},{"not_picked":["TheCursedMod:FuryStrike","TheCursedMod:CursedMace"],"picked":"TheCursedMod:TacticalStrike","floor":20},{"not_picked":["TheCursedMod:CircleOfWindfury","TheCursedMod:CursedBoomerang+1"],"picked":"TheCursedMod:CursedAmulet","floor":23},{"not_picked":["TheCursedMod:CursedRelics","TheCursedMod:TacticalStrike"],"picked":"TheCursedMod:CircleOfBlood","floor":25},{"not_picked":["TheCursedMod:Stretching","TheCursedMod:CursedShiv"],"picked":"TheCursedMod:WearCloak+1","floor":27},{"not_picked":["TheCursedMod:SaltUponWound","TheCursedMod:FleshFromBone","TheCursedMod:Wield"],"picked":"SKIP","floor":29},{"not_picked":["TheCursedMod:OutForBlood","TheCursedMod:TacticalStrike"],"picked":"TheCursedMod:CursedShiv","floor":30},{"not_picked":["TheCursedMod:CircleOfAbyss","TheCursedMod:CollectTribute"],"picked":"TheCursedMod:VoidForm","floor":33},{"not_picked":["TheCursedMod:CursedShiv","TheCursedMod:Torture+1"],"picked":"TheCursedMod:ReleasedKnowledge+1","floor":35},{"not_picked":["TheCursedMod:FleshFromBone","TheCursedMod:CircleOfCorruption+1","TheCursedMod:SmokeScreen+1"],"picked":"SKIP","floor":36}],"player_experience":805456,"relics_obtained":[{"floor":7,"key":"Ornamental Fan"},{"floor":9,"key":"Tiny Chest"},{"floor":11,"key":"Orichalcum"},{"floor":13,"key":"Onion Ring"},{"floor":17,"key":"Replay:Mystery Machine"},{"floor":17,"key":"TheCursedMod:DemonicMark"},{"floor":17,"key":"Bird Faced Urn"},{"floor":23,"key":"Shuriken"},{"floor":26,"key":"Ancient Tea Set"},{"floor":28,"key":"Garlic"}],"event_choices":[{"cards_removed":["Doubt"],"damage_healed":0,"gold_gain":0,"player_choice":"Card Removal","damage_taken":7,"max_hp_gain":0,"max_hp_loss":0,"event_name":"Golden Wing","floor":8,"gold_loss":0},{"damage_healed":0,"gold_gain":0,"cards_transformed":["TheCursedMod:Defend_TheCursed","TheCursedMod:Strike_TheCursed"],"player_choice":"Became Test Subject","damage_taken":0,"max_hp_gain":0,"max_hp_loss":0,"event_name":"Drug Dealer","floor":24,"gold_loss":0,"cards_obtained":["TheCursedMod:BloodBarrier","TheCursedMod:DemonicPact"]}],"is_beta":false,"boss_relics":[{"not_picked":["TheCursedMod:BlackMagicAdvanced","SacredBark"],"picked":"Calling Bell"},{"not_picked":["TheCursedMod:FourLeafCloverCharm","Astrolabe"],"picked":"Replay:Wanted Poster"}],"items_purged_floors":[],"is_endless":false,"potions_floor_spawned":[1,5,7,19,20,27,30,33,35],"killed_by":"Sphere and 2 Shapes","ascension_level":6}}