{"host":"hjw1ay65n7jm40lc","time":1607730247,"event":{"mods":["AchievementEnabler","BaseMod","Colored Map","Colored Powertips","Googly Eyes","Highlight Path","Minty Spire (QoL Compilation)","Quick Restart","Relic Stats"],"gold_per_floor":[109,125,95,111,131,158,158,193,219,219,239,267,267,26,26,131,131,141,141,161,16,16,46,46,81,81,81,113,73,73,92,92,193,193,208,225,225,238,258,289,289,305,378,410,335,335,335,363,363,363,363,363,62,89,89],"floor_reached":56,"playtime":7156,"items_purged":["Decay","Strike_B"],"score":1390,"play_id":"9890f1ad-978e-4799-8861-89fcf0210451","local_time":"20201211184407","is_ascension_mode":true,"campfire_choices":[{"floor":7.0,"key":"REST"},{"data":"Streamline","floor":10.0,"key":"SMITH"},{"floor":13.0,"key":"REST"},{"data":"Sweeping Beam","floor":15.0,"key":"SMITH"},{"data":"Fission","floor":24.0,"key":"SMITH"},{"floor":27.0,"key":"REST"},{"floor":30.0,"key":"REST"},{"data":"Glacier","floor":32.0,"key":"SMITH"},{"data":"Loop","floor":41.0,"key":"SMITH"},{"floor":49.0,"key":"RECALL"},{"data":"Secret Weapon","floor":52.0,"key":"SMITH"}],"circlet_count":0,"master_deck":["Strike_B","Strike_B+1","Strike_B","Defend_B+1","Defend_B","Defend_B","Defend_B","Zap","Dualcast","Rebound","Streamline+1","Sweeping Beam+1","Cold Snap","Fission+1","Defragment+1","Doom and Gloom","Hologram+1","Defragment+1","Ball Lightning","Glacier+1","Echo Form","Secret Weapon+1","Loop+1","Coolheaded","Stack","Glacier+1"],"relics":["Cracked Core","Calipers","WingedGreaves","Anchor","Bronze Scales","Bag of Preparation","Ornamental Fan","Cursed Key","ClockworkSouvenir","Shuriken","Singing Bowl","MealTicket","Velvet Choker","Bottled Tornado","Regal Pillow","The Courier","FossilizedHelix"],"acts_visited":["Exordium","TheCity","TheBeyond","TheEnding"],"potions_floor_usage":[55,55,55],"damage_taken":[{"damage":4.0,"enemies":"2 Louse","floor":1.0,"turns":2.0},{"damage":0.0,"enemies":"Cultist","floor":2.0,"turns":3.0},{"damage":3.0,"enemies":"Small Slimes","floor":4.0,"turns":2.0},{"damage":6.0,"enemies":"Blue Slaver","floor":5.0,"turns":3.0},{"damage":19.0,"enemies":"Lagavulin","floor":6.0,"turns":6.0},{"damage":11.0,"enemies":"3 Sentries","floor":8.0,"turns":5.0},{"damage":4.0,"enemies":"Looter","floor":11.0,"turns":3.0},{"damage":12.0,"enemies":"Lagavulin","floor":12.0,"turns":5.0},{"damage":20.0,"enemies":"Hexaghost","floor":16.0,"turns":7.0},{"damage":2.0,"enemies":"3 Byrds","floor":18.0,"turns":3.0},{"damage":0.0,"enemies":"2 Thieves","floor":20.0,"turns":3.0},{"damage":39.0,"enemies":"Slavers","floor":23.0,"turns":4.0},{"damage":21.0,"enemies":"Book of Stabbing","floor":25.0,"turns":5.0},{"damage":24.0,"enemies":"Slavers","floor":28.0,"turns":5.0},{"damage":9.0,"enemies":"Centurion and Healer","floor":31.0,"turns":5.0},{"damage":0.0,"enemies":"Champ","floor":33.0,"turns":12.0},{"damage":0.0,"enemies":"3 Shapes","floor":35.0,"turns":6.0},{"damage":23.0,"enemies":"3 Darklings","floor":36.0,"turns":3.0},{"damage":2.0,"enemies":"Sphere and 2 Shapes","floor":38.0,"turns":5.0},{"damage":6.0,"enemies":"Spire Growth","floor":39.0,"turns":5.0},{"damage":11.0,"enemies":"Reptomancer","floor":40.0,"turns":5.0},{"damage":0.0,"enemies":"3 Darklings","floor":42.0,"turns":6.0},{"damage":18.0,"enemies":"Nemesis","floor":44.0,"turns":9.0},{"damage":5.0,"enemies":"Giant Head","floor":48.0,"turns":9.0},{"damage":54.0,"enemies":"Awakened One","floor":50.0,"turns":13.0},{"damage":31.0,"enemies":"Shield and Spear","floor":54.0,"turns":7.0},{"damage":1,"enemies":"The Heart","floor":55,"turns":11}],"seed_played":"363926305440121761","potions_obtained":[{"floor":1.0,"key":"DuplicationPotion"},{"floor":3.0,"key":"LiquidBronze"},{"floor":3.0,"key":"BlessingOfTheForge"},{"floor":6.0,"key":"LiquidBronze"},{"floor":12.0,"key":"PowerPotion"},{"floor":18.0,"key":"PotionOfCapacity"},{"floor":28.0,"key":"Explosive Potion"},{"floor":35.0,"key":"EssenceOfDarkness"},{"floor":38.0,"key":"SneckoOil"},{"floor":42.0,"key":"EssenceOfSteel"},{"floor":44.0,"key":"Strength Potion"}],"is_trial":false,"path_per_floor":["M","M","?","M","M","E","R","E","T","R","M","E","R","$","R","B",null,"M","?","M","$","?","E","R","E","T","R","E","?","R","M","R","B",null,"M","M","?","M","M","E","R","M","T","E","$","?","$","E","R","B",null,"R","$","E","B",null],"character_chosen":"DEFECT","items_purchased":["Ornamental Fan","ClockworkSouvenir","Coolheaded","PowerPotion","Stack","PowerPotion","PotionOfCapacity"],"campfire_rested":4,"item_purchase_floors":[14,21,53,53,53,53,53],"current_hp_per_floor":[50,50,50,47,41,22,44,33,33,33,29,17,39,39,39,19,75,73,73,73,73,73,34,34,13,13,35,13,13,36,27,27,27,77,79,58,58,58,54,43,43,45,45,29,44,44,59,56,56,2,87,87,87,56,55],"gold":89,"neow_bonus":"ONE_RARE_RELIC","is_daily":false,"chose_seed":false,"campfire_upgraded":6,"win_rate":0.0,"timestamp":1607730247,"path_taken":["M","M","?","?","M","E","R","E","T","R","M","E","R","$","R","BOSS","M","?","M","$","?","E","R","E","T","R","E","?","R","M","R","BOSS","M","M","?","M","M","E","R","M","T","E","$","?","$","E","R","BOSS","R","$","E","BOSS"],"items_purchased_type":["Relic","Relic","Card","Potion","Card","Potion","Potion"],"build_version":"2020-11-30","purchased_purges":2,"victory":true,"max_hp_per_floor":[75,75,75,75,75,75,75,75,75,75,75,75,75,75,75,75,75,75,75,75,75,75,75,75,75,75,75,77,77,77,77,77,77,77,79,81,81,83,85,85,85,87,87,89,89,85,85,87,87,87,87,87,87,87,87],"relic_stats":{"Regal Pillow":0,"Singing Bowl":16,"counters":[27,150],"Ornamental Fan":[164],"Shuriken":[35],"Bronze Scales":[570],"MealTicket":30,"Bag of Preparation":[38],"Cursed Key":1,"obtain_stats":[{"Regal Pillow":44,"Calipers":0,"Singing Bowl":25,"Velvet Choker":34,"The Courier":48,"Bag of Preparation":12,"Bottled Tornado":40,"Cursed Key":17,"ClockworkSouvenir":21,"Anchor":8,"Ornamental Fan":14,"Shuriken":23,"Bronze Scales":9,"MealTicket":28,"WingedGreaves":6,"Cracked Core":0,"FossilizedHelix":54},{"Regal Pillow":23,"Calipers":0,"Singing Bowl":13,"Velvet Choker":16,"The Courier":24,"Bag of Preparation":8,"Bottled Tornado":21,"Cursed Key":9,"ClockworkSouvenir":11,"Anchor":6,"Ornamental Fan":8,"Shuriken":12,"Bronze Scales":6,"MealTicket":14,"WingedGreaves":5,"Cracked Core":0,"FossilizedHelix":26},{"Regal Pillow":112,"Calipers":0,"Singing Bowl":51,"Velvet Choker":73,"The Courier":120,"Bag of Preparation":29,"Bottled Tornado":97,"Cursed Key":36,"ClockworkSouvenir":42,"Anchor":21,"Ornamental Fan":29,"Shuriken":46,"Bronze Scales":21,"MealTicket":56,"WingedGreaves":16,"Cracked Core":0,"FossilizedHelix":140}]},"card_choices":[{"not_picked":["Consume","Beam Cell"],"picked":"Rebound","floor":1.0},{"not_picked":["Go for the Eyes","Conserve Battery"],"picked":"Streamline","floor":2.0},{"not_picked":["Redo","Static Discharge"],"picked":"Sweeping Beam","floor":4.0},{"not_picked":["Leap","Redo"],"picked":"Cold Snap","floor":5.0},{"not_picked":["Sweeping Beam","Melter","Auto Shields"],"picked":"SKIP","floor":6.0},{"not_picked":["Reprogram","Stack","Barrage"],"picked":"SKIP","floor":8.0},{"not_picked":["Beam Cell","Force Field","Streamline"],"picked":"SKIP","floor":11.0},{"not_picked":["Stack","Consume","White Noise"],"picked":"SKIP","floor":12.0},{"not_picked":["Thunder Strike","Buffer"],"picked":"Fission","floor":16.0},{"not_picked":["Barrage+1","Double Energy"],"picked":"Defragment+1","floor":18.0},{"not_picked":["Cold Snap","Stack+1"],"picked":"Hologram+1","floor":20.0},{"not_picked":["Ball Lightning","Rebound"],"picked":"Defragment+1","floor":23.0},{"not_picked":["Turbo","Stack"],"picked":"Ball Lightning","floor":25.0},{"not_picked":["Fusion","Skim","Turbo"],"picked":"Singing Bowl","floor":28.0},{"not_picked":["Rebound","Conserve Battery"],"picked":"Glacier","floor":31.0},{"not_picked":["Creative AI","Reboot"],"picked":"Echo Form","floor":33.0},{"not_picked":["Redo+1","Beam Cell","FTL+1"],"picked":"Singing Bowl","floor":35.0},{"not_picked":["Sunder+1","Beam Cell+1","Melter+1"],"picked":"Singing Bowl","floor":36.0},{"not_picked":["Discovery","Chrysalis"],"picked":"Secret Weapon","floor":37.0},{"not_picked":["Double Energy","Compile Driver+1","Steam+1"],"picked":"Singing Bowl","floor":38.0},{"not_picked":["Beam Cell+1","Chill","Fusion+1"],"picked":"Singing Bowl","floor":39.0},{"not_picked":["Rebound+1","Turbo+1"],"picked":"Loop","floor":40.0},{"not_picked":["Steam","Gash","Darkness"],"picked":"Singing Bowl","floor":42.0},{"not_picked":["Loop","Leap+1","Blizzard"],"picked":"Singing Bowl","floor":44.0},{"not_picked":["Aggregate","All For One","Steam"],"picked":"Singing Bowl","floor":48.0},{"not_picked":["Gash+1","Auto Shields"],"picked":"Glacier+1","floor":54.0}],"player_experience":128860,"relics_obtained":[{"floor":6.0,"key":"WingedGreaves"},{"floor":8.0,"key":"Anchor"},{"floor":9.0,"key":"Bronze Scales"},{"floor":12.0,"key":"Bag of Preparation"},{"floor":23.0,"key":"Shuriken"},{"floor":25.0,"key":"Singing Bowl"},{"floor":28.0,"key":"MealTicket"},{"floor":40.0,"key":"Bottled Tornado"},{"floor":44.0,"key":"Regal Pillow"},{"floor":48.0,"key":"The Courier"},{"floor":54.0,"key":"FossilizedHelix"}],"event_choices":[{"damage_healed":0.0,"max_hp_gain":0.0,"max_hp_loss":0.0,"gold_gain":0.0,"event_name":"The Woman in Blue","player_choice":"Bought 2 Potions","floor":3.0,"gold_loss":0.0,"damage_taken":0.0},{"damage_healed":0.0,"max_hp_gain":0.0,"max_hp_loss":0.0,"gold_gain":0.0,"event_name":"The Library","player_choice":"Read","floor":19.0,"gold_loss":0.0,"damage_taken":0.0,"cards_obtained":["Doom and Gloom"]},{"damage_healed":0.0,"max_hp_gain":0.0,"max_hp_loss":0.0,"gold_gain":0.0,"event_name":"Ghosts","player_choice":"Ignored","floor":22.0,"gold_loss":0.0,"damage_taken":0.0},{"damage_healed":0.0,"max_hp_gain":0.0,"max_hp_loss":0.0,"gold_gain":0.0,"event_name":"Designer","player_choice":"Upgraded Two","floor":29.0,"gold_loss":40.0,"damage_taken":0.0,"cards_upgraded":["Strike_B","Defend_B"]},{"damage_healed":0.0,"max_hp_gain":0.0,"max_hp_loss":0.0,"gold_gain":0.0,"event_name":"SensoryStone","player_choice":"Memory 1","floor":37.0,"gold_loss":0.0,"damage_taken":0.0},{"damage_healed":0.0,"max_hp_gain":0.0,"max_hp_loss":4.0,"gold_gain":0.0,"event_name":"Winding Halls","player_choice":"Max HP","floor":46.0,"gold_loss":0.0,"damage_taken":0.0}],"is_beta":false,"boss_relics":[{"not_picked":["Pandora\u0027s Box","Runic Dome"],"picked":"Cursed Key"},{"not_picked":["SlaversCollar","SacredBark"],"picked":"Velvet Choker"}],"items_purged_floors":[45,53],"is_endless":false,"potions_floor_spawned":[1,6,12,18,28,35,38,42,44],"ascension_level":2}}