{"host":"m98e3ia7l93qbhre","time":1607696814,"event":{"mods":["BaseMod","Minty Spire (QoL Compilation)","RumiaBox-露米娅的神秘盒子"],"gold_per_floor":[219,236,256,58,77,103,103,133,157,168,203,215,228,228,228,305,355,371,296,296,276,295,329,329,360,372,245,257,294,306,320,332,344,344],"floor_reached":33,"playtime":2923,"items_purged":["Strike_R"],"score":691,"play_id":"e13f09e5-4f87-46ef-8725-989e4a9da72e","local_time":"20201211222654","is_ascension_mode":true,"campfire_choices":[{"floor":7.0,"key":"REST"},{"floor":15.0,"key":"REST"},{"floor":28.0,"key":"REST"},{"floor":30.0,"key":"REST"},{"floor":32.0,"key":"REST"}],"circlet_count":0,"master_deck":["AscendersBane","Defend_R+1","Defend_R","Defend_R+1","Defend_R+1","Bash","Inflame","Cleave+1","Thunderclap","Armaments+1","Immolate","Berserk","Whirlwind","Battle Trance","Shrug It Off","Offering+1","Writhe","Bite","Bite","Bite","Bite","Bite","Sword Boomerang","Heavy Blade"],"relics":["Burning Blood","Baka","Brimstone","Whetstone","Strawberry","PreservedInsect","Bag of Preparation","Tiny House","War Paint","Sundial","MawBank","The Courier","Boot","Matryoshka"],"acts_visited":["Exordium","TheCity"],"potions_floor_usage":[],"damage_taken":[{"damage":8.0,"enemies":"Small Slimes","floor":1.0,"turns":4.0},{"damage":8.0,"enemies":"2 Louse","floor":2.0,"turns":4.0},{"damage":6.0,"enemies":"Cultist","floor":3.0,"turns":3.0},{"damage":24.0,"enemies":"Blue Slaver","floor":5.0,"turns":3.0},{"damage":18.0,"enemies":"Gremlin Nob","floor":6.0,"turns":3.0},{"damage":26.0,"enemies":"3 Sentries","floor":8.0,"turns":4.0},{"damage":2.0,"enemies":"Exordium Thugs","floor":10.0,"turns":3.0},{"damage":0.0,"enemies":"Gremlin Nob","floor":11.0,"turns":2.0},{"damage":0.0,"enemies":"Red Slaver","floor":12.0,"turns":1.0},{"damage":23.0,"enemies":"2 Fungi Beasts","floor":13.0,"turns":6.0},{"damage":21.0,"enemies":"The Guardian","floor":16.0,"turns":5.0},{"damage":14.0,"enemies":"2 Thieves","floor":18.0,"turns":2.0},{"damage":6.0,"enemies":"Spheric Guardian","floor":22.0,"turns":2.0},{"damage":45.0,"enemies":"Book of Stabbing","floor":23.0,"turns":4.0},{"damage":12.0,"enemies":"Gremlin Leader","floor":25.0,"turns":4.0},{"damage":11.0,"enemies":"Snecko","floor":27.0,"turns":4.0},{"damage":36.0,"enemies":"Book of Stabbing","floor":29.0,"turns":4.0},{"damage":27.0,"enemies":"Slavers","floor":31.0,"turns":3.0},{"damage":81,"enemies":"Automaton","floor":33,"turns":4}],"seed_played":"-4994693199093758995","potions_obtained":[{"floor":1.0,"key":"EssenceOfSteel"},{"floor":3.0,"key":"AttackPotion"},{"floor":6.0,"key":"SteroidPotion"},{"floor":10.0,"key":"GamblersBrew"},{"floor":16.0,"key":"ColorlessPotion"},{"floor":21.0,"key":"Energy Potion"},{"floor":23.0,"key":"Regen Potion"},{"floor":25.0,"key":"SkillPotion"},{"floor":27.0,"key":"Block Potion"},{"floor":29.0,"key":"SteroidPotion"}],"is_trial":false,"path_per_floor":["M","M","M","$","M","E","R","E","T","M","E","M","M","?","R","B",null,"M","$","?","?","M","E","?","E","T","M","R","E","R","E","R","B"],"character_chosen":"IRONCLAD","items_purchased":["Brimstone","Armaments"],"campfire_rested":5,"item_purchase_floors":[4,4],"current_hp_per_floor":[66,64,64,64,46,34,56,43,43,51,57,63,48,23,47,32,75,52,52,52,52,52,13,13,30,30,38,58,34,54,41,61,0,0],"gold":344,"neow_bonus":"HUNDRED_GOLD","is_daily":false,"chose_seed":false,"campfire_upgraded":0,"win_rate":0.0,"timestamp":1607696814,"path_taken":["M","M","M","$","M","E","R","E","T","M","E","M","M","?","R","BOSS","M","$","?","?","?","E","?","E","T","M","R","E","R","E","R","BOSS"],"items_purchased_type":["Relic","Card"],"build_version":"2020-11-30","purchased_purges":1,"victory":false,"max_hp_per_floor":[75,75,75,75,75,75,75,82,82,82,82,82,82,82,82,82,87,96,96,96,96,96,96,67,67,67,67,67,67,67,67,67,67,67],"card_choices":[{"not_picked":["Rage","Perfected Strike"],"picked":"Inflame","floor":1.0},{"not_picked":["Intimidate","Pommel Strike"],"picked":"Cleave","floor":2.0},{"not_picked":["Twin Strike","Warcry"],"picked":"Thunderclap","floor":3.0},{"not_picked":["True Grit","Havoc","Wild Strike"],"picked":"SKIP","floor":5.0},{"not_picked":["Searing Blow","Rupture","Sentinel"],"picked":"SKIP","floor":6.0},{"not_picked":["Burning Pact","Feel No Pain","Uppercut"],"picked":"SKIP","floor":8.0},{"not_picked":["Flex","Dual Wield","Inflame"],"picked":"SKIP","floor":10.0},{"not_picked":["Havoc","Dual Wield"],"picked":"Berserk","floor":11.0},{"not_picked":["Intimidate","Anger"],"picked":"Whirlwind","floor":12.0},{"not_picked":["True Grit","Havoc"],"picked":"Battle Trance","floor":12.0},{"not_picked":["Armaments","Flex","Sever Soul"],"picked":"SKIP","floor":12.0},{"not_picked":["Perfected Strike","Havoc","Armaments"],"picked":"SKIP","floor":12.0},{"not_picked":["Body Slam","Iron Wave"],"picked":"Shrug It Off","floor":13.0},{"not_picked":["Double Tap","Immolate"],"picked":"Offering","floor":16.0},{"not_picked":["Infernal Blade","Feel No Pain","Disarm"],"picked":"SKIP","floor":18.0},{"not_picked":["Iron Wave","Reckless Charge+1","Warcry"],"picked":"SKIP","floor":22.0},{"not_picked":["Headbutt","Thunderclap","Havoc"],"picked":"SKIP","floor":23.0},{"not_picked":["Perfected Strike","Pommel Strike"],"picked":"Sword Boomerang","floor":25.0},{"not_picked":["Wild Strike","Demon Form","Evolve"],"picked":"SKIP","floor":27.0},{"not_picked":["Sentinel","Iron Wave","Warcry"],"picked":"SKIP","floor":29.0},{"not_picked":["Perfected Strike","Disarm"],"picked":"Heavy Blade","floor":31.0}],"player_experience":358605,"relics_obtained":[{"floor":1.0,"key":"Baka"},{"floor":6.0,"key":"Whetstone"},{"floor":8.0,"key":"Strawberry"},{"floor":9.0,"key":"PreservedInsect"},{"floor":11.0,"key":"Bag of Preparation"},{"floor":23.0,"key":"Sundial"},{"floor":25.0,"key":"MawBank"},{"floor":26.0,"key":"The Courier"},{"floor":29.0,"key":"Boot"},{"floor":31.0,"key":"Matryoshka"}],"event_choices":[{"damage_healed":0.0,"max_hp_gain":0.0,"max_hp_loss":0.0,"gold_gain":0.0,"event_name":"Shining Light","player_choice":"Entered Light","floor":14.0,"gold_loss":0.0,"damage_taken":25.0,"cards_upgraded":["Defend_R","Defend_R"]},{"damage_healed":0.0,"max_hp_gain":0.0,"max_hp_loss":0.0,"gold_gain":0.0,"event_name":"The Mausoleum","player_choice":"Opened","floor":20.0,"gold_loss":0.0,"damage_taken":0.0,"relics_obtained":["War Paint"],"cards_obtained":["Writhe"]},{"damage_healed":0.0,"max_hp_gain":0.0,"max_hp_loss":0.0,"gold_gain":0.0,"event_name":"The Woman in Blue","player_choice":"Bought 1 Potion","floor":21.0,"gold_loss":0.0,"damage_taken":0.0},{"damage_healed":0.0,"max_hp_gain":0.0,"max_hp_loss":29.0,"gold_gain":0.0,"event_name":"Vampires","player_choice":"Became a vampire","floor":24.0,"gold_loss":0.0,"damage_taken":0.0,"cards_obtained":["Bite","Bite","Bite","Bite","Bite"]}],"is_beta":false,"boss_relics":[{"not_picked":["Sozu","Snecko Eye"],"picked":"Tiny House"}],"items_purged_floors":[19],"is_endless":false,"potions_floor_spawned":[1,3,6,10,16,23,25,27,29],"killed_by":"Automaton","ascension_level":16}}