{"host":"q3i87yx2dgqr54co","time":1607720305,"event":{"mods":["BaseMod","Block Reminder","Colored Map","Colored Powertips","DeckTracker","Highlight Path","Minty Spire (QoL Compilation)","Permanent Neow","Quick Restart","Relic Sorter","Relic Stats"],"gold_per_floor":[369,386,404,419,494,522,522,553,628,628,642,675,695,710,710,811,811,822,841,869,370,370,397,397,428,428,428,446,102,115,127,127,230,230,243,261,261,275,324,324,338,371,417,428,446,35,54,72,72,72,72,72,20,51,51,51],"floor_reached":55,"playtime":5985,"items_purged":["Defend_R","Defend_R"],"score":765,"play_id":"415051aa-300a-4e2b-bf33-e2a3a30b310f","local_time":"20201211155825","is_ascension_mode":false,"campfire_choices":[{"floor":7.0,"key":"RECALL"},{"floor":10.0,"key":"REST"},{"data":"Rage","floor":15.0,"key":"SMITH"},{"floor":24.0,"key":"REST"},{"floor":27.0,"key":"REST"},{"data":"Seeing Red","floor":32.0,"key":"SMITH"},{"floor":40.0,"key":"REST"},{"floor":49.0,"key":"REST"},{"data":"Berserk","floor":52,"key":"SMITH"}],"circlet_count":0,"master_deck":["Strike_R","Strike_R","Strike_R","Strike_R","Strike_R","Defend_R","Defend_R","Bash","Shrug It Off","Clash","Thunderclap","Rage+1","Reaper","Battle Trance","Clash+1","Pommel Strike+1","Cleave+1","Berserk+1","Dropkick+1","Flex","Demon Form","Heavy Blade+1","Flame Barrier","Juggernaut","Seeing Red+1","Body Slam+1","Metallicize","Body Slam+1","Iron Wave+1","Flex+1","Double Tap","Pommel Strike+1","Enlightenment","Rage","Reaper+1","Pummel+1","Writhe","Anger+1","Pommel Strike+1","Dual Wield","Armaments","Seeing Red+1","Spot Weakness+1"],"relics":["Black Blood","Molten Egg 2","Cursed Key","Bronze Scales","Du-Vu Doll","Omamori","Red Mask","Toy Ornithopter","Centennial Puzzle","Nunchaku","Bag of Preparation","Happy Flower","Champion Belt","Dream Catcher","MealTicket","Kunai","Medical Kit","Mercury Hourglass"],"acts_visited":["Exordium","TheCity","TheBeyond","TheEnding"],"potions_floor_usage":[50,50,55,55,55],"damage_taken":[{"damage":5.0,"enemies":"Jaw Worm","floor":1.0,"turns":5.0},{"damage":1.0,"enemies":"Cultist","floor":2.0,"turns":3.0},{"damage":0.0,"enemies":"Small Slimes","floor":3.0,"turns":4.0},{"damage":0.0,"enemies":"Exordium Wildlife","floor":4.0,"turns":3.0},{"damage":18.0,"enemies":"Lagavulin","floor":6.0,"turns":6.0},{"damage":20.0,"enemies":"Gremlin Nob","floor":8.0,"turns":4.0},{"damage":7.0,"enemies":"2 Fungi Beasts","floor":11.0,"turns":3.0},{"damage":35.0,"enemies":"Lagavulin","floor":12.0,"turns":9.0},{"damage":2.0,"enemies":"Looter","floor":13.0,"turns":2.0},{"damage":0.0,"enemies":"Exordium Wildlife","floor":14.0,"turns":2.0},{"damage":62.0,"enemies":"Hexaghost","floor":16.0,"turns":9.0},{"damage":5.0,"enemies":"3 Byrds","floor":18.0,"turns":3.0},{"damage":5.0,"enemies":"Spheric Guardian","floor":19.0,"turns":4.0},{"damage":34.0,"enemies":"Masked Bandits","floor":20.0,"turns":3.0},{"damage":50.0,"enemies":"Slavers","floor":23.0,"turns":6.0},{"damage":47.0,"enemies":"Book of Stabbing","floor":25.0,"turns":4.0},{"damage":3.0,"enemies":"Snake Plant","floor":28.0,"turns":3.0},{"damage":0.0,"enemies":"Centurion and Healer","floor":30.0,"turns":2.0},{"damage":14.0,"enemies":"Shelled Parasite and Fungi","floor":31.0,"turns":2.0},{"damage":69.0,"enemies":"Automaton","floor":33.0,"turns":7.0},{"damage":0.0,"enemies":"Orb Walker","floor":35.0,"turns":3.0},{"damage":27.0,"enemies":"3 Darklings","floor":36.0,"turns":4.0},{"damage":48.0,"enemies":"Writhing Mass","floor":38.0,"turns":3.0},{"damage":21.0,"enemies":"2 Orb Walkers","floor":39.0,"turns":4.0},{"damage":18.0,"enemies":"Spire Growth","floor":41.0,"turns":3.0},{"damage":43.0,"enemies":"Reptomancer","floor":42.0,"turns":7.0},{"damage":16.0,"enemies":"3 Darklings","floor":44.0,"turns":4.0},{"damage":3.0,"enemies":"Sphere and 2 Shapes","floor":45.0,"turns":2.0},{"damage":46.0,"enemies":"4 Shapes","floor":47.0,"turns":7.0},{"damage":21.0,"enemies":"Jaw Worm Horde","floor":48.0,"turns":4.0},{"damage":54,"enemies":"Time Eater","floor":50,"turns":6},{"damage":60,"enemies":"Shield and Spear","floor":54,"turns":6},{"damage":49,"enemies":"The Heart","floor":55,"turns":3}],"seed_played":"-6378775281090208180","potions_obtained":[{"floor":2.0,"key":"DistilledChaos"},{"floor":3.0,"key":"CultistPotion"},{"floor":8.0,"key":"Swift Potion"},{"floor":13.0,"key":"Block Potion"},{"floor":14.0,"key":"Fire Potion"},{"floor":18.0,"key":"Swift Potion"},{"floor":23.0,"key":"SneckoOil"},{"floor":25.0,"key":"SteroidPotion"},{"floor":28.0,"key":"Swift Potion"},{"floor":31.0,"key":"FearPotion"},{"floor":41.0,"key":"SteroidPotion"},{"floor":42.0,"key":"Explosive Potion"},{"floor":44.0,"key":"BlessingOfTheForge"},{"floor":47.0,"key":"Fire Potion"},{"floor":48.0,"key":"PowerPotion"},{"floor":54,"key":"PowerPotion"}],"is_trial":false,"path_per_floor":["M","M","M","M","?","E","R","E","T","R","M","E","M","M","R","B",null,"M","M","?","$","?","E","R","E","T","R","M","$","M","M","R","B",null,"M","M","?","M","?","R","M","E","T","M","M","$","M","M","R","B",null,"R","$","E","B"],"character_chosen":"IRONCLAD","items_purchased":["Toy Ornithopter","Centennial Puzzle","Heavy Blade+1","Flame Barrier","Metallicize","Happy Flower","Body Slam+1","Kunai","Medical Kit","Energy Potion"],"campfire_rested":5,"item_purchase_floors":[21,21,21,21,29,29,29,46,46,53],"current_hp_per_floor":[57,62,68,74,66,54,54,40,40,64,67,42,50,64,64,14,80,80,80,52,52,52,32,56,26,26,50,53,53,59,63,63,15,80,80,65,65,32,39,63,57,49,49,80,80,80,71,71,80,53,80,80,80,32,0,0],"gold":51,"neow_bonus":"TWO_FIFTY_GOLD","is_daily":false,"chose_seed":false,"campfire_upgraded":3,"win_rate":0.0,"timestamp":1607720305,"path_taken":["M","M","M","M","?","E","R","E","T","R","M","E","M","?","R","BOSS","M","M","?","$","?","E","R","E","T","R","M","?","M","M","R","BOSS","M","M","?","M","?","R","M","E","T","M","M","$","M","M","R","BOSS","R","$","E","BOSS"],"items_purchased_type":["Relic","Relic","Card","Card","Card","Relic","Card","Relic","Relic","Potion"],"build_version":"2020-11-30","purchased_purges":2,"victory":false,"max_hp_per_floor":[80,80,80,80,80,80,80,80,80,80,80,80,80,80,80,80,80,80,80,80,80,80,80,80,80,80,80,80,80,80,80,80,80,80,80,80,80,80,80,80,80,80,80,80,80,80,80,80,80,80,80,80,80,80,80,80],"relic_stats":{"Happy Flower":[22],"counters":[33,140],"Black Blood":240,"Bag of Preparation":[34],"Cursed Key":2,"Medical Kit":[3],"Mercury Hourglass":[9],"Centennial Puzzle":[51],"Nunchaku":[22],"Dream Catcher":1,"Bronze Scales":[392],"MealTicket":0,"Champion Belt":[14],"Kunai":[15],"obtain_stats":[{"Happy Flower":29,"Black Blood":34,"Omamori":12,"Bag of Preparation":25,"Cursed Key":17,"Medical Kit":46,"Burning Blood":0,"Mercury Hourglass":54,"Du-Vu Doll":8,"Centennial Puzzle":21,"Nunchaku":23,"Dream Catcher":42,"Bronze Scales":6,"Molten Egg 2":9,"MealTicket":43,"Red Mask":20,"Champion Belt":39,"Kunai":46,"Toy Ornithopter":21},{"Happy Flower":17,"Black Blood":20,"Omamori":8,"Bag of Preparation":16,"Cursed Key":11,"Medical Kit":28,"Burning Blood":0,"Mercury Hourglass":32,"Du-Vu Doll":6,"Centennial Puzzle":14,"Nunchaku":15,"Dream Catcher":26,"Bronze Scales":5,"Molten Egg 2":6,"MealTicket":26,"Red Mask":14,"Champion Belt":24,"Kunai":28,"Toy Ornithopter":14},{"Happy Flower":73,"Black Blood":84,"Omamori":37,"Bag of Preparation":70,"Cursed Key":50,"Medical Kit":114,"Burning Blood":0,"Mercury Hourglass":137,"Du-Vu Doll":25,"Centennial Puzzle":60,"Nunchaku":66,"Dream Catcher":108,"Bronze Scales":21,"Molten Egg 2":25,"MealTicket":108,"Red Mask":60,"Champion Belt":98,"Kunai":114,"Toy Ornithopter":60}],"Toy Ornithopter":45},"card_choices":[{"not_picked":["Twin Strike","Wild Strike"],"picked":"Shrug It Off","floor":1.0},{"not_picked":["Bloodletting","Cleave"],"picked":"Clash","floor":2.0},{"not_picked":["True Grit","Uppercut"],"picked":"Thunderclap","floor":3.0},{"not_picked":["Uppercut","Feel No Pain","Carnage"],"picked":"SKIP","floor":4.0},{"not_picked":["Headbutt","Armaments"],"picked":"Rage","floor":6.0},{"not_picked":["Warcry","Hemokinesis"],"picked":"Reaper","floor":8.0},{"not_picked":["Cleave+1","True Grit"],"picked":"Battle Trance","floor":11.0},{"not_picked":["Heavy Blade+1","Feel No Pain"],"picked":"Clash+1","floor":12.0},{"not_picked":["Twin Strike+1","Brutality"],"picked":"Pommel Strike+1","floor":13.0},{"not_picked":["Armaments","Clash+1"],"picked":"Cleave+1","floor":14.0},{"not_picked":["Double Tap","Offering"],"picked":"Berserk","floor":16.0},{"not_picked":["True Grit","Iron Wave+1"],"picked":"Dropkick+1","floor":18.0},{"not_picked":["Clothesline+1","Headbutt+1"],"picked":"Flex","floor":19.0},{"not_picked":["Perfected Strike+1","Heavy Blade+1"],"picked":"Demon Form","floor":20.0},{"not_picked":["Battle Trance+1","Headbutt+1"],"picked":"Juggernaut","floor":23.0},{"not_picked":["Dark Embrace","Pommel Strike+1"],"picked":"Seeing Red","floor":25.0},{"not_picked":["Battle Trance","Dropkick+1"],"picked":"Body Slam+1","floor":28.0},{"not_picked":["Heavy Blade+1","Body Slam+1"],"picked":"Iron Wave+1","floor":30.0},{"not_picked":["Dropkick+1","Clash+1"],"picked":"Flex+1","floor":31.0},{"not_picked":["Reaper+1","Juggernaut"],"picked":"Double Tap","floor":33.0},{"not_picked":["Burning Pact","Feel No Pain"],"picked":"Pommel Strike+1","floor":35.0},{"not_picked":["Searing Blow+1","Clothesline+1","Reckless Charge+1"],"picked":"SKIP","floor":36.0},{"not_picked":["Forethought","Dark Shackles"],"picked":"Enlightenment","floor":37.0},{"not_picked":["Evolve+1","Feel No Pain","Armaments+1"],"picked":"SKIP","floor":38.0},{"not_picked":["Flame Barrier+1","Intimidate+1"],"picked":"Rage","floor":39.0},{"not_picked":["Iron Wave+1","Clothesline+1"],"picked":"Reaper+1","floor":41.0},{"not_picked":["Ghostly Armor","Headbutt+1"],"picked":"Pummel+1","floor":42.0},{"not_picked":["Ghostly Armor","Warcry"],"picked":"Anger+1","floor":44.0},{"not_picked":["Fire Breathing","Pummel+1"],"picked":"Pommel Strike+1","floor":45.0},{"not_picked":["Heavy Blade+1","Anger+1"],"picked":"Dual Wield","floor":47.0},{"not_picked":["Sword Boomerang+1","Heavy Blade+1"],"picked":"Armaments","floor":48.0},{"not_picked":["Heavy Blade+1","Juggernaut"],"picked":"Seeing Red+1","floor":49.0},{"not_picked":["Thunderclap+1","Wild Strike+1"],"picked":"Spot Weakness+1","floor":54}],"player_experience":91916,"relics_obtained":[{"floor":6.0,"key":"Bronze Scales"},{"floor":8.0,"key":"Du-Vu Doll"},{"floor":9.0,"key":"Molten Egg 2"},{"floor":12.0,"key":"Omamori"},{"floor":20.0,"key":"Red Mask"},{"floor":23.0,"key":"Nunchaku"},{"floor":25.0,"key":"Bag of Preparation"},{"floor":39.0,"key":"Champion Belt"},{"floor":42.0,"key":"Dream Catcher"},{"floor":43.0,"key":"MealTicket"},{"floor":54,"key":"Mercury Hourglass"}],"event_choices":[{"damage_healed":0.0,"max_hp_gain":0.0,"max_hp_loss":0.0,"gold_gain":75.0,"event_name":"FaceTrader","player_choice":"Touch","floor":5.0,"gold_loss":0.0,"damage_taken":8.0},{"damage_healed":0.0,"max_hp_gain":0.0,"max_hp_loss":0.0,"gold_gain":0.0,"event_name":"Masked Bandits","player_choice":"Fought Bandits","floor":20.0,"gold_loss":0.0,"damage_taken":0.0},{"damage_healed":0.0,"max_hp_gain":0.0,"max_hp_loss":0.0,"gold_gain":0.0,"event_name":"Ghosts","player_choice":"Ignored","floor":22.0,"gold_loss":0.0,"damage_taken":0.0},{"damage_healed":0.0,"max_hp_gain":0.0,"max_hp_loss":0.0,"gold_gain":0.0,"event_name":"SensoryStone","player_choice":"Memory 1","floor":37.0,"gold_loss":0.0,"damage_taken":0.0},{"damage_healed":0.0,"max_hp_gain":0.0,"max_hp_loss":0.0,"gold_gain":0.0,"event_name":"Mysterious Sphere","player_choice":"Fight","floor":39.0,"gold_loss":0.0,"damage_taken":0.0}],"is_beta":false,"boss_relics":[{"not_picked":["Sozu","Astrolabe"],"picked":"Cursed Key"},{"not_picked":["Runic Pyramid","SacredBark"],"picked":"Black Blood"}],"items_purged_floors":[21,29],"is_endless":false,"potions_floor_spawned":[2,3,8,13,14,18,23,25,28,31,41,42,44,47,48,54],"killed_by":"The Heart","ascension_level":0}}