{"host":"3y2rtlgteqp2nuo3","time":1607684468,"event":{"mods":["2.2 Compatiblity","AchievementEnabler","BaseMod","Colored Map","DeckTracker","Highlight Path","Keyboard Shortcuts","Minty Spire (QoL Compilation)","Permanent Neow","Quick Restart","StSLib","SuperFastMode","everything is the same but u backflip on backflip"],"gold_per_floor":[115,127,141,156,57,57,88,88,114,127,143,168,184,217,217,316,316,334,354,554,28,43,78,78,93,144,158,168,168,16,16,16,16,16],"floor_reached":33,"playtime":866,"items_purged":["Strike_B","Defend_B"],"score":466,"play_id":"56b69be2-31c3-4b60-ae0a-e264f9b4d2ba","local_time":"20201211200108","is_ascension_mode":true,"campfire_choices":[{"data":"Doom and Gloom","floor":6.0,"key":"SMITH"},{"data":"Zap","floor":8.0,"key":"SMITH"},{"data":"Steam Power","floor":15.0,"key":"SMITH"},{"floor":24.0,"key":"REST"},{"floor":29.0,"key":"REST"},{"data":"Amplify","floor":32.0,"key":"SMITH"}],"circlet_count":0,"master_deck":["AscendersBane","Defend_B","Defend_B","Zap+1","Dualcast","Amplify+1","Self Repair","Ball Lightning","Doom and Gloom+1","Tempest","Rebound","Steam Power+1","Lockon","Glacier","Turbo","Chill","Electrodynamics","Redo+1","Steam+1","Tempest+1","BootSequence","Thunder Strike","Hologram","Leap","Ball Lightning+1","White Noise"],"relics":["Cracked Core","Smiling Mask","Bag of Marbles","Bag of Preparation","Unceasing Top","Astrolabe","PreservedInsect","OrangePellets","Girya","Bronze Scales","ClockworkSouvenir"],"acts_visited":["Exordium","TheCity"],"potions_floor_usage":[33],"damage_taken":[{"damage":4.0,"enemies":"Jaw Worm","floor":1.0,"turns":4.0},{"damage":6.0,"enemies":"Cultist","floor":2.0,"turns":3.0},{"damage":3.0,"enemies":"2 Louse","floor":3.0,"turns":3.0},{"damage":7.0,"enemies":"Looter","floor":4.0,"turns":3.0},{"damage":10.0,"enemies":"Gremlin Nob","floor":7.0,"turns":3.0},{"damage":0.0,"enemies":"Lots of Slimes","floor":10.0,"turns":1.0},{"damage":13.0,"enemies":"Large Slime","floor":11.0,"turns":3.0},{"damage":20.0,"enemies":"Lagavulin","floor":12.0,"turns":3.0},{"damage":2.0,"enemies":"Exordium Wildlife","floor":13.0,"turns":3.0},{"damage":6.0,"enemies":"Gremlin Nob","floor":14.0,"turns":3.0},{"damage":12.0,"enemies":"Slime Boss","floor":16.0,"turns":7.0},{"damage":22.0,"enemies":"2 Thieves","floor":18.0,"turns":2.0},{"damage":6.0,"enemies":"Spheric Guardian","floor":19.0,"turns":3.0},{"damage":0.0,"enemies":"Centurion and Healer","floor":22.0,"turns":2.0},{"damage":27.0,"enemies":"Book of Stabbing","floor":23.0,"turns":5.0},{"damage":29.0,"enemies":"Shelled Parasite and Fungi","floor":25.0,"turns":4.0},{"damage":0.0,"enemies":"Snake Plant","floor":27.0,"turns":2.0},{"damage":17.0,"enemies":"Snecko","floor":28.0,"turns":3.0},{"damage":39,"enemies":"Automaton","floor":33,"turns":6}],"seed_played":"7265234283384997448","potions_obtained":[{"floor":1.0,"key":"ColorlessPotion"},{"floor":3.0,"key":"Block Potion"},{"floor":7.0,"key":"Swift Potion"},{"floor":14.0,"key":"SteroidPotion"},{"floor":18.0,"key":"Swift Potion"},{"floor":27.0,"key":"SkillPotion"},{"floor":28.0,"key":"SkillPotion"}],"is_trial":false,"path_per_floor":["M","M","M","M","$","R","E","R","T","M","M","E","M","E","R","B",null,"M","M","?","$","M","E","R","M","T","M","M","R","$","?","R","B"],"character_chosen":"DEFECT","items_purchased":["Rebound","PreservedInsect","OrangePellets","Thunder Strike","Hologram","ClockworkSouvenir"],"campfire_rested":2,"item_purchase_floors":[5,21,21,21,21,30],"current_hp_per_floor":[64,65,69,69,69,69,66,66,66,66,60,40,45,53,53,48,68,46,40,40,40,40,27,49,34,34,34,17,39,39,39,39,0,0],"gold":16,"neow_bonus":"TRANSFORM_CARD","is_daily":false,"chose_seed":false,"campfire_upgraded":4,"win_rate":0.0,"timestamp":1607684468,"path_taken":["M","M","M","M","$","R","E","R","T","M","M","E","M","E","R","BOSS","M","M","?","$","M","E","R","M","T","?","M","R","?","?","R","BOSS"],"items_purchased_type":["Card","Relic","Relic","Card","Card","Relic"],"build_version":"2020-11-30","purchased_purges":2,"victory":false,"max_hp_per_floor":[75,75,75,75,75,75,75,75,75,75,75,75,75,75,75,75,75,75,75,75,75,75,75,75,75,75,75,75,75,75,75,75,75,75],"card_choices":[{"not_picked":["Melter","Capacitor"],"picked":"Self Repair","floor":1.0},{"not_picked":["Darkness","Gash"],"picked":"Ball Lightning","floor":2.0},{"not_picked":["Compile Driver","Streamline"],"picked":"Doom and Gloom","floor":3.0},{"not_picked":["Genetic Algorithm","Steam"],"picked":"Tempest","floor":4.0},{"not_picked":["Leap","Stack"],"picked":"Steam Power","floor":7.0},{"not_picked":["Hologram","Steam"],"picked":"Lockon","floor":10.0},{"not_picked":["Conserve Battery","Streamline"],"picked":"Glacier","floor":11.0},{"not_picked":["Doom and Gloom","Storm"],"picked":"Turbo","floor":12.0},{"not_picked":["Glacier","Turbo"],"picked":"Chill","floor":13.0},{"not_picked":["Sweeping Beam","Redo","Chaos"],"picked":"SKIP","floor":14.0},{"not_picked":["Biased Cognition","Creative AI"],"picked":"Electrodynamics","floor":16.0},{"not_picked":["Hologram+1","Leap+1"],"picked":"BootSequence","floor":18.0},{"not_picked":["Rebound","Fusion","Tempest"],"picked":"SKIP","floor":19.0},{"not_picked":["Streamline","Electrodynamics"],"picked":"Leap","floor":22.0},{"not_picked":["Stack","Barrage"],"picked":"Ball Lightning+1","floor":23.0},{"not_picked":["Rip and Tear","Darkness","Chaos"],"picked":"SKIP","floor":25.0},{"not_picked":["Stack","Cold Snap","Barrage+1"],"picked":"SKIP","floor":27.0},{"not_picked":["Reprogram","Beam Cell","Redo"],"picked":"SKIP","floor":28.0}],"player_experience":854421,"relics_obtained":[{"floor":7.0,"key":"Smiling Mask"},{"floor":9.0,"key":"Bag of Marbles"},{"floor":12.0,"key":"Bag of Preparation"},{"floor":14.0,"key":"Unceasing Top"},{"floor":23.0,"key":"Girya"},{"floor":26.0,"key":"Bronze Scales"}],"event_choices":[{"damage_healed":0.0,"max_hp_gain":0.0,"max_hp_loss":0.0,"gold_gain":250.0,"event_name":"The Joust","player_choice":"Bet on Owner","floor":20.0,"gold_loss":50.0,"damage_taken":0.0},{"damage_healed":0.0,"max_hp_gain":0.0,"max_hp_loss":0.0,"gold_gain":0.0,"event_name":"The Library","player_choice":"Read","floor":31.0,"gold_loss":0.0,"damage_taken":0.0,"cards_obtained":["White Noise"]}],"is_beta":false,"boss_relics":[{"not_picked":["Runic Pyramid","Snecko Eye"],"picked":"Astrolabe"}],"items_purged_floors":[5,21],"is_endless":false,"potions_floor_spawned":[1,3,7,10,14,18,22,27,28],"killed_by":"Automaton","ascension_level":12}}