{"host":"turdyikuxcak11ni","time":1607691816,"event":{"mods":["AchievementEnabler","BaseMod","Colored Map","Minty Spire (QoL Compilation)","SuperFastMode"],"gold_per_floor":[114,125,35,52,64,64,91,110,110,110,110,126,138,138,138],"floor_reached":14,"playtime":499,"items_purged":[],"score":99,"play_id":"e7ae42ee-4159-4276-9bd6-932e06868391","local_time":"20201211050336","is_ascension_mode":true,"campfire_choices":[{"data":"Bandage Up","floor":6,"key":"SMITH"},{"floor":10,"key":"REST"}],"circlet_count":0,"master_deck":["Strike_P","Strike_P","Strike_P","Strike_P","Defend_P","Defend_P","Defend_P","Defend_P","Eruption","Vigilance","CutThroughFate","FollowUp","Bandage Up+1","EmptyBody","FollowUp","DevaForm","DeceiveReality","DeusExMachina"],"relics":["PureWater","NeowsBlessing","Bag of Marbles","Gremlin Horn"],"acts_visited":["Exordium"],"potions_floor_usage":[5,8],"damage_taken":[{"damage":0,"enemies":"Cultist","floor":1,"turns":1},{"damage":0,"enemies":"Jaw Worm","floor":2,"turns":1},{"damage":0,"enemies":"2 Louse","floor":4,"turns":1},{"damage":18,"enemies":"Large Slime","floor":5,"turns":5},{"damage":24,"enemies":"Lagavulin","floor":7,"turns":6},{"damage":10,"enemies":"Looter","floor":8,"turns":4},{"damage":0,"enemies":"3 Louse","floor":12,"turns":2},{"damage":3,"enemies":"2 Fungi Beasts","floor":13,"turns":5},{"damage":81,"enemies":"Gremlin Nob","floor":14,"turns":4}],"seed_played":"-7617485529810246127","potions_obtained":[{"floor":1,"key":"DuplicationPotion"},{"floor":7,"key":"DistilledChaos"},{"floor":8,"key":"SkillPotion"},{"floor":11,"key":"Dexterity Potion"},{"floor":11,"key":"EssenceOfSteel"}],"is_trial":false,"path_per_floor":["M","M","$","M","M","R","E","M","T","R","?","M","M","E"],"character_chosen":"WATCHER","items_purchased":["Bandage Up"],"campfire_rested":1,"item_purchase_floors":[3],"current_hp_per_floor":[72,72,72,72,58,58,40,36,36,57,57,63,66,0,0],"gold":138,"neow_bonus":"THREE_ENEMY_KILL","is_daily":false,"chose_seed":false,"campfire_upgraded":1,"win_rate":0.0,"timestamp":1607691816,"path_taken":["M","M","$","?","M","R","E","M","T","R","?","M","M","E"],"items_purchased_type":["Card"],"build_version":"2020-11-30","purchased_purges":0,"victory":false,"max_hp_per_floor":[72,72,72,72,72,72,72,72,72,72,72,72,72,72,72],"card_choices":[{"not_picked":["ForeignInfluence","Collect"],"picked":"CutThroughFate","floor":1},{"not_picked":["ReachHeaven","EmptyMind"],"picked":"FollowUp","floor":2},{"not_picked":["EmptyFist","InnerPeace"],"picked":"EmptyBody","floor":4},{"not_picked":["Halt","SandsOfTime"],"picked":"FollowUp","floor":5},{"not_picked":["MentalFortress","CrushJoints"],"picked":"DevaForm","floor":7},{"not_picked":["CutThroughFate","EmptyFist","CrushJoints"],"picked":"SKIP","floor":8},{"not_picked":["Worship","FlyingSleeves"],"picked":"DeceiveReality","floor":12},{"not_picked":["LikeWater","Consecrate"],"picked":"DeusExMachina","floor":13}],"player_experience":198494,"relics_obtained":[{"floor":7,"key":"Bag of Marbles"},{"floor":9,"key":"Gremlin Horn"}],"event_choices":[{"damage_healed":0,"gold_gain":0,"player_choice":"Got Potions","damage_taken":0,"max_hp_gain":0,"max_hp_loss":0,"event_name":"Lab","floor":11,"gold_loss":0}],"is_beta":false,"boss_relics":[],"items_purged_floors":[],"is_endless":false,"potions_floor_spawned":[1,7,8,13],"killed_by":"Gremlin Nob","ascension_level":1}}