{"host":"dbo0lztt1pyfwysk","time":1607683675,"event":{"mods":["Act Like it!","BaseMod","Conspire","Downfall","Gensokyo","GifTheSpireLib","Hubris","Infinite Spire","KinomotoSakuraMod(????)","Koishi","Luminous","Marisa????????","Minty Spire (QoL Compilation)","Prisma Mod","Remilia??????","Replay The Spire","Shade Mod","Shop Mod","StSLib","The Gatherer"],"gold_per_floor":[115,130,130,55,55,86,101,1,73,73,73,83,83,115,115,210,210,224,241,277,293,293,328,328,355,379,16,115,115,115,125,125,125,125],"floor_reached":33,"playtime":1356,"items_purged":["Strike_G","Strike_G","Strike_G","Strike_G"],"score":515,"play_id":"8d3da0f3-108d-4fb2-a6c0-803ef3e351c8","local_time":"20201211114755","is_ascension_mode":true,"campfire_choices":[{"data":"Poisoned Stab","floor":13,"key":"SMITH"},{"data":"Leg Sweep","floor":15,"key":"SMITH"},{"data":"Bullet Time","floor":24,"key":"SMITH"},{"floor":29,"key":"REST"},{"floor":32,"key":"REST"}],"circlet_count":0,"master_deck":["AscendersBane","Strike_G","Defend_G","Defend_G","Defend_G","Defend_G","Defend_G","Survivor","Neutralize","Poisoned Stab","Leg Sweep+1","Poisoned Stab","Fluid Movement","Poisoned Stab+1","Poisoned Stab","Bullet Time+1","Bane+1","conspire:PoisonWeapons+1","Poisoned Stab+1"],"relics":["Ring of the Serpent","NeowsBlessing","infinitespire:WardingShard","Blood Vial","Bottled Lightning","Frozen Egg 2","Guardian:PocketSentry","Vajra","hubris:MedicalManual","Pet Ghost","Bag of Marbles","Art of War","Gremlin Horn","hubris:Towel"],"acts_visited":["Exordium","TheCity"],"potions_floor_usage":[14,16,23,23,33],"damage_taken":[{"damage":0,"enemies":"Jaw Worm","floor":1,"turns":1},{"damage":0,"enemies":"Cultist","floor":2,"turns":1},{"damage":0,"enemies":"3 Sentries","floor":6,"turns":1},{"damage":0,"enemies":"2 Louse","floor":7,"turns":4},{"damage":0,"enemies":"Blue Slaver","floor":12,"turns":5},{"damage":22,"enemies":"Lagavulin","floor":14,"turns":6},{"damage":18,"enemies":"Hexaghost","floor":16,"turns":9},{"damage":3,"enemies":"Shell Parasite","floor":18,"turns":5},{"damage":0,"enemies":"Chosen","floor":19,"turns":4},{"damage":24,"enemies":"conspire:MimicChest","floor":20,"turns":8},{"damage":3,"enemies":"Snake Plant","floor":21,"turns":4},{"damage":18,"enemies":"Book of Stabbing","floor":23,"turns":5},{"damage":23,"enemies":"Slavers","floor":25,"turns":6},{"damage":16,"enemies":"Shelled Parasite and Fungi","floor":31,"turns":5},{"damage":63,"enemies":"Automaton","floor":33,"turns":12}],"seed_played":"-2365247175679507813","potions_obtained":[{"floor":2,"key":"SteroidPotion"},{"floor":7,"key":"AttackPotion"},{"floor":14,"key":"Dexterity Potion"},{"floor":18,"key":"Strength Potion"},{"floor":20,"key":"BlessingOfTheForge"},{"floor":25,"key":"Fire Potion"}],"is_trial":false,"path_per_floor":["M","M","?","$","?","E","M","$","T","T","?","M","R","E","R","B",null,"M","M","?","M","AVR","E","R","E","T","$","?","R","?","M","R","B"],"character_chosen":"THE_SILENT","items_purchased":["Gremlin Horn"],"campfire_rested":2,"item_purchase_floors":[27],"current_hp_per_floor":[63,63,63,63,63,63,65,65,65,65,65,67,67,47,47,31,60,59,61,39,38,38,22,22,1,1,1,1,22,22,8,29,0,0],"gold":125,"neow_bonus":"THREE_ENEMY_KILL","is_daily":false,"chose_seed":false,"campfire_upgraded":3,"win_rate":0.0,"timestamp":1607683675,"path_taken":["M","M","?","$","?","E","?","$","T","?","?","M","R","E","R","BOSS","M","?","?","M","AVR","E","R","E","T","$","?","R","?","M","R","BOSS"],"items_purchased_type":["Relic"],"build_version":"2020-11-30","purchased_purges":4,"victory":false,"max_hp_per_floor":[70,70,70,70,70,70,70,70,70,70,70,70,70,70,70,70,70,70,70,70,70,70,70,70,70,70,70,70,70,70,70,70,70,70],"card_choices":[{"not_picked":["Heel Hook","ReplayTheSpireMod:Speed Training"],"picked":"Poisoned Stab","floor":1},{"not_picked":["Dagger Throw","Deadly Poison"],"picked":"Leg Sweep","floor":2},{"not_picked":["Grand Finale","Accuracy"],"picked":"Poisoned Stab","floor":6},{"not_picked":["Blur","Outmaneuver"],"picked":"Fluid Movement","floor":7},{"not_picked":["PiercingWail","Dash"],"picked":"Poisoned Stab","floor":12},{"not_picked":["Underhanded Strike","Prepared"],"picked":"Poisoned Stab","floor":14},{"not_picked":["Burst","Night Terror"],"picked":"Bullet Time","floor":16},{"not_picked":["Sucker Punch","Toxin Wave","Hidden Blade"],"picked":"SKIP","floor":18},{"not_picked":["Footwork+1","Calculated Gamble"],"picked":"Bane+1","floor":19},{"not_picked":["Acrobatics+1","Sucker Punch"],"picked":"conspire:PoisonWeapons+1","floor":20},{"not_picked":["Crippling Poison","Deadly Poison+1"],"picked":"Poisoned Stab+1","floor":21},{"not_picked":["Dagger Throw","Acrobatics","Predator"],"picked":"SKIP","floor":23},{"not_picked":["Riddle With Holes","Deadly Poison","Slice"],"picked":"SKIP","floor":25},{"not_picked":["Sucker Punch+1","Slice","Storm of Steel"],"picked":"SKIP","floor":31}],"player_experience":596200,"relics_obtained":[{"floor":6,"key":"Blood Vial"},{"floor":9,"key":"Bottled Lightning"},{"floor":10,"key":"Frozen Egg 2"},{"floor":14,"key":"Guardian:PocketSentry"},{"floor":20,"key":"Vajra"},{"floor":23,"key":"Pet Ghost"},{"floor":25,"key":"Bag of Marbles"},{"floor":26,"key":"Art of War"}],"event_choices":[{"cards_removed":["PrismaMod:MiyuOrbIncreasePerm"],"damage_healed":0,"gold_gain":0,"player_choice":"Forget","damage_taken":0,"max_hp_gain":0,"max_hp_loss":0,"event_name":"Living Wall","floor":3,"gold_loss":0},{"damage_healed":0,"gold_gain":0,"player_choice":"Gave Potion","damage_taken":0,"relics_obtained":["infinitespire:WardingShard"],"max_hp_gain":0,"max_hp_loss":0,"event_name":"WeMeetAgain","floor":5,"gold_loss":0},{"damage_healed":0,"gold_gain":0,"player_choice":"0 cards matched","damage_taken":0,"max_hp_gain":0,"max_hp_loss":0,"event_name":"Match and Keep!","floor":11,"gold_loss":0,"cards_obtained":[]},{"damage_healed":0,"gold_gain":99,"player_choice":"Stole From Cult","damage_taken":0,"max_hp_gain":0,"max_hp_loss":0,"event_name":"Nest","floor":28,"gold_loss":0}],"is_beta":false,"boss_relics":[{"not_picked":["Velvet Choker","hubris:BlackHole"],"picked":"Ring of the Serpent"}],"items_purged_floors":[4,8,22,27],"is_endless":false,"potions_floor_spawned":[2,7,14,18,20,25],"killed_by":"Automaton","ascension_level":11}}