{"host":"by8i6f8xc0ywpsd5","time":1607695479,"event":{"mods":["BaseMod","Colored Map","Minty Spire (QoL Compilation)","Relic Stats"],"gold_per_floor":[114,189,189,208,221,253,253,271,344,344,372,392,405,405,405,478,478,494,419,26,40,40,40,74,74,97,123,123,223,241,268,268,345,345,359,376,376,376,396,396,78,78,78,78,107,32,32,45,45,45,45,45,45,78,78],"floor_reached":56,"playtime":3540,"items_purged":["Strike_R"],"score":2297,"play_id":"7f9f473e-9d08-4e21-b6fa-dce8086c3335","local_time":"20201211160439","is_ascension_mode":true,"campfire_choices":[{"data":"Iron Wave","floor":7.0,"key":"SMITH"},{"data":"Body Slam","floor":10.0,"key":"SMITH"},{"data":"Burning Pact","floor":15.0,"key":"SMITH"},{"data":"Flame Barrier","floor":23,"key":"SMITH"},{"floor":25,"key":"REST"},{"data":"Bash","floor":28,"key":"SMITH"},{"data":"Barricade","floor":32,"key":"SMITH"},{"data":"Offering","floor":40,"key":"SMITH"},{"data":"Offering","floor":42,"key":"SMITH"},{"data":"Master of Strategy","floor":44,"key":"SMITH"},{"data":"Disarm","floor":47,"key":"SMITH"},{"floor":49,"key":"RECALL"},{"data":"Entrench","floor":52,"key":"SMITH"}],"circlet_count":0,"master_deck":["AscendersBane","Strike_R+1","Defend_R","Defend_R","Defend_R","Defend_R","Bash+1","Body Slam+1","Feed","Iron Wave+1","Shrug It Off","Burning Pact+1","Hemokinesis","Sentinel","Blood for Blood+1","Flame Barrier+1","Master of Strategy+1","Headbutt","Barricade+1","Offering+1","Offering+1","Armaments+1","Disarm+1","Shockwave","Entrench+1","Flame Barrier+1"],"relics":["Burning Blood","Gambling Chip","Lizard Tail","Oddly Smooth Stone","Black Star","Bag of Marbles","Question Card","PreservedInsect","Lantern","Omamori","Whetstone","Mango","Gremlin Horn","Pear","Smiling Mask","Philosopher\u0027s Stone","InkBottle","HornCleat","Molten Egg 2","Bag of Preparation","Centennial Puzzle","Ornamental Fan"],"acts_visited":["Exordium","TheCity","TheBeyond","TheEnding"],"potions_floor_usage":[16,16,24,27,33,55,55],"damage_taken":[{"damage":4.0,"enemies":"Jaw Worm","floor":1.0,"turns":5.0},{"damage":2.0,"enemies":"2 Louse","floor":4.0,"turns":4.0},{"damage":10.0,"enemies":"Small Slimes","floor":5.0,"turns":6.0},{"damage":27.0,"enemies":"Gremlin Nob","floor":6.0,"turns":5.0},{"damage":1.0,"enemies":"3 Louse","floor":8.0,"turns":4.0},{"damage":19.0,"enemies":"3 Sentries","floor":11.0,"turns":9.0},{"damage":6.0,"enemies":"Exordium Wildlife","floor":12.0,"turns":4.0},{"damage":10.0,"enemies":"Large Slime","floor":13.0,"turns":6.0},{"damage":23,"enemies":"The Guardian","floor":16,"turns":17},{"damage":9,"enemies":"Chosen","floor":18,"turns":6},{"damage":8,"enemies":"Spheric Guardian","floor":21,"turns":5},{"damage":32,"enemies":"Book of Stabbing","floor":24,"turns":5},{"damage":10,"enemies":"Slavers","floor":27,"turns":4},{"damage":7,"enemies":"Colosseum Slavers","floor":29,"turns":3},{"damage":9,"enemies":"Colosseum Nobs","floor":29,"turns":4},{"damage":9,"enemies":"Centurion and Healer","floor":30,"turns":5},{"damage":4,"enemies":"Gremlin Leader","floor":31,"turns":6},{"damage":58,"enemies":"Collector","floor":33,"turns":18},{"damage":6,"enemies":"3 Shapes","floor":35,"turns":4},{"damage":9,"enemies":"Orb Walker","floor":36,"turns":4},{"damage":15,"enemies":"3 Darklings","floor":39,"turns":5},{"damage":14,"enemies":"Nemesis","floor":45,"turns":7},{"damage":12,"enemies":"Jaw Worm Horde","floor":48,"turns":2},{"damage":12,"enemies":"Donu and Deca","floor":50,"turns":5},{"damage":14,"enemies":"Shield and Spear","floor":54,"turns":4},{"damage":13,"enemies":"The Heart","floor":55,"turns":7}],"seed_played":"2348456570690386462","potions_obtained":[{"floor":6.0,"key":"Dexterity Potion"},{"floor":11.0,"key":"Energy Potion"},{"floor":12.0,"key":"Strength Potion"},{"floor":13.0,"key":"Regen Potion"},{"floor":16,"key":"Swift Potion"},{"floor":21,"key":"Ancient Potion"},{"floor":24,"key":"ElixirPotion"},{"floor":30,"key":"Weak Potion"},{"floor":33,"key":"CultistPotion"},{"floor":48,"key":"DistilledChaos"}],"is_trial":false,"path_per_floor":["M","?","?","M","M","E","R","M","T","R","E","M","M","?","R","B",null,"M","?","$","M","?","R","E","R","T","E","R","?","M","E","R","B",null,"M","M","?","?","M","R","$","R","T","R","E","?","R","M","R","B",null,"R","$","E","B",null],"character_chosen":"IRONCLAD","items_purchased":["Bag of Marbles","Flame Barrier","Master of Strategy","InkBottle"],"campfire_rested":1,"item_purchase_floors":[20,20,20,41],"current_hp_per_floor":[52,41,41,48,47,26,26,34,34,34,24,27,26,26,26,24,76,76,76,76,77,47,47,24,56,56,55,55,71,71,86,86,34,118,121,122,122,153,144,144,144,144,144,144,140,140,140,138,138,132,154,154,154,150,143],"gold":78,"neow_bonus":"ONE_RARE_RELIC","is_daily":false,"chose_seed":false,"campfire_upgraded":11,"win_rate":0.0,"timestamp":1607695479,"path_taken":["M","?","?","M","M","E","R","M","T","R","E","M","M","?","R","BOSS","M","?","$","M","?","R","E","R","T","E","R","?","M","E","R","BOSS","M","M","?","?","M","R","$","R","T","R","E","?","R","M","R","BOSS","R","$","E","BOSS"],"items_purchased_type":["Relic","Card","Card","Relic"],"build_version":"2020-11-30","purchased_purges":1,"victory":true,"max_hp_per_floor":[75,75,75,78,81,81,81,84,84,84,87,90,93,93,93,93,93,96,96,96,99,104,104,107,107,107,110,110,130,133,146,146,146,146,149,153,153,153,153,153,153,153,153,153,157,157,157,161,161,161,161,161,161,165,165],"relic_stats":{"Gremlin Horn":[25,25],"counters":[26,154],"PreservedInsect":265,"Bag of Preparation":[8],"Whetstone":["Strike_R","Strike_R"],"Question Card":11,"Smiling Mask":25,"Burning Blood":156,"Lizard Tail":0,"Centennial Puzzle":[2],"Ornamental Fan":[0],"Gambling Chip":[73],"Black Star":5,"obtain_stats":[{"Lantern":26,"Pear":31,"Gremlin Horn":29,"Oddly Smooth Stone":11,"Mango":29,"PreservedInsect":24,"Omamori":27,"Bag of Preparation":45,"Whetstone":27,"Question Card":24,"Smiling Mask":31,"Burning Blood":0,"Lizard Tail":6,"Centennial Puzzle":54,"HornCleat":43,"Ornamental Fan":54,"Gambling Chip":0,"Philosopher\u0027s Stone":34,"Molten Egg 2":45,"Black Star":17,"Bag of Marbles":20,"InkBottle":41},{"Lantern":12,"Pear":17,"Gremlin Horn":15,"Oddly Smooth Stone":6,"Mango":15,"PreservedInsect":12,"Omamori":13,"Bag of Preparation":22,"Whetstone":13,"Question Card":12,"Smiling Mask":17,"Burning Blood":0,"Lizard Tail":4,"Centennial Puzzle":25,"HornCleat":21,"Ornamental Fan":25,"Gambling Chip":0,"Philosopher\u0027s Stone":18,"Molten Egg 2":22,"Black Star":9,"Bag of Marbles":10,"InkBottle":21},{"Lantern":76,"Pear":98,"Gremlin Horn":87,"Oddly Smooth Stone":33,"Mango":87,"PreservedInsect":76,"Omamori":80,"Bag of Preparation":136,"Whetstone":80,"Question Card":76,"Smiling Mask":98,"Burning Blood":0,"Lizard Tail":20,"Centennial Puzzle":147,"HornCleat":129,"Ornamental Fan":147,"Gambling Chip":0,"Philosopher\u0027s Stone":116,"Molten Egg 2":136,"Black Star":60,"Bag of Marbles":66,"InkBottle":129}],"InkBottle":[12]},"card_choices":[{"not_picked":["Thunderclap","Searing Blow"],"picked":"Body Slam","floor":1.0},{"not_picked":["Infernal Blade","Wild Strike"],"picked":"Iron Wave","floor":4.0},{"not_picked":["Flex","Anger","Evolve"],"picked":"SKIP","floor":5.0},{"not_picked":["Dual Wield","Havoc"],"picked":"Shrug It Off","floor":6.0},{"not_picked":["Iron Wave","Sword Boomerang","Body Slam"],"picked":"SKIP","floor":8.0},{"not_picked":["Uppercut","Inflame"],"picked":"Burning Pact","floor":11.0},{"not_picked":["Metallicize","Wild Strike"],"picked":"Hemokinesis","floor":12.0},{"not_picked":["Body Slam","Flex"],"picked":"Sentinel","floor":13.0},{"not_picked":["Whirlwind","Second Wind"],"picked":"Blood for Blood+1","floor":18},{"not_picked":["Perfected Strike","Havoc","Clash+1"],"picked":"SKIP","floor":21},{"not_picked":["Cleave+1","Pommel Strike","Uppercut"],"picked":"SKIP","floor":24},{"not_picked":["Flex","Metallicize","Bludgeon","Clash"],"picked":"SKIP","floor":27},{"not_picked":["Flex","Metallicize","Bludgeon","Clash"],"picked":"SKIP","floor":27},{"not_picked":["Thunderclap","Armaments","Body Slam"],"picked":"Headbutt","floor":29},{"not_picked":["Twin Strike","Entrench","Feel No Pain"],"picked":"Barricade","floor":30},{"not_picked":["Twin Strike+1","Havoc","Blood for Blood"],"picked":"Offering","floor":31},{"not_picked":["Limit Break","Juggernaut","Brutality"],"picked":"Offering","floor":33},{"not_picked":["True Grit","Havoc","Searing Blow"],"picked":"Armaments+1","floor":35},{"not_picked":["Battle Trance","Searing Blow","Heavy Blade"],"picked":"Disarm","floor":36},{"not_picked":["Perfected Strike","Wild Strike","Metallicize","Flex+1"],"picked":"SKIP","floor":39},{"not_picked":["Uppercut+1","Immolate+1","Cleave+1"],"picked":"Shockwave","floor":45},{"not_picked":["Clothesline+1","Armaments","Flex"],"picked":"Entrench","floor":48},{"not_picked":["Combust","Dark Embrace","Heavy Blade+1"],"picked":"Flame Barrier+1","floor":54}],"player_experience":1623646,"relics_obtained":[{"floor":6.0,"key":"Lizard Tail"},{"floor":11.0,"key":"Oddly Smooth Stone"},{"floor":24,"key":"Question Card"},{"floor":24,"key":"PreservedInsect"},{"floor":26,"key":"Lantern"},{"floor":27,"key":"Omamori"},{"floor":27,"key":"Whetstone"},{"floor":29,"key":"Mango"},{"floor":29,"key":"Gremlin Horn"},{"floor":31,"key":"Pear"},{"floor":31,"key":"Smiling Mask"},{"floor":43,"key":"HornCleat"},{"floor":45,"key":"Molten Egg 2"},{"floor":45,"key":"Bag of Preparation"},{"floor":54,"key":"Centennial Puzzle"},{"floor":54,"key":"Ornamental Fan"}],"event_choices":[{"damage_healed":0.0,"max_hp_gain":0.0,"max_hp_loss":0.0,"gold_gain":75.0,"event_name":"World of Goop","player_choice":"Gather Gold","floor":2.0,"gold_loss":0.0,"damage_taken":11.0},{"damage_healed":0.0,"max_hp_gain":0.0,"max_hp_loss":0.0,"gold_gain":0.0,"cards_transformed":["Strike_R"],"event_name":"Living Wall","player_choice":"Change","floor":3.0,"gold_loss":0.0,"damage_taken":0.0,"cards_obtained":["Feed"]},{"damage_healed":0.0,"max_hp_gain":0.0,"max_hp_loss":0.0,"gold_gain":0.0,"event_name":"Liars Game","player_choice":"Ignored","floor":14.0,"gold_loss":0.0,"damage_taken":0.0},{"cards_removed":["Strike_R"],"damage_healed":0,"gold_gain":0,"player_choice":"Gave Gold","damage_taken":0,"max_hp_gain":0,"max_hp_loss":0,"event_name":"Beggar","floor":19,"gold_loss":75},{"damage_healed":0,"gold_gain":0,"player_choice":"Shed Blood","damage_taken":35,"max_hp_gain":5,"max_hp_loss":0,"event_name":"Forgotten Altar","floor":22,"gold_loss":0},{"damage_healed":0,"gold_gain":0,"player_choice":"Fight","damage_taken":0,"max_hp_gain":0,"max_hp_loss":0,"event_name":"Colosseum","floor":29,"gold_loss":0},{"damage_healed":0,"gold_gain":0,"player_choice":"Fought Nobs","damage_taken":0,"max_hp_gain":0,"max_hp_loss":0,"event_name":"Colosseum","floor":29,"gold_loss":0},{"damage_healed":0,"gold_gain":0,"player_choice":"Ignored","damage_taken":0,"max_hp_gain":0,"max_hp_loss":0,"event_name":"Tomb of Lord Red Mask","floor":37,"gold_loss":0},{"damage_healed":31,"gold_gain":0,"player_choice":"Writhe","damage_taken":0,"max_hp_gain":0,"max_hp_loss":0,"event_name":"Winding Halls","floor":38,"gold_loss":0,"cards_obtained":["Writhe"]},{"cards_removed":["Strike_R"],"damage_healed":0,"gold_gain":0,"player_choice":"Single Remove","damage_taken":0,"max_hp_gain":0,"max_hp_loss":0,"event_name":"Designer","floor":46,"gold_loss":75}],"is_beta":false,"boss_relics":[{"not_picked":["Ectoplasm","Pandora\u0027s Box"],"picked":"Black Star"},{"not_picked":["Snecko Eye","Velvet Choker"],"picked":"Philosopher\u0027s Stone"}],"items_purged_floors":[41],"is_endless":false,"potions_floor_spawned":[6,11,12,13,16,21,24,29,30,33,36,48],"ascension_level":17}}