{"host":"cvdbfwtypahr1w62","time":1607728563,"event":{"mods":["AchievementEnabler","Act Like it!","BaseMod","BetterRewards","Colored Map","Filter the Spire","Hallownest","Highlight Path","Jorbs\u0027s Wanderer Trilogy","Marisa????????","Minty Spire (QoL Compilation)","Rare Cards Sparkle","Relic Stats","Shop Mod","StSLib","The Bug Knight","The Cursed"],"gold_per_floor":[111,111,127,127,137,137,163,163,213,241,253,253,253,253,253,253,253],"floor_reached":16,"playtime":465,"items_purged":["Strike_R","Strike_R"],"score":248,"play_id":"c1c689db-4206-4523-bc18-fda510e82a41","local_time":"20201212001603","is_ascension_mode":true,"campfire_choices":[{"data":"Whirlwind","floor":6,"key":"SMITH"},{"data":"Metallicize","floor":8,"key":"SMITH"},{"data":"Seeing Red","floor":13,"key":"SMITH"},{"floor":15,"key":"REST"}],"circlet_count":0,"master_deck":["AscendersBane","Strike_R","Defend_R","Defend_R","Defend_R","Defend_R","Bash","Metallicize+1","Inflame","Whirlwind+1","Seeing Red+1","Juggernaut"],"relics":["Burning Blood","Hallownest:DreamNailRelic","Hallownest:TeacherSealRelic","Dream Catcher","Art of War","Dead Branch","Hallownest:SalubrasBlessingRelic"],"acts_visited":["Exordium"],"potions_floor_usage":[0,7,7],"damage_taken":[{"damage":7,"enemies":"Hallownest:2_Baldur","floor":1,"turns":4},{"damage":0,"enemies":"Hallownest:monsterHuskWarrior","floor":3,"turns":5},{"damage":4,"enemies":"Hallownest:2_MossCreeps","floor":5,"turns":5},{"damage":39,"enemies":"Hallownest:eliteCrystalGuardian","floor":7,"turns":8},{"damage":19,"enemies":"Hallownest:eliteMossKnight","floor":10,"turns":8},{"damage":7,"enemies":"Hallownest:2_Tiktiks_1_Baldur_1_Crawlid","floor":11,"turns":1},{"damage":10,"enemies":"Hallownest:monsterMarmu","floor":12,"turns":5},{"damage":60,"enemies":"Hallownest:BossHornet","floor":16,"turns":6}],"seed_played":"8699812225936117513","potions_obtained":[{"floor":1,"key":"BlessingOfTheForge"},{"floor":5,"key":"FearPotion"},{"floor":7,"key":"ElixirPotion"}],"is_trial":false,"path_per_floor":["M","?","M","?","M","R","E","R","T","E","M","?","R","?","R","B"],"character_chosen":"IRONCLAD","items_purchased":["Metallicize","Inflame","Fruit Juice"],"campfire_rested":1,"item_purchase_floors":[0,0,0],"current_hp_per_floor":[55,55,61,61,63,63,30,30,30,17,16,12,12,12,39,0,0],"gold":253,"neow_bonus":"","is_daily":false,"chose_seed":false,"campfire_upgraded":3,"win_rate":0.0,"timestamp":1607728563,"path_taken":["M","?","?","?","?","R","E","R","T","E","M","?","R","?","R","BOSS"],"items_purchased_type":["Card","Card","Potion"],"build_version":"2020-11-30","purchased_purges":2,"victory":false,"max_hp_per_floor":[85,85,85,85,85,85,85,85,85,85,85,85,85,85,87,87,87],"relic_stats":{"Dream Catcher":1,"counters":[54,250],"Dead Branch":[9],"Art of War":[3],"obtain_stats":[{"Lantern":26,"Hallownest:StagBellRelic1":7,"Regal Pillow":24,"Singing Bowl":9,"Gremlin Horn":0,"Black Blood":34,"Hallownest:DreamNailRelic":2,"Ancient Tea Set":43,"Smiling Mask":46,"Cursed Key":17,"Burning Blood":0,"ClockworkSouvenir":31,"Blood Vial":0,"Dream Catcher":24,"Matryoshka":26,"Strawberry":30,"Red Mask":19,"Chemical X":0,"HollowMod:PaleOreRelic":24,"Hallownest:TeacherSealRelic":2,"InkBottle":26,"Runic Pyramid":17,"Hallownest:SalubrasBlessingRelic":14,"Lee\u0027s Waffle":21,"Happy Flower":9,"Dead Branch":10,"Odd Mushroom":13,"Frozen Egg 2":43,"War Paint":26,"Bottled Flame":46,"Bird Faced Urn":7,"Turnip":14,"Black Star":17,"Art of War":9,"Membership Card":0,"FossilizedHelix":0},{"Lantern":10,"Hallownest:StagBellRelic1":35,"Regal Pillow":44,"Singing Bowl":3,"Gremlin Horn":32,"Black Blood":26,"Hallownest:DreamNailRelic":47,"Ancient Tea Set":29,"Smiling Mask":31,"Cursed Key":41,"Burning Blood":0,"ClockworkSouvenir":25,"Blood Vial":32,"Dream Catcher":23,"Matryoshka":23,"Strawberry":11,"Red Mask":8,"Chemical X":12,"HollowMod:PaleOreRelic":23,"Hallownest:TeacherSealRelic":33,"InkBottle":45,"Runic Pyramid":6,"Hallownest:SalubrasBlessingRelic":53,"Lee\u0027s Waffle":43,"Happy Flower":15,"Dead Branch":51,"Odd Mushroom":17,"Frozen Egg 2":29,"War Paint":45,"Bottled Flame":31,"Bird Faced Urn":15,"Turnip":40,"Black Star":19,"Art of War":50,"Membership Card":32,"FossilizedHelix":0},{"Lantern":44,"Hallownest:StagBellRelic1":154,"Regal Pillow":199,"Singing Bowl":9,"Gremlin Horn":140,"Black Blood":115,"Hallownest:DreamNailRelic":212,"Ancient Tea Set":125,"Smiling Mask":138,"Cursed Key":181,"Burning Blood":0,"ClockworkSouvenir":106,"Blood Vial":140,"Dream Catcher":100,"Matryoshka":100,"Strawberry":48,"Red Mask":36,"Chemical X":56,"HollowMod:PaleOreRelic":100,"Hallownest:TeacherSealRelic":146,"InkBottle":203,"Runic Pyramid":27,"Hallownest:SalubrasBlessingRelic":244,"Lee\u0027s Waffle":188,"Happy Flower":67,"Dead Branch":238,"Odd Mushroom":70,"Frozen Egg 2":125,"War Paint":203,"Bottled Flame":138,"Bird Faced Urn":67,"Turnip":177,"Black Star":82,"Art of War":230,"Membership Card":140,"FossilizedHelix":0}],"Burning Blood":326},"card_choices":[{"not_picked":["Warcry","Pommel Strike"],"picked":"Whirlwind","floor":1},{"not_picked":["True Grit","Thunderclap","Wild Strike"],"picked":"SKIP","floor":3},{"not_picked":["Power Through","Carnage","Pommel Strike"],"picked":"SKIP","floor":5},{"not_picked":["True Grit","Uppercut","Sentinel"],"picked":"SKIP","floor":7},{"not_picked":["Havoc","Clothesline","Clash"],"picked":"SKIP","floor":10},{"not_picked":["Rupture","Burning Pact"],"picked":"Seeing Red","floor":11},{"not_picked":["Sword Boomerang","Havoc"],"picked":"Juggernaut","floor":15}],"player_experience":758564,"relics_obtained":[{"floor":7,"key":"Dream Catcher"},{"floor":9,"key":"Art of War"},{"floor":10,"key":"Dead Branch"}],"event_choices":[],"is_beta":false,"boss_relics":[],"items_purged_floors":[0,0],"is_endless":false,"potions_floor_spawned":[1,5,7,12],"killed_by":"Hallownest:BossHornet","ascension_level":13}}