{"host":"0u21swshytqr30ym","time":1607720287,"event":{"mods":["Act Like it!","BaseMod","Better Third Choice","ChefMod","Colored Map","Hallownest","Hermit","Hubris","Jorbs\u0027s Wanderer Trilogy","Minty Spire (QoL Compilation)","StSLib","The Bug Knight","The Runesmith"],"gold_per_floor":[118,130,149,169,169,197,197,223,273,5,25,52,69,82,82,181,181,201,201,9,9,9,9,43,57,57,57,88,128,128,148,148,243,243,263,278,278,278,278],"floor_reached":38,"playtime":3939,"items_purged":["Regret"],"score":454,"play_id":"df4920e5-d6de-417c-a93a-c4e6b131bf6b","local_time":"20201211185807","is_ascension_mode":true,"campfire_choices":[{"data":"HollowMod:DoubleDash","floor":7,"key":"SMITH"},{"data":"HollowMod:SlysStrikes","floor":15,"key":"SMITH"},{"data":"HollowMod:BaldurShell","floor":23,"key":"SMITH"},{"data":"HollowMod:BrokenVessel","floor":30,"key":"SMITH"},{"data":"HollowMod:ChannelNail","floor":32,"key":"SMITH"}],"circlet_count":0,"master_deck":["HollowMod:NailStrikeStart","HollowMod:NailStrikeStart","HollowMod:NailStrikeStart","HollowMod:NailStrikeStart","HollowMod:QuickDashStart","HollowMod:QuickDashStart","HollowMod:QuickDashStart","HollowMod:FocusHealStart+1","HollowMod:PogoStrike","HollowMod:DoubleDash+1","HollowMod:BrokenVessel+1","HollowMod:SoulSplash","HollowMod:SharpenedNail","HollowMod:ChannelNail+1","Panache","HollowMod:InfectedAttack","HollowMod:Grubsong","HollowMod:SoulVessel","HollowMod:SlysStrikes+1","HollowMod:AwokenDreamNail","HollowMod:BaldurShell+1","Apotheosis+1","HollowMod:CoiledNail","HollowMod:GoodIntentions+1","HollowMod:DoubleDash+1","HollowMod:GreatSlash","HollowMod:ChannelNail+1","HollowMod:HowlingWraiths","HollowMod:ElderbugsWisdom","HollowMod:LifebloodCocoon+1","HollowMod:LifebloodCocoon+1"],"relics":["HollowMod:KingsSoulRelic","Juzu Bracelet","Mummified Hand","Lantern","Boot","Membership Card","Bag of Marbles","hubris:RunicObelisk","Toxic Egg 2","Question Card","HollowMod:StagPassRelic","Torii"],"acts_visited":["Hallownest:Greenpath","Hallownest:CityofTears","Hallownest:KingdomsEdge"],"potions_floor_usage":[6,8,16,29,38],"damage_taken":[{"damage":2,"enemies":"Hallownest:2_MossCreeps","floor":1,"turns":4},{"damage":5,"enemies":"Hallownest:monsterHuskGuard","floor":2,"turns":5},{"damage":0,"enemies":"Hallownest:2_Baldur","floor":3,"turns":2},{"damage":10,"enemies":"Hallownest:monsterFoolEater","floor":4,"turns":4},{"damage":5,"enemies":"Hallownest:eliteVengeflyKing","floor":6,"turns":7},{"damage":3,"enemies":"Hallownest:eliteCrystalGuardian","floor":8,"turns":5},{"damage":14,"enemies":"Hallownest:Guard_and_Warrior","floor":11,"turns":4},{"damage":10,"enemies":"Hallownest:eliteVengeflyKing","floor":12,"turns":5},{"damage":0,"enemies":"Hallownest:2_Tiktiks_1_Baldur_1_Crawlid","floor":13,"turns":2},{"damage":5,"enemies":"Hallownest:monsterAspidMother","floor":14,"turns":3},{"damage":45,"enemies":"Hallownest:BossBrokenVessel","floor":16,"turns":6},{"damage":9,"enemies":"Hallownest:Flukemon_and_Top","floor":18,"turns":4},{"damage":6,"enemies":"Hallownest:Flukemon_and_Top","floor":21,"turns":3},{"damage":1,"enemies":"Hallownest:Nosk","floor":24,"turns":5},{"damage":25,"enemies":"Hallownest:2_Mistakes","floor":25,"turns":4},{"damage":1,"enemies":"Hallownest:eliteWatcherKnight","floor":28,"turns":8},{"damage":10,"enemies":"Hallownest:Glutton_and_Coward","floor":29,"turns":4},{"damage":8,"enemies":"Hallownest:2_Husk_Sentries","floor":31,"turns":6},{"damage":21,"enemies":"Hallownest:BossGrimm","floor":33,"turns":8},{"damage":8,"enemies":"Hallownest:Shield_Heavy","floor":35,"turns":3},{"damage":7,"enemies":"Hallownest:2_Littles","floor":36,"turns":3},{"damage":92,"enemies":"Hallownest:2_Primals","floor":38,"turns":3}],"seed_played":"130986598850237510","potions_obtained":[{"floor":1,"key":"GamblersBrew"},{"floor":4,"key":"ColorlessPotion"},{"floor":12,"key":"FairyPotion"},{"floor":14,"key":"Fire Potion"},{"floor":24,"key":"BlessingOfTheForge"},{"floor":29,"key":"Strength Potion"}],"is_trial":false,"path_per_floor":["M","M","M","M","?","E","R","E","T","$","M","E","M","M","R","B",null,"M","?","$","?","?","R","E","M","T","?","E","M","R","M","R","B",null,"M","M","?","?"],"character_chosen":"THE_BUGKNIGHT","items_purchased":["Membership Card","Panache","HollowMod:InfectedAttack","Apotheosis+1","HollowMod:CoiledNail","HollowMod:GoodIntentions+1"],"campfire_rested":0,"item_purchase_floors":[10,10,10,20,20,20],"current_hp_per_floor":[73,72,72,62,62,57,57,54,54,54,46,42,42,43,43,8,75,72,72,72,66,66,66,71,54,54,75,74,64,64,66,66,51,75,67,60,60,0,0],"gold":278,"neow_bonus":"RANDOM_COMMON_RELIC","is_daily":false,"chose_seed":false,"campfire_upgraded":5,"win_rate":0.0,"timestamp":1607720287,"path_taken":["M","M","M","M","?","E","R","E","T","$","M","E","M","M","R","BOSS","M","?","$","?","?","R","E","M","T","?","E","M","R","M","R","BOSS","M","M","?","?"],"items_purchased_type":["Relic","Card","Card","Card","Card","Card"],"build_version":"2020-11-30","purchased_purges":1,"victory":false,"max_hp_per_floor":[75,75,75,75,75,75,75,75,75,75,75,75,75,75,75,75,75,75,75,75,75,75,75,75,75,75,75,75,75,75,75,75,75,75,75,75,75,75,75],"card_choices":[{"not_picked":["HollowMod:MonarchWings","HollowMod:NewLittleFool"],"picked":"HollowMod:DoubleDash","floor":1},{"not_picked":["HollowMod:TaintedHusks","HollowMod:ShadowDash"],"picked":"HollowMod:InfectedCysts","floor":2},{"not_picked":["HollowMod:VengefulVoid","HollowMod:NewLittleFool"],"picked":"HollowMod:BrokenVessel","floor":3},{"not_picked":["HollowMod:SiblingsSouls","HollowMod:RecoilStrike"],"picked":"HollowMod:SoulSplash","floor":4},{"not_picked":["HollowMod:NewLittleFool","HollowMod:HeavyBlow"],"picked":"HollowMod:SharpenedNail","floor":6},{"not_picked":["HollowMod:PureNailStrike","HollowMod:ZotesMagnificence"],"picked":"HollowMod:ChannelNail","floor":8},{"not_picked":["HollowMod:NewJinnsSoul","HollowMod:PerfectDash"],"picked":"HollowMod:Grubsong","floor":11},{"not_picked":["HollowMod:CrystalDash","HollowMod:BlackTendrils"],"picked":"HollowMod:SoulVessel","floor":12},{"not_picked":["HollowMod:LuriensSpire","HollowMod:SharpenedNail","HollowMod:HowlingWraiths"],"picked":"SKIP","floor":13},{"not_picked":["HollowMod:DungDefenderAura","HollowMod:SoulSplash"],"picked":"HollowMod:SlysStrikes","floor":14},{"not_picked":["HollowMod:MidwifesHunger","HollowMod:HornetsHelp"],"picked":"HollowMod:AwokenDreamNail","floor":16},{"not_picked":["HollowMod:MawleksShell","HollowMod:GoodIntentions"],"picked":"HollowMod:BaldurShell","floor":18},{"not_picked":["HollowMod:HerrahsAnger+1","HollowMod:ShapeofUnn+1"],"picked":"HollowMod:DoubleDash+1","floor":24},{"not_picked":["HollowMod:TaintedHusks+1","HollowMod:VengefulVoid","HollowMod:CoiledNail"],"picked":"HollowMod:GreatSlash","floor":25},{"not_picked":["HollowMod:HeavyBlow","HollowMod:SharpenedNail","HollowMod:WraithStrike","HollowMod:AbyssShriek"],"picked":"SKIP","floor":28},{"not_picked":["HollowMod:HeavyBlow","HollowMod:BlackTendrils+1","HollowMod:LifebloodCocoon+1"],"picked":"HollowMod:ChannelNail+1","floor":29},{"not_picked":["HollowMod:ShadowDash+1","HollowMod:FallenFury","HollowMod:SharpenedNail+1"],"picked":"HollowMod:HowlingWraiths","floor":31},{"not_picked":["HollowMod:LordofShades","HollowMod:ZotesMagnificence","HollowMod:MidwifesHunger"],"picked":"HollowMod:ElderbugsWisdom","floor":33},{"not_picked":["HollowMod:ShadowDash+1","HollowMod:SoulSplash+1","HollowMod:DoubleDash+1"],"picked":"HollowMod:LifebloodCocoon+1","floor":35},{"not_picked":["HollowMod:CycloneSlash","HollowMod:FastStrike+1","HollowMod:DescendingDark"],"picked":"HollowMod:LifebloodCocoon+1","floor":36}],"player_experience":329884,"relics_obtained":[{"floor":6,"key":"Mummified Hand"},{"floor":8,"key":"Lantern"},{"floor":9,"key":"Boot"},{"floor":12,"key":"Bag of Marbles"},{"floor":24,"key":"Question Card"},{"floor":26,"key":"HollowMod:StagPassRelic"},{"floor":28,"key":"Torii"}],"event_choices":[],"is_beta":false,"boss_relics":[{"not_picked":["Snecko Eye","Astrolabe"],"picked":"hubris:RunicObelisk"},{"not_picked":["Coffee Dripper","HollowMod:VoidIdolRelic"],"picked":"HollowMod:KingsSoulRelic"}],"items_purged_floors":[20],"is_endless":false,"potions_floor_spawned":[1,4,12,14,21,24,29],"killed_by":"Hallownest:2_Primals","ascension_level":1}}