{"host":"1qw5suc8h0lmr1yi","time":1607677877,"event":{"mods":["2.2 Compatiblity","Act Like it!","BaseMod","Better Note","BetterRewards","Block Reminder","Colored Map","Custom Start","DeckTracker","GifTheSpireLib","Highlight Path","Hubris","Infinite Spire","Melee Mod","Mimic Mod","Minty Spire (QoL Compilation)","Quick Restart","Rare Cards Sparkle","Replay The Spire","Robot Space Explorer","Say the Spire","Shop Mod","StSLib","SuperFastMode","Td1madao Mod","The Animator","The Cursed","The Disciple","The Edgeheg","The Factory","The Jungle"],"gold_per_floor":[117,117,136,136,136,136,161,161,214,214,3,29,29,46,46,46,46],"floor_reached":16,"playtime":606,"items_purged":[],"score":111,"play_id":"d1da099a-28ef-48fe-b186-3d9eaceb4f2b","local_time":"20201211011117","is_ascension_mode":true,"campfire_choices":[{"data":"Abandon","floor":6,"key":"SMITH"},{"data":"True Grit","floor":8,"key":"SMITH"},{"data":"ReplayTheSpireMod:Strike From Hell","floor":10,"key":"SMITH"},{"floor":15,"key":"REST"}],"circlet_count":0,"master_deck":["Strike_R","Strike_R","Strike_R","Strike_R","Strike_R","Defend_R","Defend_R","Defend_R","ReplayTheSpireMod:Strike From Hell+1","Headbutt","Abandon+1","True Grit+1","Bloodletting+1","Replay:Many Hands","infinitespire:OneForAll"],"relics":["Burning Blood","Question Card","Toy Ornithopter","hubris:OldNail","Counterbalance"],"acts_visited":["Exordium"],"potions_floor_usage":[16],"damage_taken":[{"damage":3,"enemies":"Small Slimes","floor":1,"turns":3},{"damage":8,"enemies":"Jaw Worm","floor":3,"turns":4},{"damage":34,"enemies":"Gremlin Nob","floor":7,"turns":4},{"damage":14,"enemies":"3 Sentries","floor":12,"turns":8},{"damage":14,"enemies":"2 Louse","floor":14,"turns":3},{"damage":78,"enemies":"The Guardian","floor":16,"turns":8}],"seed_played":"-8177953989438659085","potions_obtained":[{"floor":14,"key":"Explosive Potion"}],"is_trial":false,"path_per_floor":["M","?","M","?","?","R","E","R","T","R","$","E","$","M","R","B"],"character_chosen":"IRONCLAD","items_purchased":["Bloodletting+1","hubris:OldNail"],"campfire_rested":1,"item_purchase_floors":[11,11],"current_hp_per_floor":[88,88,86,86,86,86,58,58,58,58,58,50,50,42,68,0,0],"gold":46,"neow_bonus":"TEN_PERCENT_HP_BONUS","is_daily":false,"chose_seed":false,"campfire_upgraded":3,"win_rate":0.0,"timestamp":1607677877,"path_taken":["M","?","M","?","?","R","E","R","T","R","$","E","$","M","R","BOSS"],"items_purchased_type":["Undefined","Relic"],"build_version":"2020-11-30","purchased_purges":0,"victory":false,"max_hp_per_floor":[88,88,88,88,88,88,88,88,88,88,88,88,88,88,88,88,88],"card_choices":[{"not_picked":["Armaments","Evolve"],"picked":"ReplayTheSpireMod:Strike From Hell","floor":1},{"not_picked":["Warcry","Wild Strike"],"picked":"Headbutt","floor":3},{"not_picked":["Iron Wave","Clash"],"picked":"True Grit","floor":7},{"not_picked":["Clash","Replay:Undeath\u0027s Touch","Shrug It Off"],"picked":"Replay:Many Hands","floor":12},{"not_picked":["Body Slam","Clash","ReplayTheSpireMod:Corrosion Curse"],"picked":"infinitespire:OneForAll","floor":14}],"player_experience":114389,"relics_obtained":[{"floor":7,"key":"Question Card"},{"floor":9,"key":"Toy Ornithopter"},{"floor":12,"key":"Counterbalance"}],"event_choices":[{"damage_healed":0,"gold_gain":0,"cards_transformed":["Bash"],"player_choice":"Change","damage_taken":0,"max_hp_gain":0,"max_hp_loss":0,"event_name":"Living Wall","floor":4,"gold_loss":0,"cards_obtained":["Abandon"]}],"is_beta":false,"boss_relics":[],"items_purged_floors":[],"is_endless":false,"potions_floor_spawned":[14],"killed_by":"The Guardian","ascension_level":1}}