{"host":"utqe55yv0jihe4d6","time":1607653127,"event":{"mods":["2.2 Compatiblity","AchievementEnabler","BaseMod","Block Reminder","Colored Map","Colored Powertips","Minty Spire (QoL Compilation)","Quick Restart","Rare Cards Sparkle","Relic Stats","SuperFastMode"],"gold_per_floor":[115,171,171,185,204,204,237,248,274,300,1,31,31,49,49,124,124,138,158,158,83,83,83,110,110,110,110,135,135,135,90,90,166,166,177,177,177,188,198,198,225,1,82,82,101,101,111,143,143,143,143],"floor_reached":50,"playtime":2157,"items_purged":["Strike_G"],"score":1158,"play_id":"014e0a09-5151-41e5-8f2f-ed8dcf493295","local_time":"20201210211847","is_ascension_mode":true,"campfire_choices":[{"data":"Neutralize","floor":6.0,"key":"SMITH"},{"floor":13,"key":"REST"},{"data":"Deadly Poison","floor":15,"key":"SMITH"},{"data":"Phantasmal Killer","floor":23,"key":"SMITH"},{"floor":25,"key":"REST"},{"data":"Night Terror","floor":27,"key":"SMITH"},{"data":"Ghostly","floor":30,"key":"SMITH"},{"data":"Ghostly","floor":32,"key":"SMITH"},{"data":"Night Terror","floor":40,"key":"SMITH"},{"data":"Ghostly","floor":46,"key":"SMITH"},{"floor":49,"key":"RECALL"}],"circlet_count":0,"master_deck":["AscendersBane","Strike_G+1","Defend_G+1","Defend_G+1","Defend_G+1","Defend_G+1","Defend_G+1","Survivor+1","Neutralize+1","Night Terror+1","Masterful Stab","Infinite Blades","Blade Dance","Deadly Poison+1","Corpse Explosion","Tools of the Trade","Phantasmal Killer+1","Terror","PiercingWail","A Thousand Cuts","Ghostly+1","Ghostly+1","Ghostly+1","Footwork","Night Terror+1","Footwork","Parasite","Noxious Fumes+1","Backflip","Injury","Writhe","Bouncing Flask+1","Caltrops"],"relics":["Ring of the Snake","Blood Vial","War Paint","Bag of Preparation","Strawberry","Ninja Scroll","SlaversCollar","Blue Candle","Bottled Flame","Tiny Chest","Cursed Key","Centennial Puzzle","TwistedFunnel","Bottled Lightning","Anchor"],"acts_visited":["Exordium","TheCity","TheBeyond"],"potions_floor_usage":[7,10,12,16,16,28,38],"damage_taken":[{"damage":1.0,"enemies":"Small Slimes","floor":1.0,"turns":4.0},{"damage":0.0,"enemies":"Cultist","floor":4.0,"turns":4.0},{"damage":0.0,"enemies":"2 Louse","floor":5.0,"turns":3.0},{"damage":5,"enemies":"Lagavulin","floor":7,"turns":5},{"damage":6,"enemies":"Blue Slaver","floor":8,"turns":5},{"damage":31,"enemies":"3 Sentries","floor":10,"turns":9},{"damage":9,"enemies":"Lagavulin","floor":12,"turns":5},{"damage":11,"enemies":"Red Slaver","floor":14,"turns":4},{"damage":18,"enemies":"Hexaghost","floor":16,"turns":9},{"damage":47,"enemies":"Spheric Guardian","floor":18,"turns":9},{"damage":0,"enemies":"Chosen","floor":19,"turns":3},{"damage":7,"enemies":"Book of Stabbing","floor":24,"turns":4},{"damage":0,"enemies":"Slavers","floor":28,"turns":4},{"damage":8,"enemies":"Automaton","floor":33,"turns":11},{"damage":0,"enemies":"3 Shapes","floor":35,"turns":3},{"damage":1,"enemies":"Orb Walker","floor":38,"turns":6},{"damage":13,"enemies":"Writhing Mass","floor":39,"turns":10},{"damage":2,"enemies":"Giant Head","floor":41,"turns":10},{"damage":2,"enemies":"Maw","floor":45,"turns":11},{"damage":1,"enemies":"4 Shapes","floor":47,"turns":6},{"damage":5,"enemies":"Reptomancer","floor":48,"turns":9},{"damage":25,"enemies":"Time Eater","floor":50,"turns":2}],"seed_played":"-8830238327369657974","potions_obtained":[{"floor":5.0,"key":"SteroidPotion"},{"floor":7,"key":"AttackPotion"},{"floor":10,"key":"FearPotion"},{"floor":12,"key":"Fire Potion"},{"floor":19,"key":"Energy Potion"},{"floor":35,"key":"GhostInAJar"},{"floor":38,"key":"CunningPotion"}],"is_trial":false,"path_per_floor":["M","?","?","M","M","R","E","M","T","E","$","E","R","M","R","B",null,"M","M","?","?","?","R","E","R","T","R","E","?","R","$","R","B",null,"M","?","?","M","M","R","E","$","T","T","M","R","M","E","R","B"],"character_chosen":"THE_SILENT","items_purchased":["SkillPotion","Strawberry","Footwork","TwistedFunnel","AttackPotion"],"campfire_rested":2,"item_purchase_floors":[11,11,31,42,42],"current_hp_per_floor":[58,58,58,58,58,58,53,49,49,20,27,20,41,32,32,16,59,14,16,31,31,31,31,26,47,47,47,49,36,36,36,36,28,34,36,36,36,35,23,23,23,23,23,23,23,23,24,21,21,0,0],"gold":143,"neow_bonus":"ONE_RANDOM_RARE_CARD","is_daily":false,"chose_seed":false,"campfire_upgraded":8,"win_rate":0.0,"timestamp":1607653127,"path_taken":["M","?","?","M","M","R","E","M","T","E","$","E","R","?","R","BOSS","M","M","?","?","?","R","E","R","T","R","E","?","R","$","R","BOSS","M","?","?","M","M","R","E","$","T","?","M","R","M","E","R","BOSS"],"items_purchased_type":["Potion","Relic","Card","Relic","Potion"],"build_version":"2020-11-30","purchased_purges":1,"victory":false,"max_hp_per_floor":[66,66,66,66,66,66,66,66,66,66,73,73,73,73,73,73,73,73,73,73,73,73,73,73,73,73,73,73,36,36,36,36,36,36,36,36,36,36,36,36,36,36,36,36,36,36,36,36,36,36,36],"relic_stats":{"Blood Vial":31,"Centennial Puzzle":[12],"counters":[22,136],"Blue Candle":[2],"Tiny Chest":1,"Bag of Preparation":[2],"War Paint":["Defend_G","Survivor"],"Cursed Key":2,"obtain_stats":[{"TwistedFunnel":42,"Blue Candle":24,"Bag of Preparation":10,"War Paint":9,"Cursed Key":34,"Blood Vial":7,"SlaversCollar":17,"Bottled Flame":26,"Centennial Puzzle":41,"Anchor":48,"Ninja Scroll":12,"Strawberry":11,"Tiny Chest":28,"Bottled Lightning":44,"Ring of the Snake":0},{"TwistedFunnel":18,"Blue Candle":12,"Bag of Preparation":6,"War Paint":5,"Cursed Key":14,"Blood Vial":4,"SlaversCollar":9,"Bottled Flame":12,"Centennial Puzzle":18,"Anchor":21,"Ninja Scroll":7,"Strawberry":6,"Tiny Chest":13,"Bottled Lightning":18,"Ring of the Snake":0},{"TwistedFunnel":108,"Blue Candle":64,"Bag of Preparation":30,"War Paint":21,"Cursed Key":79,"Blood Vial":16,"SlaversCollar":48,"Bottled Flame":64,"Centennial Puzzle":108,"Anchor":134,"Ninja Scroll":35,"Strawberry":30,"Tiny Chest":68,"Bottled Lightning":108,"Ring of the Snake":0}],"Ring of the Snake":[44]},"card_choices":[{"not_picked":["PiercingWail","Distraction"],"picked":"Masterful Stab","floor":1.0},{"not_picked":["Slice","Calculated Gamble"],"picked":"Infinite Blades","floor":4.0},{"not_picked":["PiercingWail","Slice"],"picked":"Blade Dance","floor":5.0},{"not_picked":["Quick Slash","Distraction"],"picked":"Deadly Poison","floor":7},{"not_picked":["Underhanded Strike","Acrobatics","Deadly Poison"],"picked":"SKIP","floor":8},{"not_picked":["Underhanded Strike","Heel Hook"],"picked":"Corpse Explosion","floor":10},{"not_picked":["Underhanded Strike","Finisher"],"picked":"Tools of the Trade","floor":12},{"not_picked":["Poisoned Stab","Masterful Stab","Cloak And Dagger"],"picked":"SKIP","floor":14},{"not_picked":["Night Terror","Glass Knife"],"picked":"Phantasmal Killer","floor":16},{"not_picked":["Prepared","Sucker Punch"],"picked":"Terror","floor":18},{"not_picked":["Outmaneuver","Terror"],"picked":"PiercingWail","floor":19},{"not_picked":["Distraction","PiercingWail"],"picked":"A Thousand Cuts","floor":24},{"not_picked":["Quick Slash","Deflect","Dagger Throw"],"picked":"SKIP","floor":28},{"not_picked":["Corpse Explosion","Phantasmal Killer"],"picked":"Night Terror","floor":33},{"not_picked":["Concentrate","Deflect","All Out Attack"],"picked":"SKIP","floor":35},{"not_picked":["Prepared","Deadly Poison","Flechettes"],"picked":"SKIP","floor":38},{"not_picked":["Footwork","Predator"],"picked":"Noxious Fumes+1","floor":39},{"not_picked":["Dagger Throw","Deflect+1"],"picked":"Backflip","floor":41},{"not_picked":["Dagger Throw","Dodge and Roll"],"picked":"Bouncing Flask+1","floor":45},{"not_picked":["Expertise","A Thousand Cuts","Deadly Poison+1"],"picked":"SKIP","floor":47},{"not_picked":["Calculated Gamble","Flying Knee+1"],"picked":"Caltrops","floor":48}],"player_experience":2727442,"relics_obtained":[{"floor":7,"key":"Blood Vial"},{"floor":9,"key":"War Paint"},{"floor":10,"key":"Bag of Preparation"},{"floor":12,"key":"Ninja Scroll"},{"floor":24,"key":"Blue Candle"},{"floor":26,"key":"Bottled Flame"},{"floor":28,"key":"Tiny Chest"},{"floor":41,"key":"Centennial Puzzle"},{"floor":44,"key":"Bottled Lightning"},{"floor":48,"key":"Anchor"}],"event_choices":[{"damage_healed":0.0,"max_hp_gain":0.0,"max_hp_loss":0.0,"gold_gain":56.0,"event_name":"Golden Wing","player_choice":"Gained Gold","floor":2.0,"gold_loss":0.0,"damage_taken":0.0},{"cards_removed":["Strike_G"],"damage_healed":0.0,"max_hp_gain":0.0,"max_hp_loss":0.0,"gold_gain":0.0,"event_name":"Purifier","player_choice":"Purged","floor":3.0,"gold_loss":0.0,"damage_taken":0.0},{"damage_healed":15,"gold_gain":0,"player_choice":"Heal","damage_taken":0,"max_hp_gain":0,"max_hp_loss":0,"event_name":"The Library","floor":20,"gold_loss":0},{"cards_removed":["Strike_G"],"damage_healed":0,"gold_gain":0,"player_choice":"Gave Gold","damage_taken":0,"max_hp_gain":0,"max_hp_loss":0,"event_name":"Beggar","floor":21,"gold_loss":75},{"damage_healed":0,"gold_gain":0,"player_choice":"Simplicity","damage_taken":0,"max_hp_gain":0,"max_hp_loss":0,"event_name":"Back to Basics","floor":22,"gold_loss":0,"cards_upgraded":["Strike_G","Strike_G","Defend_G","Defend_G","Defend_G","Defend_G"]},{"damage_healed":0,"gold_gain":0,"player_choice":"Became a Ghost","damage_taken":0,"max_hp_gain":0,"max_hp_loss":37,"event_name":"Ghosts","floor":29,"gold_loss":0,"cards_obtained":["Ghostly","Ghostly","Ghostly"]},{"damage_healed":0,"gold_gain":0,"player_choice":"Ignored","damage_taken":0,"max_hp_gain":0,"max_hp_loss":0,"event_name":"Tomb of Lord Red Mask","floor":36,"gold_loss":0},{"damage_healed":0,"gold_gain":0,"cards_transformed":["Strike_G"],"player_choice":"Transformed","damage_taken":0,"max_hp_gain":0,"max_hp_loss":0,"event_name":"Transmorgrifier","floor":37,"gold_loss":0,"cards_obtained":["Footwork"]}],"is_beta":false,"boss_relics":[{"not_picked":["Ring of the Serpent","Fusion Hammer"],"picked":"SlaversCollar"},{"not_picked":["Snecko Eye","Velvet Choker"],"picked":"Cursed Key"}],"items_purged_floors":[11],"is_endless":false,"potions_floor_spawned":[5,7,10,12,14,19,35,38,47,48],"killed_by":"Time Eater","ascension_level":20}}