{"host":"d2jar2fx86jc1ekr","time":1607702193,"event":{"mods":["AchievementEnabler","BaseMod","Colored Map","DeckTracker","Minty Spire (QoL Compilation)","StSLib","SuperFastMode","everything is the same but u backflip on backflip"],"gold_per_floor":[109,109,34,8,24,50,50,84,84,96,11,11,41,60,60,131,131,150,169,201,212,231,231,262,262,285,285,300,225,125,140,140,219,219,230,230,281,156,156,183,195,195,195,210,210,235,254,272,272,272],"floor_reached":51,"playtime":1980,"items_purged":["Pain","Defend_B","Strike_B"],"score":1639,"play_id":"57db48a5-2595-4333-9369-1477af064a2f","local_time":"20201212005633","is_ascension_mode":true,"campfire_choices":[{"data":"Beam Cell","floor":7.0,"key":"SMITH"},{"data":"Darkness","floor":12.0,"key":"SMITH"},{"data":"Dualcast","floor":15.0,"key":"SMITH"},{"floor":23.0,"key":"REST"},{"floor":25.0,"key":"REST"},{"data":"Coolheaded","floor":32.0,"key":"SMITH"},{"data":"Hologram","floor":45,"key":"SMITH"},{"floor":49,"key":"REST"}],"circlet_count":0,"master_deck":["AscendersBane","Defend_B","Defend_B","Defend_B","Zap","Dualcast+1","Beam Cell+1","Coolheaded+1","Reboot","Glacier","Conserve Battery","Stack","Darkness+1","Cold Snap","Hologram+1","Echo Form","Core Surge","Turbo","Undo","Biased Cognition","Melter","Skim+1","Defragment+1","Fusion+1","Capacitor","Loop","Darkness"],"relics":["Cracked Core","NeowsBlessing","WarpedTongs","Letter Opener","Anchor","StrikeDummy","Ornamental Fan","Nuclear Battery","Red Mask","Vajra","Omamori","Runic Pyramid","Incense Burner","Akabeko","Potion Belt","Mango"],"acts_visited":["Exordium","TheCity","TheBeyond"],"potions_floor_usage":[50,50,50,50],"damage_taken":[{"damage":0.0,"enemies":"2 Louse","floor":1.0,"turns":1.0},{"damage":0.0,"enemies":"Cultist","floor":5.0,"turns":1.0},{"damage":0.0,"enemies":"Lagavulin","floor":6.0,"turns":1.0},{"damage":11.0,"enemies":"3 Sentries","floor":8.0,"turns":7.0},{"damage":0.0,"enemies":"Small Slimes","floor":10.0,"turns":3.0},{"damage":0.0,"enemies":"Lagavulin","floor":13.0,"turns":5.0},{"damage":0.0,"enemies":"Looter","floor":14.0,"turns":3.0},{"damage":14.0,"enemies":"The Guardian","floor":16.0,"turns":14.0},{"damage":22.0,"enemies":"3 Byrds","floor":18.0,"turns":6.0},{"damage":0.0,"enemies":"Chosen","floor":19.0,"turns":5.0},{"damage":10.0,"enemies":"Masked Bandits","floor":20.0,"turns":4.0},{"damage":23.0,"enemies":"Centurion and Healer","floor":21.0,"turns":10.0},{"damage":0.0,"enemies":"Snake Plant","floor":22.0,"turns":3.0},{"damage":23.0,"enemies":"Book of Stabbing","floor":24.0,"turns":7.0},{"damage":0.0,"enemies":"Snecko","floor":28.0,"turns":6.0},{"damage":0.0,"enemies":"Chosen and Byrds","floor":31.0,"turns":5.0},{"damage":3.0,"enemies":"Collector","floor":33.0,"turns":8.0},{"damage":10.0,"enemies":"3 Darklings","floor":35.0,"turns":5.0},{"damage":14.0,"enemies":"2 Orb Walkers","floor":37.0,"turns":6.0},{"damage":0,"enemies":"Giant Head","floor":40,"turns":8},{"damage":17,"enemies":"3 Shapes","floor":41,"turns":7},{"damage":0,"enemies":"Sphere and 2 Shapes","floor":44,"turns":5},{"damage":0,"enemies":"Mind Bloom Boss Battle","floor":46,"turns":7},{"damage":43,"enemies":"Transient","floor":47,"turns":6},{"damage":17,"enemies":"Jaw Worm Horde","floor":48,"turns":6},{"damage":0,"enemies":"Awakened One","floor":50,"turns":13}],"seed_played":"2980288929600731401","potions_obtained":[{"floor":6.0,"key":"Regen Potion"},{"floor":16.0,"key":"SpeedPotion"},{"floor":18.0,"key":"Explosive Potion"},{"floor":19.0,"key":"CultistPotion"},{"floor":28.0,"key":"DuplicationPotion"},{"floor":31.0,"key":"Dexterity Potion"},{"floor":33.0,"key":"FocusPotion"},{"floor":44,"key":"Energy Potion"},{"floor":47,"key":"Energy Potion"}],"is_trial":false,"path_per_floor":["M","?","$","$","M","E","R","E","T","M","$","R","E","M","R","B",null,"M","M","?","M","M","R","E","R","T","?","M","?","$","M","R","B",null,"M","?","?","$","?","E","M","?","T","M","R","?","M","M","R","B",null],"character_chosen":"DEFECT","items_purchased":["Coolheaded","Darkness"],"campfire_rested":3,"item_purchase_floors":[4,11],"current_hp_per_floor":[64,64,64,64,64,64,64,65,65,65,65,65,65,65,65,51,66,44,44,34,11,11,32,9,30,30,30,30,30,30,30,30,27,60,50,64,50,50,46,46,29,58,58,58,58,72,29,12,33,33],"gold":272,"neow_bonus":"THREE_ENEMY_KILL","is_daily":false,"chose_seed":false,"campfire_upgraded":5,"win_rate":0.0,"timestamp":1607702193,"path_taken":["M","?","?","$","M","E","R","E","T","M","$","R","E","M","R","BOSS","M","M","?","M","M","R","E","R","T","?","M","?","$","M","R","BOSS","M","?","?","$","?","E","?","?","T","M","R","?","M","M","R","BOSS"],"items_purchased_type":["Card","Card"],"build_version":"2020-11-30","purchased_purges":3,"victory":true,"max_hp_per_floor":[71,71,71,71,71,71,71,71,71,71,71,71,71,71,71,71,71,71,71,71,71,71,71,71,71,71,71,71,71,71,71,71,71,71,71,71,71,71,71,71,71,58,58,58,58,72,72,72,72,72],"card_choices":[{"not_picked":["Redo","Sweeping Beam"],"picked":"Beam Cell","floor":1.0},{"not_picked":["Streamline","Cold Snap"],"picked":"Reboot","floor":5.0},{"not_picked":["Conserve Battery","Hologram"],"picked":"Glacier","floor":6.0},{"not_picked":["Auto Shields","Rebound"],"picked":"Conserve Battery","floor":8.0},{"not_picked":["Coolheaded","Hologram"],"picked":"Stack","floor":10.0},{"not_picked":["Fission","Hello World"],"picked":"Cold Snap","floor":13.0},{"not_picked":["Barrage","Sweeping Beam"],"picked":"Hologram","floor":14.0},{"not_picked":["Fission","Meteor Strike"],"picked":"Echo Form","floor":16.0},{"not_picked":["Coolheaded","Streamline","Sweeping Beam"],"picked":"SKIP","floor":18.0},{"not_picked":["Coolheaded","Streamline","Sweeping Beam"],"picked":"SKIP","floor":18.0},{"not_picked":["Leap","Lockon","Redo"],"picked":"SKIP","floor":19.0},{"not_picked":["Leap","Go for the Eyes"],"picked":"Core Surge","floor":20.0},{"not_picked":["Doom and Gloom","Force Field","Rebound"],"picked":"SKIP","floor":21.0},{"not_picked":["Conserve Battery+1","Cold Snap"],"picked":"Turbo","floor":22.0},{"not_picked":["Barrage","Coolheaded"],"picked":"Undo","floor":24.0},{"not_picked":["Coolheaded","Leap"],"picked":"Skim+1","floor":28.0},{"not_picked":["Hologram","Turbo+1","Redo"],"picked":"SKIP","floor":31.0},{"not_picked":["Go for the Eyes+1","Sweeping Beam+1"],"picked":"Defragment+1","floor":35.0},{"not_picked":["Stack","Coolheaded"],"picked":"Fusion+1","floor":40},{"not_picked":["Streamline+1","Core Surge","Reprogram"],"picked":"SKIP","floor":41},{"not_picked":["Barrage","Cold Snap"],"picked":"Capacitor","floor":44},{"not_picked":["Turbo","Gash"],"picked":"Loop","floor":46},{"not_picked":["Scrape","Electrodynamics"],"picked":"Darkness","floor":47},{"not_picked":["Coolheaded","Static Discharge","Conserve Battery"],"picked":"SKIP","floor":48}],"player_experience":364177,"relics_obtained":[{"floor":6.0,"key":"Letter Opener"},{"floor":8.0,"key":"Anchor"},{"floor":9.0,"key":"StrikeDummy"},{"floor":13.0,"key":"Ornamental Fan"},{"floor":20.0,"key":"Red Mask"},{"floor":24.0,"key":"Vajra"},{"floor":26.0,"key":"Omamori"},{"floor":37.0,"key":"Incense Burner"},{"floor":40,"key":"Akabeko"},{"floor":43,"key":"Potion Belt"},{"floor":46,"key":"Mango"}],"event_choices":[{"damage_healed":0.0,"max_hp_gain":0.0,"max_hp_loss":0.0,"gold_gain":0.0,"event_name":"Accursed Blacksmith","player_choice":"Rummage","floor":2.0,"gold_loss":0.0,"damage_taken":0.0,"relics_obtained":["WarpedTongs"],"cards_obtained":["Pain"]},{"damage_healed":0.0,"max_hp_gain":0.0,"max_hp_loss":0.0,"gold_gain":0.0,"event_name":"Masked Bandits","player_choice":"Fought Bandits","floor":20.0,"gold_loss":0.0,"damage_taken":0.0},{"damage_healed":0.0,"max_hp_gain":0.0,"max_hp_loss":0.0,"gold_gain":0.0,"cards_transformed":["Strike_B","Strike_B"],"event_name":"Drug Dealer","player_choice":"Became Test Subject","floor":27.0,"gold_loss":0.0,"damage_taken":0.0,"cards_obtained":["Biased Cognition","Melter"]},{"cards_removed":["Strike_B"],"damage_healed":0.0,"max_hp_gain":0.0,"max_hp_loss":0.0,"gold_gain":0.0,"event_name":"Beggar","player_choice":"Gave Gold","floor":29.0,"gold_loss":75.0,"damage_taken":0.0},{"damage_healed":14.0,"max_hp_gain":0.0,"max_hp_loss":0.0,"gold_gain":0.0,"event_name":"Winding Halls","player_choice":"Writhe","floor":36.0,"gold_loss":0.0,"damage_taken":0.0,"cards_obtained":["Writhe"]},{"damage_healed":0.0,"max_hp_gain":0.0,"max_hp_loss":0.0,"gold_gain":0.0,"event_name":"Mysterious Sphere","player_choice":"Fight","floor":37.0,"gold_loss":0.0,"damage_taken":0.0},{"damage_healed":0,"gold_gain":0,"player_choice":"Bought 0 Potions","damage_taken":0,"max_hp_gain":0,"max_hp_loss":0,"event_name":"The Woman in Blue","floor":39,"gold_loss":0},{"damage_healed":58,"gold_gain":0,"player_choice":"Heal","damage_taken":0,"max_hp_gain":0,"max_hp_loss":13,"event_name":"The Moai Head","floor":42,"gold_loss":0},{"damage_healed":0,"gold_gain":0,"player_choice":"Fight","damage_taken":0,"max_hp_gain":0,"max_hp_loss":0,"event_name":"MindBloom","floor":46,"gold_loss":0}],"is_beta":false,"boss_relics":[{"not_picked":["Black Star","FrozenCore"],"picked":"Nuclear Battery"},{"not_picked":["Snecko Eye","SacredBark"],"picked":"Runic Pyramid"}],"items_purged_floors":[3,30,38],"is_endless":false,"potions_floor_spawned":[6,16,18,19,28,31,33,40,41,44,47,48],"ascension_level":19}}