{"host":"k6qwgpygxbgz06bg","time":1607716196,"event":{"mods":["BaseMod","Beaked The Cultist","Better Third Choice","BetterRewards","Colored Map","Friendly Minions","Marisa????????","Minty Spire (QoL Compilation)","Replay The Spire","StSLib","The Administrix","The Bug Knight","The Cursed","The Gatherer","The Mystic","The Witch"],"gold_per_floor":[116,116,116,4,21,21,49,66,89,109,109,120,149,149,149,247,247,258,271,2,12,12,44,61,92,143,156,156,176,176,201,201,201,201],"floor_reached":33,"playtime":2091,"items_purged":["Spreading Infection"],"score":442,"play_id":"7985e066-c03d-4e95-b524-a8a9c8120ecf","local_time":"20201211204956","is_ascension_mode":false,"campfire_choices":[{"data":"Footwork","floor":6,"key":"SMITH"},{"data":"Storm of Steel","floor":11,"key":"SMITH"},{"data":"Neutralize","floor":15,"key":"SMITH"},{"floor":30,"key":"REST"},{"data":"Replay:Bag of Tricks","floor":32,"key":"SMITH"}],"circlet_count":0,"master_deck":["Survivor","Neutralize+1","Flying Knee","Footwork+1","Poisoned Stab","Poisoned Stab","Quick Slash","ReplayTheSpireMod:Speed Training","Caltrops","Storm of Steel+1","Calculated Gamble","Hidden Blade","Malaise","Fluid Movement","Endless Agony","Catalyst","Dash","Crippling Poison","PiercingWail","Masterful Stab","Bullet Time","Night Terror","Unload","ReplayTheSpireMod:Shiv Toss+1","ReplayTheSpireMod:Scrap Shanks","Backflip","Replay:Bag of Tricks+1","Infinite Blades+1","PiercingWail+1","Catalyst"],"relics":["Ring of the Snake","Ring of Fury","Ring of Misfortune","Tiny Chest","HollowMod:PaleOreRelic","Garlic","Pandora\u0027s Box","Replay:Baseball","Orichalcum","Replay:Kaleidoscope","Pen Nib","Tingsha"],"acts_visited":["Exordium","TheCity"],"potions_floor_usage":[7,13,23,23,29,33],"damage_taken":[{"damage":1,"enemies":"2 Louse","floor":1,"turns":3},{"damage":3,"enemies":"Jaw Worm","floor":5,"turns":3},{"damage":0,"enemies":"Gremlin Nob","floor":7,"turns":3},{"damage":0,"enemies":"Cultist","floor":8,"turns":4},{"damage":0,"enemies":"Looter","floor":10,"turns":3},{"damage":1,"enemies":"Exordium Wildlife","floor":12,"turns":4},{"damage":12,"enemies":"Lagavulin","floor":13,"turns":6},{"damage":10,"enemies":"Slime Boss","floor":16,"turns":9},{"damage":0,"enemies":"Chosen","floor":18,"turns":4},{"damage":13,"enemies":"2 Thieves","floor":19,"turns":4},{"damage":1,"enemies":"Snake Plant","floor":21,"turns":5},{"damage":2,"enemies":"Book of Stabbing","floor":23,"turns":6},{"damage":4,"enemies":"Snecko","floor":24,"turns":4},{"damage":37,"enemies":"Slavers","floor":25,"turns":8},{"damage":3,"enemies":"Centurion and Healer","floor":27,"turns":6},{"damage":2,"enemies":"Shelled Parasite and Fungi","floor":29,"turns":3},{"damage":7,"enemies":"Gremlin Leader","floor":31,"turns":5},{"damage":59,"enemies":"Automaton","floor":33,"turns":6}],"seed_played":"-6554577548995719440","potions_obtained":[{"floor":7,"key":"Fruit Juice"},{"floor":10,"key":"SkillPotion"},{"floor":12,"key":"Energy Potion"},{"floor":13,"key":"BlessingOfTheForge"},{"floor":19,"key":"SmokeBomb"},{"floor":25,"key":"CunningPotion"},{"floor":31,"key":"Swift Potion"}],"is_trial":false,"path_per_floor":["M","?","?","$","M","R","E","M","T","M","R","M","E","?","R","B",null,"M","M","$","M","$","E","M","E","T","M","?","M","R","E","R","B"],"character_chosen":"THE_SILENT","items_purchased":["Footwork","Poisoned Stab","ReplayTheSpireMod:Scrap Shanks","Replay:Baseball"],"campfire_rested":1,"item_purchase_floors":[4,4,20,20],"current_hp_per_floor":[69,74,74,74,71,71,76,76,76,76,76,75,63,63,63,53,80,80,67,67,66,66,64,60,23,23,20,20,18,42,35,35,0,0],"gold":201,"neow_bonus":"","is_daily":false,"chose_seed":false,"campfire_upgraded":4,"win_rate":0.0,"timestamp":1607716196,"path_taken":["M","?","?","$","M","R","E","M","T","M","R","M","E","?","R","BOSS","M","M","$","M","$","E","M","E","T","?","?","M","R","E","R","BOSS"],"items_purchased_type":["Card","Card","Card","Relic"],"build_version":"2020-11-30","purchased_purges":1,"victory":false,"max_hp_per_floor":[70,75,75,75,75,75,80,80,80,80,80,80,80,80,80,80,80,80,80,80,80,80,80,80,80,80,80,80,80,80,80,80,80,80],"card_choices":[{"not_picked":["Quick Slash","Bouncing Flask"],"picked":"Flying Knee","floor":1},{"not_picked":["ReplayTheSpireMod:Shiv Toss","Tactician"],"picked":"Quick Slash","floor":5},{"not_picked":["Backflip","Backstab"],"picked":"ReplayTheSpireMod:Speed Training","floor":7},{"not_picked":["Underhanded Strike","Slice"],"picked":"Caltrops","floor":8},{"not_picked":["Dagger Throw","Outmaneuver"],"picked":"Storm of Steel","floor":10},{"not_picked":["PiercingWail","Tactician"],"picked":"Calculated Gamble","floor":12},{"not_picked":["Deadly Poison","Sucker Punch"],"picked":"Hidden Blade","floor":13},{"not_picked":["ReplayTheSpireMod:From All Sides","Poison Darts"],"picked":"Malaise","floor":16},{"not_picked":["Poisoned Stab","Expertise"],"picked":"ReplayTheSpireMod:Shiv Toss+1","floor":18},{"not_picked":["Dagger Throw","Acrobatics","Cloak And Dagger"],"picked":"SKIP","floor":19},{"not_picked":["Blade Dance","Slice+1"],"picked":"Backflip","floor":21},{"not_picked":["Deadly Poison+1","Bane"],"picked":"Replay:Bag of Tricks","floor":23},{"not_picked":["Slice","Sucker Punch","ReplayTheSpireMod:Shiv Toss+1"],"picked":"SKIP","floor":24},{"not_picked":["Finisher","Heel Hook"],"picked":"Infinite Blades+1","floor":25},{"not_picked":["Riddle With Holes","Dash+1"],"picked":"PiercingWail+1","floor":27},{"not_picked":["Cloak And Dagger","Blade Dance+1"],"picked":"Catalyst","floor":29},{"not_picked":["Slice","ReplayTheSpireMod:Shiv Toss","Unload"],"picked":"SKIP","floor":31}],"player_experience":149584,"relics_obtained":[{"floor":3,"key":"Ring of Fury"},{"floor":3,"key":"Ring of Misfortune"},{"floor":7,"key":"Tiny Chest"},{"floor":9,"key":"HollowMod:PaleOreRelic"},{"floor":13,"key":"Garlic"},{"floor":23,"key":"Orichalcum"},{"floor":25,"key":"Replay:Kaleidoscope"},{"floor":31,"key":"Tingsha"}],"event_choices":[{"damage_healed":0,"gold_gain":0,"player_choice":"Donut","damage_taken":0,"max_hp_gain":5,"max_hp_loss":0,"event_name":"Big Fish","floor":2,"gold_loss":0},{"cards_removed":["Delirium"],"damage_healed":0,"gold_gain":0,"player_choice":"Purged","damage_taken":0,"max_hp_gain":0,"max_hp_loss":0,"event_name":"Purifier","floor":14,"gold_loss":0}],"is_beta":false,"boss_relics":[{"not_picked":["Busted Crown","Astrolabe"],"picked":"Pandora\u0027s Box"}],"items_purged_floors":[20],"is_endless":false,"potions_floor_spawned":[7,10,12,13,19,25,31],"killed_by":"Automaton","ascension_level":0}}