{"host":"zt56gx41altgtukx","time":1607671501,"event":{"mods":["Act Like it!","Aspiration","BaseMod","Better Altar","Better Match","Better Note","Better Sensory Stone","Better Skull","Better Third Choice","BetterRewards","Conspire","Downfall","GifTheSpireLib","Halation","Hallownest","Highlight Path","Hubris","Mimic Mod","Minty Spire (QoL Compilation)","Replay The Spire","Shade Mod","StSLib","Stuff the Spire","The Cursed","Unceasing Turn Reminder","everything is the same but u backflip on backflip"],"gold_per_floor":[111,125,139,149,167,167,71,71,96,124,140,157,171,186,186,289,289,301,318,29,49,63,63,13,13,13,23,23,39,52,63,63,159,159,178,178,99,149,173,173,190,190,190,115,135,135,166,182,182,182],"floor_reached":51,"playtime":9275,"items_purged":[],"score":562,"play_id":"1b5139ea-1ace-43ba-8784-82a04c92de8d","local_time":"20201211012501","is_ascension_mode":false,"campfire_choices":[{"data":"TheCursedMod:DemonSword","floor":6,"key":"SMITH"},{"data":"TheCursedMod:HellfireBreathing","floor":8,"key":"SMITH"},{"floor":15,"key":"REST"},{"floor":23,"key":"REST"},{"floor":28,"key":"REST"},{"floor":32,"key":"REST"},{"data":"TheCursedMod:LuckyCharm","floor":40,"key":"SMITH"},{"data":"TheCursedMod:HellfireBreathing","floor":40,"key":"SMITH"},{"data":"TheCursedMod:HellfireBreathing","floor":42,"key":"SMITH"},{"data":"TheCursedMod:SpitefulPray","floor":42,"key":"SMITH"},{"floor":46,"key":"REST"},{"data":"Defend_R","floor":49,"key":"PURGE"}],"circlet_count":0,"master_deck":["TheCursedMod:Strike_TheCursed","TheCursedMod:Strike_TheCursed","TheCursedMod:Defend_TheCursed","TheCursedMod:Defend_TheCursed","TheCursedMod:Defend_TheCursed","TheCursedMod:CursedWand","TheCursedMod:CleanUpWorkshop","TheCursedMod:Dregs","sneckomod:Strike","TheCursedMod:DemonSword+1","TheCursedMod:CircleOfCorruption","TheCursedMod:HellfireBreathing+1","TheCursedMod:WearCloak","TheCursedMod:SurpriseAttack","TheCursedMod:SpitefulPray+1","TheCursedMod:CursedShiv","TheCursedMod:SpitefulPlan+1","TheCursedMod:PrepareRite","TheCursedMod:AntiAging","TheCursedMod:RapidMovement","TheCursedMod:FleshFromBone","TheCursedMod:SpitefulStrike","TheCursedMod:CollectTribute+1","TheCursedMod:Wield+1","TheCursedMod:CursedArmor+1","TheCursedMod:WearCloak+1","TheCursedMod:WearCloak","TheCursedMod:CircleOfFlame","TheCursedMod:HellfireBreathing+1","TheCursedMod:HellfireBreathing+1","TheCursedMod:TroublousMinions","TheCursedMod:Stretching+1","TheCursedMod:Obscuration","TheCursedMod:CursedStaff","TheCursedMod:LuckyCharm+1","TheCursedMod:Grudge+1","TheCursedMod:CircleOfAbyss","TheCursedMod:CursedShiv+1","TheCursedMod:Grudge","TheCursedMod:CursedShiv+1","TheCursedMod:CursedShiv","TheCursedMod:SpitefulPlan","TheCursedMod:Stretching+1","TheCursedMod:LuckyCharm","TheCursedMod:Obscuration+1"],"relics":["TheCursedMod:BlackMagic101","Centennial Puzzle","halation:LettersToHer","Astrolabe","PreservedInsect","Bag of Preparation","Snack Pack","halation:PenCase","halation:AfternoonTea","Replay:Rubber Ducky","aspiration:StickyExplosives_weak"],"acts_visited":["Exordium","TheCity","TheBeyond"],"potions_floor_usage":[4,22,22,29,50,50,50],"damage_taken":[{"damage":1,"enemies":"Jaw Worm","floor":1,"turns":4},{"damage":0,"enemies":"conspire:RoseBush","floor":2,"turns":2},{"damage":0,"enemies":"2 Louse","floor":3,"turns":3},{"damage":4,"enemies":"Gremlin Gang","floor":4,"turns":5},{"damage":1,"enemies":"3 Louse","floor":5,"turns":3},{"damage":23,"enemies":"3 Sentries","floor":10,"turns":8},{"damage":0,"enemies":"2 Fungi Beasts","floor":11,"turns":3},{"damage":4,"enemies":"conspire:2 RoseBushes","floor":12,"turns":4},{"damage":4,"enemies":"Blue Slaver","floor":13,"turns":4},{"damage":3,"enemies":"Exordium Wildlife","floor":14,"turns":4},{"damage":23,"enemies":"Slime Boss","floor":16,"turns":14},{"damage":5,"enemies":"Shell Parasite","floor":18,"turns":5},{"damage":23,"enemies":"Chosen","floor":19,"turns":7},{"damage":48,"enemies":"3 Cultists","floor":21,"turns":7},{"damage":10,"enemies":"Centurion and Healer","floor":22,"turns":5},{"damage":3,"enemies":"conspire:HollyBat","floor":27,"turns":7},{"damage":0,"enemies":"3 Cultists","floor":29,"turns":4},{"damage":25,"enemies":"Chosen and Byrds","floor":30,"turns":7},{"damage":14,"enemies":"Sentry and Sphere","floor":31,"turns":6},{"damage":28,"enemies":"Champ","floor":33,"turns":10},{"damage":9,"enemies":"3 Shapes","floor":35,"turns":5},{"damage":3,"enemies":"Mind Bloom Boss Battle","floor":38,"turns":9},{"damage":19,"enemies":"3 Darklings","floor":41,"turns":5},{"damage":18,"enemies":"Jaw Worm Horde","floor":45,"turns":6},{"damage":8,"enemies":"Nemesis","floor":47,"turns":7},{"damage":11,"enemies":"Transient","floor":48,"turns":5},{"damage":78,"enemies":"Replay:Hell Engine","floor":50,"turns":18}],"seed_played":"-4464498639010187621","potions_obtained":[{"floor":3,"key":"hexamod:EctoCoolerPotion"},{"floor":4,"key":"PowerPotion"},{"floor":11,"key":"Doom Potion"},{"floor":12,"key":"BlessingOfTheForge"},{"floor":21,"key":"Toxic Potion"},{"floor":22,"key":"Reflective Coating"},{"floor":29,"key":"LiquidBronze"},{"floor":30,"key":"Milkshake"},{"floor":45,"key":"Fire Potion"}],"is_trial":false,"path_per_floor":["M","M","M","M","M","R","$","R","T","E","M","M","M","M","R","B",null,"M","M","$","M","M","R","?","?","T","M","R","M","M","M","R","B",null,"M","?","$","?","T","R","M","R","T","$","M","R","E","M","R","B",null],"character_chosen":"THE_CURSED","items_purchased":["TheCursedMod:CursedShiv","TheCursedMod:SpitefulPlan+1","TheCursedMod:HellfireBreathing","PreservedInsect","TheCursedMod:TroublousMinions","TheCursedMod:Grudge","TheCursedMod:SpitefulPlan"],"campfire_rested":5,"item_purchase_floors":[7,7,20,20,20,37,44],"current_hp_per_floor":[74,74,74,70,69,69,69,69,69,46,46,44,40,37,60,39,79,76,55,55,9,1,27,27,27,27,28,54,56,37,29,56,34,91,82,82,82,89,89,89,76,76,76,76,64,92,93,86,86,20],"gold":182,"neow_bonus":"THREE_RARE_CARDS","is_daily":false,"chose_seed":false,"campfire_upgraded":6,"win_rate":0.0,"timestamp":1607671501,"path_taken":["M","M","M","M","M","R","$","R","T","E","M","M","M","M","R","BOSS","M","M","$","M","M","R","?","?","T","?","R","M","M","M","R","BOSS","M","?","$","?","?","R","M","R","T","?","M","R","E","M","R","BOSS"],"items_purchased_type":["Card","Undefined","Card","Relic","Card","Card","Card"],"build_version":"2020-11-30","purchased_purges":0,"victory":true,"max_hp_per_floor":[75,75,75,75,75,75,75,75,75,75,75,77,77,77,77,79,79,81,83,83,85,87,87,87,87,87,87,87,87,89,91,91,91,91,91,91,91,93,93,93,93,93,93,93,95,95,97,97,97,99],"card_choices":[{"not_picked":["TheCursedMod:CursedRelics","TheCursedMod:StunningStrike"],"picked":"TheCursedMod:DemonSword","floor":0},{"not_picked":["TheCursedMod:Stretching","TheCursedMod:WearCloak"],"picked":"TheCursedMod:CircleOfCorruption","floor":1},{"not_picked":["TheCursedMod:CircleOfFlame","TheCursedMod:SpitefulStrike"],"picked":"TheCursedMod:HellfireBreathing","floor":2},{"not_picked":["TheCursedMod:SurpriseAttack","TheCursedMod:SpitefulStrike"],"picked":"TheCursedMod:WearCloak","floor":3},{"not_picked":["TheCursedMod:WearCloak","TheCursedMod:Obscuration"],"picked":"TheCursedMod:SurpriseAttack","floor":4},{"not_picked":["TheCursedMod:SpitefulStrike","TheCursedMod:FuryStrike"],"picked":"TheCursedMod:SpitefulPray","floor":5},{"not_picked":["TheCursedMod:Torture","TheCursedMod:SpitefulStrike"],"picked":"TheCursedMod:PrepareRite","floor":10},{"not_picked":["TheCursedMod:Wield","TheCursedMod:SurpriseAttack"],"picked":"TheCursedMod:AntiAging","floor":11},{"not_picked":["TheCursedMod:ManaBullet","TheCursedMod:SpitefulStrike"],"picked":"TheCursedMod:RapidMovement","floor":12},{"not_picked":["TheCursedMod:CircleOfAmplification","TheCursedMod:SurpriseAttack"],"picked":"TheCursedMod:FleshFromBone","floor":13},{"not_picked":["TheCursedMod:SaltUponWound","TheCursedMod:CursedMace"],"picked":"TheCursedMod:SpitefulStrike","floor":14},{"not_picked":["TheCursedMod:CursedRelics","TheCursedMod:NeowsMight"],"picked":"TheCursedMod:CollectTribute","floor":16},{"not_picked":["TheCursedMod:CursedMace","TheCursedMod:SpitefulStrike"],"picked":"TheCursedMod:WearCloak","floor":18},{"not_picked":["TheCursedMod:BlessingInDisguise","TheCursedMod:Obscuration"],"picked":"TheCursedMod:CircleOfFlame","floor":19},{"not_picked":["TheCursedMod:VitalStrike","TheCursedMod:CursedBlade"],"picked":"TheCursedMod:Stretching+1","floor":21},{"not_picked":["TheCursedMod:SurpriseAttack+1","TheCursedMod:HellfireBreathing"],"picked":"TheCursedMod:Obscuration","floor":22},{"not_picked":["TheCursedMod:CursedMace","TheCursedMod:ManaBullet"],"picked":"TheCursedMod:CursedStaff","floor":27},{"not_picked":["TheCursedMod:FuryStrike","TheCursedMod:VitalStrike","TheCursedMod:ForbiddenAlchemy"],"picked":"SKIP","floor":29},{"not_picked":["TheCursedMod:BloodBarrier+1","TheCursedMod:CircleOfFlame"],"picked":"TheCursedMod:LuckyCharm","floor":30},{"not_picked":["TheCursedMod:RapidMovement","TheCursedMod:CircleOfFocus"],"picked":"TheCursedMod:Grudge+1","floor":31},{"not_picked":["TheCursedMod:Neurasthenia","TheCursedMod:UltimatePain"],"picked":"TheCursedMod:CircleOfAbyss","floor":33},{"not_picked":["TheCursedMod:CursedBlade","TheCursedMod:RavingStaff"],"picked":"TheCursedMod:CursedShiv+1","floor":35},{"not_picked":["TheCursedMod:TacticalStrike+1","TheCursedMod:CursedBlade+1"],"picked":"TheCursedMod:CursedShiv+1","floor":38},{"not_picked":["TheCursedMod:VitalStrike+1","TheCursedMod:CursedAmulet"],"picked":"TheCursedMod:CursedShiv","floor":41},{"not_picked":["TheCursedMod:TacticalStrike","TheCursedMod:CursedAmulet"],"picked":"TheCursedMod:Stretching+1","floor":45},{"not_picked":["TheCursedMod:WearCloak","TheCursedMod:OutForBlood"],"picked":"TheCursedMod:LuckyCharm","floor":47},{"not_picked":["TheCursedMod:CursedAmulet","TheCursedMod:RavingStaff"],"picked":"TheCursedMod:Obscuration+1","floor":48}],"player_experience":17337,"relics_obtained":[{"floor":9,"key":"Centennial Puzzle"},{"floor":10,"key":"halation:LettersToHer"},{"floor":26,"key":"halation:LettersToHer"},{"floor":26,"key":"Snack Pack"},{"floor":38,"key":"halation:PenCase"},{"floor":39,"key":"halation:LettersToHer"},{"floor":39,"key":"halation:AfternoonTea"},{"floor":43,"key":"halation:LettersToHer"},{"floor":43,"key":"Replay:Rubber Ducky"},{"floor":47,"key":"aspiration:StickyExplosives_weak"}],"event_choices":[{"damage_healed":0,"gold_gain":0,"player_choice":"Paid Gold","damage_taken":0,"relics_obtained":["Bag of Preparation"],"max_hp_gain":0,"max_hp_loss":0,"event_name":"WeMeetAgain","floor":24,"gold_loss":50},{"damage_healed":0,"gold_gain":0,"player_choice":"Upgraded","damage_taken":0,"max_hp_gain":0,"max_hp_loss":0,"event_name":"Upgrade Shrine","floor":25,"gold_loss":0,"cards_upgraded":["TheCursedMod:CollectTribute"]},{"damage_healed":0,"gold_gain":0,"player_choice":"Ignored","damage_taken":0,"max_hp_gain":0,"max_hp_loss":0,"event_name":"Tomb of Lord Red Mask","floor":36,"gold_loss":0},{"damage_healed":0,"gold_gain":0,"player_choice":"Fight","damage_taken":0,"max_hp_gain":0,"max_hp_loss":0,"event_name":"MindBloom","floor":38,"gold_loss":0}],"is_beta":false,"boss_relics":[{"not_picked":["hubris:BlackHole","Fusion Hammer"],"picked":"Astrolabe"},{"not_picked":["halation:Yufonium","StuffTheSpire:ModemDavis","Philosopher\u0027s Stone"]}],"items_purged_floors":[],"is_endless":false,"potions_floor_spawned":[3,4,11,12,14,21,22,29,30,45],"ascension_level":0}}