{"host":"cjhtzh7tp54jdfyv","time":1607708840,"event":{"mods":["BaseMod","Minty Spire (QoL Compilation)"],"gold_per_floor":[369,369,381,392,404,431,431,268,268,25,35,64,64,79,79,155,155,165,165,176,186,23,23,37,37,90,116,116,116,134,161,161,240,240,254,268,6,24,39,67,67,102,102,120,172,185,185,204,204,204,204],"floor_reached":50,"playtime":3586,"items_purged":["Strike_R","Shame"],"score":1362,"play_id":"7f64651e-ef82-4114-b521-b33b97ba2c63","local_time":"20201211124720","is_ascension_mode":true,"campfire_choices":[{"floor":7,"key":"REST"},{"floor":15,"key":"REST"},{"floor":23,"key":"REST"},{"data":"Rupture","floor":25,"key":"SMITH"},{"floor":28,"key":"REST"},{"data":"Offering","floor":32,"key":"SMITH"},{"floor":41,"key":"REST"},{"floor":49,"key":"RECALL"}],"circlet_count":0,"master_deck":["AscendersBane","Strike_R","Strike_R","Strike_R","Defend_R","Defend_R","Defend_R","Defend_R","Bash","Anger","Pommel Strike","Hemokinesis","Cleave","Evolve","Combust","Blood for Blood","Rupture+1","Burning Pact","Pummel","Shrug It Off","Offering+1","Infernal Blade+1","Battle Trance","Clothesline","Shrug It Off","Inflame","Pain","Pummel","Brutality","Shrug It Off","Pummel","Rupture","Metallicize","Regret","Shrug It Off","Dual Wield+1"],"relics":["Burning Blood","Regal Pillow","Orrery","Ancient Tea Set","Dream Catcher","HornCleat","Torii","Cursed Key","OrangePellets","Toy Ornithopter","Anchor","WarpedTongs","Mummified Hand","Fusion Hammer","Bag of Preparation","Juzu Bracelet","Turnip","Bird Faced Urn"],"acts_visited":["Exordium","TheCity","TheBeyond"],"potions_floor_usage":[6,6,27,44,45],"damage_taken":[{"damage":19,"enemies":"Small Slimes","floor":1,"turns":6},{"damage":0,"enemies":"Cultist","floor":3,"turns":3},{"damage":6,"enemies":"2 Louse","floor":4,"turns":3},{"damage":17,"enemies":"Gremlin Gang","floor":5,"turns":5},{"damage":13,"enemies":"3 Sentries","floor":6,"turns":6},{"damage":10,"enemies":"Blue Slaver","floor":11,"turns":4},{"damage":35,"enemies":"Gremlin Nob","floor":12,"turns":4},{"damage":22,"enemies":"Exordium Wildlife","floor":14,"turns":3},{"damage":21,"enemies":"Hexaghost","floor":16,"turns":7},{"damage":19,"enemies":"2 Thieves","floor":18,"turns":3},{"damage":25,"enemies":"Shell Parasite","floor":20,"turns":3},{"damage":20,"enemies":"Cultist and Chosen","floor":21,"turns":5},{"damage":15,"enemies":"Snake Plant","floor":24,"turns":2},{"damage":27,"enemies":"Gremlin Leader","floor":27,"turns":5},{"damage":9,"enemies":"Shelled Parasite and Fungi","floor":30,"turns":3},{"damage":22,"enemies":"Book of Stabbing","floor":31,"turns":3},{"damage":17,"enemies":"Collector","floor":33,"turns":3},{"damage":14,"enemies":"3 Darklings","floor":35,"turns":3},{"damage":3,"enemies":"Orb Walker","floor":36,"turns":2},{"damage":7,"enemies":"Jaw Worm Horde","floor":38,"turns":4},{"damage":17,"enemies":"Maw","floor":39,"turns":3},{"damage":36,"enemies":"Giant Head","floor":40,"turns":4},{"damage":12,"enemies":"Reptomancer","floor":42,"turns":2},{"damage":18,"enemies":"Sphere and 2 Shapes","floor":44,"turns":3},{"damage":25,"enemies":"2 Orb Walkers","floor":45,"turns":3},{"damage":9,"enemies":"3 Darklings","floor":46,"turns":3},{"damage":25,"enemies":"Jaw Worm Horde","floor":48,"turns":3},{"damage":52,"enemies":"Donu and Deca","floor":50,"turns":6}],"seed_played":"-2726682145412860553","potions_obtained":[{"floor":4,"key":"DuplicationPotion"},{"floor":5,"key":"EssenceOfSteel"},{"floor":20,"key":"AttackPotion"},{"floor":21,"key":"Strength Potion"},{"floor":24,"key":"PowerPotion"},{"floor":30,"key":"Strength Potion"},{"floor":35,"key":"FearPotion"},{"floor":38,"key":"Regen Potion"},{"floor":42,"key":"Block Potion"}],"is_trial":false,"path_per_floor":["M","?","M","M","M","E","R","$","T","$","M","E","?","M","R","B",null,"M","?","M","M","$","R","M","R","T","E","R","?","M","E","R","B",null,"M","M","$","M","M","E","R","E","T","M","?","M","?","M","R","B"],"character_chosen":"IRONCLAD","items_purchased":["Orrery","Dream Catcher","OrangePellets","Bag of Preparation"],"campfire_rested":5,"item_purchase_floors":[8,10,22,37],"current_hp_per_floor":[37,37,43,43,32,25,62,62,62,62,58,29,29,13,50,35,65,52,52,33,19,19,56,47,47,47,31,68,68,65,49,49,38,66,58,61,61,60,49,19,56,50,50,43,38,45,45,36,36,0,0],"gold":204,"neow_bonus":"TWO_FIFTY_GOLD","is_daily":false,"chose_seed":false,"campfire_upgraded":2,"win_rate":0.0,"timestamp":1607708840,"path_taken":["M","?","M","M","?","E","R","$","T","$","M","E","?","M","R","BOSS","M","?","?","M","?","R","M","R","T","E","R","?","?","E","R","BOSS","M","M","$","M","M","E","R","E","T","M","?","M","?","M","R","BOSS"],"items_purchased_type":["Relic","Relic","Relic","Relic"],"build_version":"2020-11-30","purchased_purges":2,"victory":false,"max_hp_per_floor":[75,75,75,75,75,75,75,75,75,75,75,75,75,75,75,75,75,75,75,75,75,75,75,75,75,75,75,75,75,75,75,75,75,75,75,75,75,75,75,75,75,75,75,75,75,75,71,71,71,71,71],"card_choices":[{"not_picked":["Perfected Strike","Clash"],"picked":"Anger","floor":1},{"not_picked":["Body Slam","Clash"],"picked":"Pommel Strike","floor":3},{"not_picked":["Sentinel","Warcry"],"picked":"Hemokinesis","floor":4},{"not_picked":["Iron Wave","Anger"],"picked":"Cleave","floor":5},{"not_picked":["Warcry","Armaments","Heavy Blade"],"picked":"SKIP","floor":6},{"not_picked":["Pommel Strike","Anger"],"picked":"Evolve","floor":8},{"not_picked":["Flex","Ghostly Armor"],"picked":"Combust","floor":8},{"not_picked":["Armaments","Seeing Red"],"picked":"Blood for Blood","floor":8},{"not_picked":["Demon Form","Dual Wield"],"picked":"Rupture","floor":8},{"not_picked":["Cleave","Body Slam","Perfected Strike"],"picked":"SKIP","floor":11},{"not_picked":["Shrug It Off","Dropkick"],"picked":"Burning Pact","floor":12},{"not_picked":["Havoc","Body Slam"],"picked":"Pummel","floor":14},{"not_picked":["Iron Wave","Thunderclap"],"picked":"Shrug It Off","floor":15},{"not_picked":["Fiend Fire","Juggernaut"],"picked":"Offering","floor":16},{"not_picked":["Cleave","Body Slam"],"picked":"Infernal Blade+1","floor":18},{"not_picked":["Body Slam","Headbutt","Clash"],"picked":"SKIP","floor":20},{"not_picked":["Headbutt","Warcry"],"picked":"Battle Trance","floor":21},{"not_picked":["Double Tap","Flex"],"picked":"Clothesline","floor":23},{"not_picked":["Twin Strike","Warcry"],"picked":"Shrug It Off","floor":24},{"not_picked":["Bloodletting","Clash","Clothesline+1"],"picked":"SKIP","floor":27},{"not_picked":["True Grit","Thunderclap"],"picked":"Inflame","floor":28},{"not_picked":["Intimidate","True Grit","Second Wind"],"picked":"SKIP","floor":30},{"not_picked":["Perfected Strike+1","Flame Barrier"],"picked":"Pummel","floor":31},{"not_picked":["Barricade","Immolate"],"picked":"Brutality","floor":33},{"not_picked":["Twin Strike","Clash"],"picked":"Shrug It Off","floor":35},{"not_picked":["Fire Breathing","Reckless Charge","Thunderclap"],"picked":"SKIP","floor":36},{"not_picked":["Blood for Blood","Second Wind+1"],"picked":"Pummel","floor":38},{"not_picked":["Havoc","Headbutt+1","Thunderclap+1"],"picked":"SKIP","floor":39},{"not_picked":["Hemokinesis","Thunderclap","Combust"],"picked":"SKIP","floor":40},{"not_picked":["Bloodletting+1","Ghostly Armor"],"picked":"Rupture","floor":41},{"not_picked":["Perfected Strike","Sentinel"],"picked":"Metallicize","floor":42},{"not_picked":["Headbutt+1","Anger"],"picked":"Shrug It Off","floor":44},{"not_picked":["Thunderclap","Battle Trance"],"picked":"Dual Wield+1","floor":45},{"not_picked":["Blood for Blood+1","Clothesline","Thunderclap"],"picked":"SKIP","floor":46},{"not_picked":["Carnage+1","Juggernaut","Rage"],"picked":"SKIP","floor":48}],"player_experience":4126437,"relics_obtained":[{"floor":6,"key":"Regal Pillow"},{"floor":9,"key":"Ancient Tea Set"},{"floor":12,"key":"HornCleat"},{"floor":26,"key":"Toy Ornithopter"},{"floor":27,"key":"Anchor"},{"floor":31,"key":"Mummified Hand"},{"floor":40,"key":"Juzu Bracelet"},{"floor":42,"key":"Turnip"},{"floor":45,"key":"Bird Faced Urn"}],"event_choices":[{"cards_removed":["Strike_R"],"damage_healed":0,"gold_gain":0,"player_choice":"Offered Basic","damage_taken":0,"max_hp_gain":0,"max_hp_loss":0,"event_name":"Bonfire Elementals","floor":2,"gold_loss":0},{"damage_healed":0,"gold_gain":0,"player_choice":"Searched \u00271\u0027 times","damage_taken":0,"relics_obtained":["Torii"],"max_hp_gain":0,"max_hp_loss":0,"event_name":"Dead Adventurer","floor":13,"gold_loss":0},{"damage_healed":0,"gold_gain":0,"player_choice":"Searched \u00271\u0027 times","damage_taken":0,"relics_obtained":["Torii"],"max_hp_gain":0,"max_hp_loss":0,"event_name":"Dead Adventurer","floor":13,"gold_loss":0},{"damage_healed":0,"gold_gain":0,"player_choice":"0 cards matched","damage_taken":0,"max_hp_gain":0,"max_hp_loss":0,"event_name":"Match and Keep!","floor":19,"gold_loss":0,"cards_obtained":[]},{"damage_healed":0,"gold_gain":0,"player_choice":"Rummage","damage_taken":0,"relics_obtained":["WarpedTongs"],"max_hp_gain":0,"max_hp_loss":0,"event_name":"Accursed Blacksmith","floor":29,"gold_loss":0,"cards_obtained":["Pain"]},{"damage_healed":0,"gold_gain":0,"player_choice":"Fight","damage_taken":0,"max_hp_gain":0,"max_hp_loss":0,"event_name":"Mysterious Sphere","floor":45,"gold_loss":0},{"damage_healed":0,"gold_gain":0,"player_choice":"Max HP","damage_taken":0,"max_hp_gain":0,"max_hp_loss":4,"event_name":"Winding Halls","floor":47,"gold_loss":0}],"is_beta":false,"boss_relics":[{"not_picked":["SacredBark","Runic Pyramid"],"picked":"Cursed Key"},{"not_picked":["Philosopher\u0027s Stone","Tiny House"],"picked":"Fusion Hammer"}],"items_purged_floors":[10,37],"is_endless":false,"potions_floor_spawned":[4,5,20,21,24,30,33,35,38,39,42],"killed_by":"Donu and Deca","ascension_level":20}}