{"host":"gkh5j5k5w4qf7k7n","time":1607693150,"event":{"mods":["2.2 Compatiblity","AchievementEnabler","BaseMod","Colored Map","Colored Powertips","GifTheSpireLib","Keyboard Shortcuts","Minty Spire (QoL Compilation)","Quick Restart","StSLib","SuperFastMode","The Construct","The Dragon Tamer","TheBandit","¡¼?Úª?ø«¡½REMEMod"],"gold_per_floor":[114,69,19,194,194,226,226,254,278,278,278,289,289,289],"floor_reached":13,"playtime":284,"items_purged":[],"score":149,"play_id":"ff950a52-7dcf-4719-8ea2-0bbd78455b65","local_time":"20201211222550","is_ascension_mode":true,"campfire_choices":[{"data":"construct:Autoturret","floor":7,"key":"SMITH"}],"circlet_count":0,"master_deck":["AscendersBane","construct:Strike_Gold","construct:Strike_Gold","construct:Strike_Gold","construct:Strike_Gold","construct:Defend_Gold","construct:Defend_Gold","construct:Defend_Gold","construct:Defend_Gold","construct:Defend_Gold","construct:AttackMode","construct:DefenseMode","construct:HyperBeam","Creative AI","construct:Autoturret+2","construct:Failsafe","construct:Construct_Overclock"],"relics":["construct:ClockworkPhoenix","construct:Challenge1","REME_ComplimentaryCards","PreservedInsect","Ancient Tea Set","Anchor"],"acts_visited":["Exordium"],"potions_floor_usage":[11,13],"damage_taken":[{"damage":0,"enemies":"Cultist","floor":1,"turns":2},{"damage":8,"enemies":"Gremlin Nob","floor":6,"turns":3},{"damage":30,"enemies":"3 Sentries","floor":8,"turns":6},{"damage":0,"enemies":"Lagavulin","floor":11,"turns":4},{"damage":2,"enemies":"2 Louse","floor":12,"turns":3},{"damage":18,"enemies":"Gremlin Nob","floor":13,"turns":2}],"seed_played":"5917598488474864398","potions_obtained":[{"floor":1,"key":"SmokeBomb"},{"floor":12,"key":"Regen Potion"}],"is_trial":false,"path_per_floor":["M","$","?","?","?","E","R","E","T","?","E","M","E"],"character_chosen":"THE_CONSTRUCT_MOD","items_purchased":["construct:Autoturret"],"campfire_rested":0,"item_purchase_floors":[2],"current_hp_per_floor":[56,56,56,56,49,41,41,11,11,11,11,9,0,0],"gold":289,"neow_bonus":"THREE_RARE_CARDS","is_daily":false,"chose_seed":false,"campfire_upgraded":1,"win_rate":0.0,"timestamp":1607693150,"path_taken":["M","$","?","?","?","E","R","E","T","?","E","M","E"],"items_purchased_type":["Card"],"build_version":"2020-11-30","purchased_purges":0,"victory":false,"max_hp_per_floor":[85,85,85,85,85,85,85,85,85,85,85,85,85,85],"card_choices":[{"not_picked":["construct:MemoryTap","construct:SpinDrive"],"picked":"construct:HyperBeam","floor":0},{"not_picked":["construct:Anticipate","construct:FocusedBeam","construct:Analyze"],"picked":"SKIP","floor":1},{"not_picked":["construct:FlammableFog","construct:FierceBash"],"picked":"construct:Failsafe","floor":6},{"not_picked":["construct:Reinforce","construct:Anticipate"],"picked":"construct:Construct_Overclock","floor":8},{"not_picked":["construct:Hazardproof","construct:Backfire","construct:ClusterMines"],"picked":"SKIP","floor":12}],"player_experience":923148,"relics_obtained":[{"floor":6,"key":"PreservedInsect"},{"floor":8,"key":"Ancient Tea Set"},{"floor":9,"key":"Anchor"}],"event_choices":[{"cards_removed":["construct:Strike_Gold"],"damage_healed":0,"gold_gain":0,"player_choice":"Card Removal","damage_taken":0,"max_hp_gain":0,"max_hp_loss":0,"event_name":"The Cleric","floor":3,"gold_loss":50},{"damage_healed":0,"gold_gain":175,"player_choice":"AGREE","damage_taken":0,"max_hp_gain":0,"max_hp_loss":0,"event_name":"Liars Game","floor":4,"gold_loss":0,"cards_obtained":["Doubt"]},{"cards_removed":["Doubt"],"damage_healed":0,"gold_gain":0,"player_choice":"Card Removal","damage_taken":7,"max_hp_gain":0,"max_hp_loss":0,"event_name":"Golden Wing","floor":5,"gold_loss":0},{"damage_healed":0,"gold_gain":0,"player_choice":"Forge","damage_taken":0,"max_hp_gain":0,"max_hp_loss":0,"event_name":"Accursed Blacksmith","floor":10,"gold_loss":0,"cards_upgraded":["construct:Autoturret"]}],"is_beta":false,"boss_relics":[],"items_purged_floors":[],"is_endless":false,"potions_floor_spawned":[1,11,12],"killed_by":"Gremlin Nob","ascension_level":10}}