{"host":"Ian","time":1607693347,"event":{"mods":["BaseMod","Bestiary","Block Reminder","Colored Map","Highlight Path","Key Reminder","Minty Spire (QoL Compilation)","Relic Stats"],"gold_per_floor":[115,126,91,91,110,110,144,144,169,204,41,75,75,141,141,217,217,229,149,149,161,161,190,204,204,204,204,204,231,242,274,274,346,346,358,373,373,385,402,402,402,430,430,463,480,491,522,22,22,22,22,22],"floor_reached":51,"playtime":3259,"items_purged":[],"score":1872,"play_id":"e94a4ae8-3917-4d54-adf7-6f65bd20f077","local_time":"20201211132907","is_ascension_mode":true,"campfire_choices":[{"data":"Perfected Strike","floor":6,"key":"SMITH"},{"data":"Pommel Strike","floor":8,"key":"SMITH"},{"floor":15,"key":"REST"},{"data":"Carnage","floor":25,"key":"SMITH"},{"data":"Corruption","floor":27,"key":"SMITH"},{"data":"Dark Embrace","floor":32,"key":"SMITH"},{"data":"Armaments","floor":40,"key":"SMITH"},{"floor":49,"key":"RECALL"}],"circlet_count":0,"master_deck":["AscendersBane","Defend_R","Defend_R+1","Defend_R","Defend_R","Bash","Perfected Strike+1","Thunderclap","Shrug It Off","Pommel Strike+1","Double Tap+1","Armaments+1","Corruption+1","Dark Embrace+1","Sentinel","Bite","Bite","Bite","Bite","Bite","Carnage+1","RitualDagger","Second Wind","Spot Weakness","Feed","Armaments+1","Entrench","Feel No Pain+1","Clumsy","Shrug It Off+1","Evolve+1","Sentinel+1","Sentinel","Sentinel"],"relics":["Burning Blood","Toy Ornithopter","Happy Flower","Nunchaku","PreservedInsect","Regal Pillow","Runic Pyramid","White Beast Statue","Frozen Egg 2","Pocketwatch","Bottled Lightning","Cursed Key","Peace Pipe","Gremlin Horn","Self Forming Clay","Orrery","Torii"],"acts_visited":["Exordium","TheCity","TheBeyond"],"potions_floor_usage":[7,23,24,29,30,31,31,33,33,42,42,50],"damage_taken":[{"damage":13,"enemies":"Cultist","floor":1,"turns":5},{"damage":7,"enemies":"Jaw Worm","floor":2,"turns":3},{"damage":7,"enemies":"Small Slimes","floor":5,"turns":3},{"damage":12,"enemies":"3 Sentries","floor":7,"turns":8},{"damage":27,"enemies":"Lagavulin","floor":10,"turns":7},{"damage":15,"enemies":"3 Sentries","floor":12,"turns":6},{"damage":0,"enemies":"Slime Boss","floor":16,"turns":6},{"damage":3,"enemies":"Spheric Guardian","floor":18,"turns":4},{"damage":15,"enemies":"3 Byrds","floor":21,"turns":4},{"damage":41,"enemies":"Slavers","floor":23,"turns":4},{"damage":42,"enemies":"Snake Plant","floor":24,"turns":6},{"damage":0,"enemies":"Gremlin Leader","floor":29,"turns":2},{"damage":18,"enemies":"Chosen and Byrds","floor":30,"turns":6},{"damage":20,"enemies":"Book of Stabbing","floor":31,"turns":3},{"damage":109,"enemies":"Champ","floor":33,"turns":14},{"damage":11,"enemies":"Orb Walker","floor":35,"turns":3},{"damage":21,"enemies":"3 Shapes","floor":36,"turns":6},{"damage":11,"enemies":"Spire Growth","floor":38,"turns":5},{"damage":30,"enemies":"3 Darklings","floor":39,"turns":5},{"damage":0,"enemies":"Giant Head","floor":42,"turns":5},{"damage":57,"enemies":"Reptomancer","floor":44,"turns":8},{"damage":29,"enemies":"Writhing Mass","floor":45,"turns":6},{"damage":3,"enemies":"Transient","floor":46,"turns":6},{"damage":0,"enemies":"Nemesis","floor":47,"turns":5},{"damage":143,"enemies":"Awakened One","floor":50,"turns":13},{"damage":93,"enemies":"Time Eater","floor":51,"turns":11}],"seed_played":"7666512381119820203","potions_obtained":[{"floor":2,"key":"DuplicationPotion"},{"floor":16,"key":"ElixirPotion"},{"floor":18,"key":"CultistPotion"},{"floor":21,"key":"PowerPotion"},{"floor":23,"key":"Explosive Potion"},{"floor":24,"key":"AttackPotion"},{"floor":29,"key":"EntropicBrew"},{"floor":30,"key":"Weak Potion"},{"floor":31,"key":"Block Potion"},{"floor":33,"key":"SkillPotion"},{"floor":35,"key":"SmokeBomb"},{"floor":38,"key":"FearPotion"},{"floor":42,"key":"Ancient Potion"},{"floor":44,"key":"LiquidMemories"},{"floor":45,"key":"EssenceOfSteel"},{"floor":47,"key":"FairyPotion"}],"is_trial":false,"path_per_floor":["M","M","?","?","M","R","E","R","T","E","$","E","?","?","R","B",null,"M","$","?","M","?","E","M","R","T","R","?","E","M","E","R","B",null,"M","M","?","M","M","R","?","E","T","E","M","M","E","$","R","B","B"],"character_chosen":"IRONCLAD","items_purchased":["PreservedInsect","Dark Embrace","Orrery","Torii"],"campfire_rested":1,"item_purchase_floors":[11,19,48,48],"current_hp_per_floor":[68,67,82,56,55,55,54,54,54,35,35,28,3,3,42,50,74,79,79,79,72,72,52,47,47,47,47,41,56,67,71,71,21,67,62,60,60,76,68,68,68,89,89,70,65,89,89,89,89,23,0,0],"gold":22,"neow_bonus":"TEN_PERCENT_HP_BONUS","is_daily":false,"chose_seed":false,"campfire_upgraded":6,"win_rate":0.0,"timestamp":1607693347,"path_taken":["M","M","?","?","M","R","E","R","T","E","$","E","?","?","R","BOSS","M","$","?","M","?","E","M","R","T","R","?","E","M","E","R","BOSS","M","M","?","M","M","R","?","E","T","E","M","M","E","$","R","BOSS","BOSS"],"items_purchased_type":["Relic","Card","Relic","Relic"],"build_version":"2020-12-07","purchased_purges":0,"victory":false,"max_hp_per_floor":[82,82,82,82,82,82,82,82,82,82,82,82,82,82,82,82,82,82,82,82,82,82,82,82,82,82,82,82,82,82,82,82,82,82,82,86,86,90,94,94,89,89,89,89,89,89,89,89,89,92,92,92],"relic_stats":{"Regal Pillow":15,"Happy Flower":[45],"Gremlin Horn":[3,3],"Torii":7,"counters":[26,154],"Self Forming Clay":[54],"PreservedInsect":402,"Cursed Key":1,"Burning Blood":132,"Peace Pipe":0,"Nunchaku":[33],"obtain_stats":[{"Regal Pillow":12,"Happy Flower":9,"Gremlin Horn":44,"Torii":48,"Self Forming Clay":47,"PreservedInsect":11,"Frozen Egg 2":26,"Cursed Key":34,"Burning Blood":0,"White Beast Statue":23,"Blood Vial":7,"Peace Pipe":42,"keyreminder:keyreminder":42,"Nunchaku":10,"Orrery":48,"Bottled Lightning":31,"Toy Ornithopter":4,"Runic Pyramid":17,"Pocketwatch":29},{"Regal Pillow":6,"Happy Flower":4,"Gremlin Horn":21,"Torii":24,"Self Forming Clay":24,"PreservedInsect":5,"Frozen Egg 2":11,"Cursed Key":15,"Burning Blood":0,"White Beast Statue":10,"Blood Vial":4,"Peace Pipe":20,"keyreminder:keyreminder":20,"Nunchaku":5,"Orrery":24,"Bottled Lightning":14,"Toy Ornithopter":2,"Runic Pyramid":7,"Pocketwatch":12},{"Regal Pillow":32,"Happy Flower":19,"Gremlin Horn":113,"Torii":130,"Self Forming Clay":130,"PreservedInsect":26,"Frozen Egg 2":56,"Cursed Key":81,"Burning Blood":0,"White Beast Statue":50,"Blood Vial":19,"Peace Pipe":105,"keyreminder:keyreminder":105,"Nunchaku":26,"Orrery":130,"Bottled Lightning":67,"Toy Ornithopter":8,"Runic Pyramid":38,"Pocketwatch":58}],"Toy Ornithopter":55,"Pocketwatch":[25]},"card_choices":[{"not_picked":["Body Slam","Intimidate"],"picked":"Perfected Strike","floor":1},{"not_picked":["Havoc","Heavy Blade"],"picked":"Thunderclap","floor":2},{"not_picked":["Bloodletting","Iron Wave"],"picked":"Shrug It Off","floor":5},{"not_picked":["Second Wind","Spot Weakness"],"picked":"Pommel Strike","floor":7},{"not_picked":["Warcry","Thunderclap"],"picked":"Double Tap","floor":10},{"not_picked":["Whirlwind","Anger"],"picked":"Armaments","floor":12},{"not_picked":["Fiend Fire","Impervious"],"picked":"Corruption","floor":16},{"not_picked":["Dual Wield+1","Wild Strike","Uppercut"],"picked":"SKIP","floor":18},{"not_picked":["Reckless Charge","Body Slam"],"picked":"Sentinel","floor":21},{"not_picked":["Warcry","Cleave","Metallicize"],"picked":"SKIP","floor":23},{"not_picked":["Cleave","Fire Breathing"],"picked":"Carnage","floor":24},{"not_picked":["Sever Soul","Dropkick"],"picked":"Second Wind","floor":29},{"not_picked":["Carnage","Iron Wave","Perfected Strike"],"picked":"SKIP","floor":30},{"not_picked":["Power Through","Rupture+1"],"picked":"Spot Weakness","floor":31},{"not_picked":["Double Tap","Berserk+1"],"picked":"Feed","floor":33},{"not_picked":["Perfected Strike","Warcry"],"picked":"Armaments+1","floor":35},{"not_picked":["Blood for Blood","Thunderclap"],"picked":"Entrench","floor":36},{"not_picked":["Clash","Thunderclap+1"],"picked":"Feel No Pain+1","floor":38},{"not_picked":["Heavy Blade","Sword Boomerang","Warcry"],"picked":"SKIP","floor":39},{"not_picked":["Blood for Blood","Anger+1","Exhume"],"picked":"SKIP","floor":42},{"not_picked":["Searing Blow+1","Bludgeon","Iron Wave+1"],"picked":"SKIP","floor":44},{"not_picked":["Shockwave","Anger"],"picked":"Shrug It Off+1","floor":45},{"not_picked":["Evolve+1","Havoc","Wild Strike"],"picked":"SKIP","floor":46},{"not_picked":["Havoc","Wild Strike"],"picked":"Evolve+1","floor":46},{"not_picked":["Hemokinesis","Heavy Blade"],"picked":"Sentinel+1","floor":47},{"not_picked":["Rupture+1","Flex+1"],"picked":"Sentinel","floor":48},{"not_picked":["Flex","Burning Pact"],"picked":"Sentinel","floor":48}],"player_experience":2492251,"relics_obtained":[{"floor":7,"key":"Blood Vial"},{"floor":9,"key":"Happy Flower"},{"floor":10,"key":"Nunchaku"},{"floor":12,"key":"Regal Pillow"},{"floor":23,"key":"White Beast Statue"},{"floor":26,"key":"Frozen Egg 2"},{"floor":29,"key":"Pocketwatch"},{"floor":31,"key":"Bottled Lightning"},{"floor":42,"key":"Peace Pipe"},{"floor":44,"key":"Gremlin Horn"},{"floor":47,"key":"Self Forming Clay"}],"event_choices":[{"damage_healed":20,"gold_gain":0,"player_choice":"Healed","damage_taken":0,"max_hp_gain":0,"max_hp_loss":0,"event_name":"The Cleric","floor":3,"gold_loss":35},{"damage_healed":0,"gold_gain":0,"player_choice":"Success","damage_taken":26,"relics_obtained":["Toy Ornithopter"],"max_hp_gain":0,"max_hp_loss":0,"event_name":"Scrap Ooze","floor":4,"gold_loss":0},{"damage_healed":0,"gold_gain":0,"player_choice":"Entered Light","damage_taken":25,"max_hp_gain":0,"max_hp_loss":0,"event_name":"Shining Light","floor":13,"gold_loss":0,"cards_upgraded":["Double Tap","Defend_R"]},{"damage_healed":0,"gold_gain":66,"player_choice":"Gained Gold","damage_taken":0,"max_hp_gain":0,"max_hp_loss":0,"event_name":"Golden Wing","floor":14,"gold_loss":0},{"damage_healed":0,"gold_gain":0,"player_choice":"Ignored","damage_taken":0,"max_hp_gain":0,"max_hp_loss":0,"event_name":"The Mausoleum","floor":20,"gold_loss":0},{"damage_healed":0,"gold_gain":0,"player_choice":"Became a vampire (Vial)","damage_taken":0,"max_hp_gain":0,"max_hp_loss":0,"event_name":"Vampires","floor":22,"relics_lost":["Blood Vial"],"gold_loss":0,"cards_obtained":["Bite","Bite","Bite","Bite","Bite"]},{"damage_healed":0,"gold_gain":0,"player_choice":"Joined the Cult","damage_taken":6,"max_hp_gain":0,"max_hp_loss":0,"event_name":"Nest","floor":28,"gold_loss":0,"cards_obtained":["RitualDagger"]},{"damage_healed":0,"gold_gain":0,"player_choice":"Memory 1","damage_taken":0,"max_hp_gain":0,"max_hp_loss":0,"event_name":"SensoryStone","floor":37,"gold_loss":0},{"damage_healed":0,"gold_gain":0,"player_choice":"Max HP","damage_taken":0,"max_hp_gain":0,"max_hp_loss":5,"event_name":"Winding Halls","floor":41,"gold_loss":0}],"is_beta":true,"boss_relics":[{"not_picked":["Calling Bell","Ectoplasm"],"picked":"Runic Pyramid"},{"not_picked":["Runic Dome","Empty Cage"],"picked":"Cursed Key"}],"items_purged_floors":[],"is_endless":false,"potions_floor_spawned":[2,16,18,21,23,24,29,30,31,33,35,36,38,39,42,44,45,46,47],"killed_by":"Time Eater","ascension_level":20}}