{"host":"qv6i1hqtwdecmcbw","time":1607695373,"event":{"mods":["AchievementEnabler","BaseMod","Colored Map","Conspire","Downfall","GifTheSpireLib","Googly Eyes","Halation","Minty Spire (QoL Compilation)","Replay The Spire","Shop Mod","Spicy Shops","StSLib","The IronCluck"],"gold_per_floor":[116,126,126,138,150,181,181,24,103,114,114,131,150,150,150,253,253,242,87,122,124,124],"floor_reached":21,"playtime":2627,"items_purged":[],"score":183,"play_id":"bd771434-db66-4739-8c37-d67febc487f9","local_time":"20201211140253","is_ascension_mode":false,"campfire_choices":[{"floor":7,"key":"REST"},{"floor":15,"key":"DIG"}],"circlet_count":0,"master_deck":["Strike_G","Strike_G","Strike_G","Strike_G","Strike_G","Defend_G","Defend_G","Defend_G","Defend_G","Defend_G","Survivor","Neutralize","Cloak And Dagger","Noxious Fumes+1","Choke+1","Poisoned Stab","Outmaneuver","Backflip","Slice+1","Dodge and Roll","Dagger Spray","Bane","Envenom","Slice","Deflect+1"],"relics":["Ring of the Snake","NeowsBlessing","halation:PinkSoulGem","Prayer Wheel","Guide Book","Chameleon Ring","halation:IllGainedPizza","HoveringKite","Anchor"],"acts_visited":["Exordium","TheCity"],"potions_floor_usage":[16,21],"damage_taken":[{"damage":2,"enemies":"conspire:RoseBush","floor":1,"turns":1},{"damage":0,"enemies":"Small Slimes","floor":2,"turns":1},{"damage":0,"enemies":"2 Louse","floor":4,"turns":1},{"damage":2,"enemies":"conspire:2 RoseBushes","floor":5,"turns":6},{"damage":31,"enemies":"Lagavulin","floor":6,"turns":7},{"damage":3,"enemies":"Red Slaver","floor":10,"turns":4},{"damage":0,"enemies":"3 Louse","floor":12,"turns":3},{"damage":0,"enemies":"Large Slime","floor":13,"turns":5},{"damage":19,"enemies":"Slime Boss","floor":16,"turns":9},{"damage":30,"enemies":"2 Thieves","floor":18,"turns":4},{"damage":35,"enemies":"conspire:FuzzyDice","floor":20,"turns":6},{"damage":9,"enemies":"Snecko","floor":21,"turns":3}],"seed_played":"8632198230140094511","potions_obtained":[{"floor":6,"key":"Doom Potion"},{"floor":10,"key":"ColorlessPotion"},{"floor":12,"key":"Adrenaline Potion"},{"floor":16,"key":"SpeedPotion"}],"is_trial":false,"path_per_floor":["M","M","?","M","M","E","R","$","T","M","?","M","M","?","R_BF","B",null,"M","$","M","M"],"character_chosen":"THE_SILENT","items_purchased":["Guide Book","Anchor"],"campfire_rested":1,"item_purchase_floors":[8,19],"current_hp_per_floor":[68,68,68,68,66,35,56,56,56,53,53,53,53,53,53,34,70,40,40,5,0,0],"gold":124,"neow_bonus":"THREE_ENEMY_KILL","is_daily":false,"chose_seed":false,"campfire_upgraded":0,"win_rate":0.0,"timestamp":1607695373,"path_taken":["M","M","?","M","M","E","R","$","T","M","?","M","M","?","R_BF","BOSS","M","$","M","M"],"items_purchased_type":["Relic","Relic"],"build_version":"2020-11-30","purchased_purges":0,"victory":false,"max_hp_per_floor":[70,70,70,70,70,70,70,70,70,70,70,70,70,70,70,70,70,70,70,70,70,70],"card_choices":[{"not_picked":["Backflip","Blade Dance"],"picked":"Cloak And Dagger","floor":1},{"not_picked":["Deflect","Cloak And Dagger"],"picked":"Noxious Fumes","floor":2},{"not_picked":["Finisher","Outmaneuver"],"picked":"Choke","floor":4},{"not_picked":["Dagger Throw","Crippling Poison"],"picked":"Poisoned Stab","floor":5},{"not_picked":["Endless Agony","Wraith Form v2"],"picked":"Outmaneuver","floor":6},{"not_picked":["Slice","Endless Agony"],"picked":"Backflip","floor":10},{"not_picked":["Poisoned Stab","Outmaneuver"],"picked":"Slice","floor":10},{"not_picked":["Bane","Slice"],"picked":"Dodge and Roll","floor":12},{"not_picked":["ReplayTheSpireMod:The Works","Dodge and Roll"],"picked":"Dagger Spray","floor":12},{"not_picked":["Footwork","Dodge and Roll"],"picked":"Bane","floor":13},{"not_picked":["Adrenaline","Backflip","Prepared"],"picked":"SKIP","floor":13},{"not_picked":["Replay:Bag of Tricks","Unload"],"picked":"Envenom","floor":16},{"not_picked":["Blade Dance","ReplayTheSpireMod:Exploit Weakness"],"picked":"Slice","floor":18},{"not_picked":["Quick Slash","Underhanded Strike+1","Envenom"],"picked":"SKIP","floor":18},{"not_picked":["Acrobatics","Dagger Spray"],"picked":"Deflect+1","floor":20},{"not_picked":["Dodge and Roll","Deadly Poison+1","Dagger Spray"],"picked":"SKIP","floor":20}],"player_experience":54423,"relics_obtained":[{"floor":6,"key":"Prayer Wheel"},{"floor":9,"key":"Chameleon Ring"},{"floor":15,"key":"halation:IllGainedPizza"}],"event_choices":[],"is_beta":false,"boss_relics":[{"not_picked":["halation:Risk","Runic Pyramid"],"picked":"HoveringKite"}],"items_purged_floors":[],"is_endless":false,"potions_floor_spawned":[6,10,12,13,16],"killed_by":"Snecko","ascension_level":0}}