{"host":"v4nyfngrgywi7zc6","time":1607730367,"event":{"mods":["2.2 Compatiblity","BaseMod","Custom Start","Downfall","Minty Spire (QoL Compilation)","Shop Mod","StSLib"],"gold_per_floor":[0,0,16,16,31,206,206,222,222,222,232,232,244,103,115,115,115],"floor_reached":16,"playtime":1371,"items_purged":["Slimebound:Tackle"],"score":92,"play_id":"bc65fb82-0f2f-4dbc-9fd1-e01da4168f46","local_time":"20201211174607","is_ascension_mode":false,"campfire_choices":[{"data":"Slimebound:CheckThePlaybook","floor":1,"key":"SMITH"},{"data":"Slimebound:Split","floor":4,"key":"SMITH"},{"floor":10,"key":"DIG"}],"circlet_count":0,"master_deck":["Slimebound:Strike_Slimebound","Slimebound:Strike_Slimebound","Slimebound:Strike_Slimebound","Slimebound:Defend_Slimebound","Slimebound:Defend_Slimebound","Slimebound:Defend_Slimebound","Slimebound:Defend_Slimebound","Slimebound:Split+1","Slimebound:CorrosiveSpit","Slimebound:CheckThePlaybook+1","Slimebound:LeechEnergy","Slimebound:Nibble","Doubt","Slimebound:Dissolve","Slimebound:SplitAcid","Slimebound:SlimeBarrage","Slimebound:LevelUp","Slimebound:LevelUp"],"relics":["Slimebound:AbsorbEndCombat","Smiling Mask","Shovel","downfall:BrokenWingStatue","Mummified Hand","Slimebound:GreedOozeRelic"],"acts_visited":["Exordium"],"potions_floor_usage":[],"damage_taken":[{"damage":16,"enemies":"Cultist","floor":3,"turns":4},{"damage":16,"enemies":"Jaw Worm","floor":5,"turns":1},{"damage":1,"enemies":"2 Louse","floor":8,"turns":1},{"damage":9,"enemies":"2 Fungi Beasts","floor":11,"turns":1},{"damage":12,"enemies":"Red Slaver","floor":13,"turns":2},{"damage":13,"enemies":"downfall:FleeingMerchant","floor":14,"turns":4},{"damage":24,"enemies":"Exordium Thugs","floor":15,"turns":3},{"damage":60,"enemies":"downfall:CharBossDefect","floor":16,"turns":5}],"seed_played":"5949848117754056434","potions_obtained":[{"floor":3,"key":"SmokeBomb"},{"floor":11,"key":"Dexterity Potion"}],"is_trial":false,"path_per_floor":["R","?","M","R","M","?","T","M","?","R","M","?","M","$","M","B"],"character_chosen":"SLIMEBOUND","items_purchased":["Slimebound:LevelUp"],"campfire_rested":0,"item_purchase_floors":[14],"current_hp_per_floor":[60,53,49,49,41,41,41,40,40,40,37,37,41,46,40,0,0],"gold":115,"neow_bonus":"THREE_RARE_CARDS","is_daily":false,"chose_seed":false,"campfire_upgraded":2,"win_rate":0.0,"timestamp":1607730367,"path_taken":["R","?","M","R","M","?","T","M","?","R","M","?","M","$","M","BOSS"],"items_purchased_type":["Card"],"build_version":"2020-11-30","purchased_purges":1,"victory":false,"max_hp_per_floor":[60,60,60,60,60,60,60,60,60,60,60,60,60,60,60,60,60],"card_choices":[{"not_picked":["Slimebound:DuplicatedForm","Slimebound:DouseInSlime"],"picked":"Slimebound:CheckThePlaybook","floor":0},{"not_picked":["Slimebound:MegaLick","Slimebound:BestDefense"],"picked":"Slimebound:LeechEnergy","floor":3},{"not_picked":["Slimebound:LeechEnergy","Slimebound:Schlurp"],"picked":"Slimebound:Nibble","floor":5},{"not_picked":["Slimebound:FlameTackle","Slimebound:SlimeSpikes"],"picked":"Slimebound:Dissolve","floor":8},{"not_picked":["Slimebound:LeechingTouch","Slimebound:SlimeSpikes"],"picked":"Slimebound:SplitAcid","floor":11},{"not_picked":["Slimebound:LeechingTouch","Slimebound:DisruptingSlam"],"picked":"Slimebound:SlimeBarrage","floor":13},{"not_picked":["Slimebound:ComboTackle","Slimebound:SplitLeeching"],"picked":"Slimebound:LevelUp","floor":15}],"player_experience":217752,"relics_obtained":[{"floor":7,"key":"Shovel"},{"floor":10,"key":"Mummified Hand"}],"event_choices":[{"damage_healed":0,"gold_gain":0,"player_choice":"Success","damage_taken":7,"relics_obtained":["Smiling Mask"],"max_hp_gain":0,"max_hp_loss":0,"event_name":"Scrap Ooze","floor":2,"gold_loss":0}],"is_beta":false,"boss_relics":[],"items_purged_floors":[14],"is_endless":false,"potions_floor_spawned":[3,11],"killed_by":"downfall:CharBossDefect","ascension_level":0}}