{"host":"y76clbnovzmw9ubx","time":1607646975,"event":{"mods":["AchievementEnabler","BaseMod","Minty Spire (QoL Compilation)","Permanent Neow","Relic Stats"],"gold_per_floor":[367,377,377,6,19,50,62,62,62,81,110,125,152,168,168,243,243,253,99,99,99,99,128,128,103,103,103,103],"floor_reached":27,"playtime":2691,"items_purged":["Strike_B"],"score":606,"play_id":"c7ea508d-f44f-477b-ba1a-ff540f377cd5","local_time":"20201210193615","is_ascension_mode":true,"campfire_choices":[{"data":"Defragment","floor":8.0,"key":"SMITH"},{"data":"Defragment","floor":15,"key":"SMITH"},{"data":"Defragment","floor":24,"key":"SMITH"}],"circlet_count":0,"master_deck":["AscendersBane","Strike_B+1","Strike_B+1","Strike_B+1","Defend_B+1","Defend_B+1","Defend_B+1","Defend_B+1","Zap","Dualcast+1","Glacier","Defragment+1","Fusion+1","Recycle+1","Ball Lightning","Coolheaded+1","Defragment+1","Undo+1","Echo Form","Amplify+1","Defragment+1","Hologram+1","Decay"],"relics":["Cracked Core","Toxic Egg 2","Bag of Preparation","War Paint","Pantograph","Dead Branch","Sozu","Pocketwatch"],"acts_visited":["Exordium","TheCity"],"potions_floor_usage":[23,27],"damage_taken":[{"damage":14.0,"enemies":"Jaw Worm","floor":1.0,"turns":4.0},{"damage":0.0,"enemies":"Cultist","floor":2.0,"turns":3.0},{"damage":0.0,"enemies":"2 Louse","floor":5.0,"turns":2.0},{"damage":0.0,"enemies":"Lagavulin","floor":6.0,"turns":8.0},{"damage":0.0,"enemies":"Blue Slaver","floor":7.0,"turns":6.0},{"damage":0.0,"enemies":"2 Fungi Beasts","floor":10.0,"turns":3.0},{"damage":14.0,"enemies":"3 Sentries","floor":11.0,"turns":8.0},{"damage":1.0,"enemies":"Looter","floor":12.0,"turns":4.0},{"damage":0.0,"enemies":"Lagavulin","floor":13.0,"turns":8.0},{"damage":3.0,"enemies":"Blue Slaver","floor":14.0,"turns":4.0},{"damage":3,"enemies":"Slime Boss","floor":16,"turns":11},{"damage":12,"enemies":"Chosen","floor":18,"turns":6},{"damage":7,"enemies":"Book of Stabbing","floor":23,"turns":7},{"damage":4,"enemies":"2 Thieves","floor":25,"turns":5},{"damage":50,"enemies":"Gremlin Leader","floor":27,"turns":4}],"seed_played":"-3318490705865566992","potions_obtained":[{"floor":1.0,"key":"PowerPotion"},{"floor":6.0,"key":"SneckoOil"},{"floor":11.0,"key":"EssenceOfSteel"},{"floor":13.0,"key":"SkillPotion"}],"is_trial":false,"path_per_floor":["M","M","?","$","M","E","M","R","T","M","E","M","E","M","R","B",null,"M","$","?","?","?","E","R","M","T","E"],"character_chosen":"DEFECT","items_purchased":["Defragment","Toxic Egg 2","Defragment"],"campfire_rested":0,"item_purchase_floors":[4,4,19],"current_hp_per_floor":[50,50,50,50,50,50,50,50,50,50,36,35,35,32,32,54,62,50,50,50,50,50,43,43,39,39,0,0],"gold":103,"neow_bonus":"TWO_FIFTY_GOLD","is_daily":false,"chose_seed":false,"campfire_upgraded":3,"win_rate":0.0,"timestamp":1607646975,"path_taken":["M","M","?","$","M","E","M","R","T","?","E","M","E","M","R","BOSS","M","$","?","?","?","E","R","M","T","E"],"items_purchased_type":["Card","Relic","Card"],"build_version":"2020-11-30","purchased_purges":1,"victory":false,"max_hp_per_floor":[64,64,64,64,64,64,64,64,64,64,64,64,64,64,64,64,64,64,64,64,64,64,64,64,64,64,64,64],"relic_stats":{"Sozu":1,"counters":[15,83],"Pantograph":25,"Dead Branch":[42],"Bag of Preparation":[22],"War Paint":["Defend_B","Dualcast"],"obtain_stats":[{"Sozu":17,"Pantograph":11,"Dead Branch":13,"Bag of Preparation":6,"Toxic Egg 2":4,"War Paint":9,"Cracked Core":0,"Pocketwatch":23},{"Sozu":11,"Pantograph":7,"Dead Branch":9,"Bag of Preparation":4,"Toxic Egg 2":2,"War Paint":5,"Cracked Core":0,"Pocketwatch":13},{"Sozu":61,"Pantograph":34,"Dead Branch":46,"Bag of Preparation":17,"Toxic Egg 2":7,"War Paint":23,"Cracked Core":0,"Pocketwatch":74}],"Pocketwatch":[3]},"card_choices":[{"not_picked":["Turbo","Hello World"],"picked":"Glacier","floor":1.0},{"not_picked":["Hello World","Stack","Steam Power"],"picked":"SKIP","floor":2.0},{"not_picked":["Rebound","Rip and Tear"],"picked":"Fusion+1","floor":5.0},{"not_picked":["Conserve Battery+1","Cold Snap"],"picked":"Recycle+1","floor":6.0},{"not_picked":["Steam Power+1","Heatsinks"],"picked":"Ball Lightning","floor":7.0},{"not_picked":["Doom and Gloom","Redo+1"],"picked":"Coolheaded+1","floor":10.0},{"not_picked":["Go for the Eyes","Cold Snap"],"picked":"Defragment","floor":11.0},{"not_picked":["Stack+1","Blizzard"],"picked":"Undo+1","floor":12.0},{"not_picked":["Doom and Gloom","BootSequence+1"],"picked":"Echo Form","floor":13.0},{"not_picked":["Sweeping Beam","Leap+1","Static Discharge"],"picked":"SKIP","floor":14.0},{"not_picked":["Thunder Strike","Biased Cognition"],"picked":"Amplify+1","floor":16},{"not_picked":["Beam Cell+1","Streamline","Self Repair"],"picked":"SKIP","floor":18},{"not_picked":["Sweeping Beam","Chaos+1","Leap+1"],"picked":"SKIP","floor":23},{"not_picked":["Rebound","Scrape","Leap+1"],"picked":"SKIP","floor":25}],"player_experience":2800582,"relics_obtained":[{"floor":6.0,"key":"Bag of Preparation"},{"floor":9.0,"key":"War Paint"},{"floor":11.0,"key":"Pantograph"},{"floor":13.0,"key":"Dead Branch"},{"floor":23,"key":"Pocketwatch"}],"event_choices":[{"damage_healed":0.0,"max_hp_gain":0.0,"max_hp_loss":0.0,"gold_gain":0.0,"event_name":"FaceTrader","player_choice":"Leave","floor":3.0,"gold_loss":0.0,"damage_taken":0.0},{"damage_healed":0,"gold_gain":0,"player_choice":"Simplicity","damage_taken":0,"max_hp_gain":0,"max_hp_loss":0,"event_name":"Back to Basics","floor":20,"gold_loss":0,"cards_upgraded":["Strike_B","Strike_B","Strike_B","Defend_B","Defend_B","Defend_B"]},{"damage_healed":0,"gold_gain":0,"player_choice":"Read","damage_taken":0,"max_hp_gain":0,"max_hp_loss":0,"event_name":"The Library","floor":21,"gold_loss":0,"cards_obtained":["Hologram"]},{"damage_healed":0,"gold_gain":0,"player_choice":"Smashed Altar","damage_taken":0,"max_hp_gain":0,"max_hp_loss":0,"event_name":"Forgotten Altar","floor":22,"gold_loss":0,"cards_obtained":["Decay"]}],"is_beta":false,"boss_relics":[{"not_picked":["FrozenCore","SlaversCollar"],"picked":"Sozu"}],"items_purged_floors":[19],"is_endless":false,"potions_floor_spawned":[1,6,11,13,14,23],"killed_by":"Gremlin Leader","ascension_level":20}}