{"host":"sum4dy402bbv9y4o","time":1607721631,"event":{"mods":["Aspiration","BaseMod","Conspire","Highlight Path","Minty Spire (QoL Compilation)","StSLib"],"gold_per_floor":[10,10,28,47,62,62,92,92,92,92,17,43,62,92,92,164,164,179,197,197,209,35,35,69,81,81,81,81],"floor_reached":27,"playtime":922,"items_purged":["Strike_P","Strike_P"],"score":556,"play_id":"4331805b-ede9-4cdb-8540-0a5fb05568df","local_time":"20201212002031","is_ascension_mode":true,"campfire_choices":[{"data":"Eruption","floor":6,"key":"SMITH"},{"data":"FlurryOfBlows","floor":8,"key":"SMITH"},{"data":"FlurryOfBlows","floor":10,"key":"SMITH"},{"data":"BattleHymn","floor":15,"key":"SMITH"},{"data":"Brilliance","floor":23,"key":"SMITH"}],"circlet_count":0,"master_deck":["AscendersBane","Strike_P","Strike_P","Defend_P","Defend_P","Defend_P","Defend_P","Eruption+1","Vigilance","Brilliance","Consecrate","FearNoEvil","FlurryOfBlows+1","Tantrum","FlurryOfBlows+1","InnerPeace","Protect","BattleHymn+1","Brilliance+1","FollowUp","Consecrate","Prostrate+1","MentalFortress","FearNoEvil"],"relics":["PureWater","conspire:GlowingRock","aspiration:HummingbirdHeart","Regal Pillow","CloakClasp","Black Star","Oddly Smooth Stone","Shuriken","Meat on the Bone"],"acts_visited":["Exordium","TheCity"],"potions_floor_usage":[5,7,12,21,25,27],"damage_taken":[{"damage":1,"enemies":"2 Louse","floor":1,"turns":3},{"damage":2,"enemies":"Cultist","floor":3,"turns":3},{"damage":4,"enemies":"Small Slimes","floor":4,"turns":3},{"damage":1,"enemies":"2 Fungi Beasts","floor":5,"turns":2},{"damage":0,"enemies":"Lagavulin","floor":7,"turns":4},{"damage":2,"enemies":"3 Sentries","floor":12,"turns":2},{"damage":0,"enemies":"Lots of Slimes","floor":13,"turns":2},{"damage":8,"enemies":"Gremlin Nob","floor":14,"turns":3},{"damage":6,"enemies":"Hexaghost","floor":16,"turns":4},{"damage":1,"enemies":"3 Byrds","floor":18,"turns":4},{"damage":9,"enemies":"Chosen","floor":19,"turns":4},{"damage":3,"enemies":"Snake Plant","floor":21,"turns":4},{"damage":41,"enemies":"Slavers","floor":24,"turns":5},{"damage":0,"enemies":"Snecko","floor":25,"turns":6},{"damage":11,"enemies":"3 Cultists","floor":27,"turns":3}],"seed_played":"-3356196071183071958","potions_obtained":[{"floor":1,"key":"Block Potion"},{"floor":2,"key":"FearPotion"},{"floor":5,"key":"Explosive Potion"},{"floor":12,"key":"Dexterity Potion"},{"floor":19,"key":"PowerPotion"},{"floor":25,"key":"FearPotion"}],"is_trial":false,"path_per_floor":["M","?","M","M","M","R","E","R","T","R","$","E","M","E","R","B",null,"M","M","?","M","$","R","E","M","T","M"],"character_chosen":"WATCHER","items_purchased":["MentalFortress"],"campfire_rested":0,"item_purchase_floors":[22],"current_hp_per_floor":[60,60,58,54,53,53,53,53,53,53,53,51,51,43,43,37,60,59,50,50,47,47,47,6,6,6,0,0],"gold":81,"neow_bonus":"THREE_RARE_CARDS","is_daily":false,"chose_seed":false,"campfire_upgraded":5,"win_rate":0.0,"timestamp":1607721631,"path_taken":["M","?","M","M","M","R","E","R","T","R","$","E","?","E","R","BOSS","M","M","?","M","$","R","E","M","T","M"],"items_purchased_type":["Card"],"build_version":"2020-11-30","purchased_purges":2,"victory":false,"max_hp_per_floor":[68,68,68,68,68,68,68,68,68,68,68,68,68,68,68,68,68,68,68,68,68,68,68,68,68,68,68,68],"card_choices":[{"not_picked":["DevaForm","Scrawl"],"picked":"Brilliance","floor":0},{"not_picked":["ThirdEye","Meditate"],"picked":"Consecrate","floor":1},{"not_picked":["Indignation","DeceiveReality"],"picked":"FearNoEvil","floor":3},{"not_picked":["Evaluate","ClearTheMind"],"picked":"FlurryOfBlows","floor":4},{"not_picked":["ReachHeaven","Adaptation"],"picked":"Tantrum","floor":5},{"not_picked":["WreathOfFlame","CutThroughFate"],"picked":"FlurryOfBlows","floor":7},{"not_picked":["WaveOfTheHand","Fasting2"],"picked":"InnerPeace","floor":12},{"not_picked":["Wireheading","Pray"],"picked":"Protect","floor":13},{"not_picked":["MasterReality","Evaluate"],"picked":"BattleHymn","floor":14},{"not_picked":["Scrawl","Ragnarok"],"picked":"Brilliance","floor":16},{"not_picked":["ClearTheMind","ThirdEye"],"picked":"FollowUp","floor":18},{"not_picked":["Swivel","Halt"],"picked":"Consecrate","floor":19},{"not_picked":["ClearTheMind","Crescendo"],"picked":"Prostrate+1","floor":21},{"not_picked":["CrushJoints","WreathOfFlame","Crescendo"],"picked":"SKIP","floor":24},{"not_picked":["EmptyMind","JustLucky"],"picked":"FearNoEvil","floor":25}],"player_experience":2774933,"relics_obtained":[{"floor":7,"key":"conspire:GlowingRock"},{"floor":9,"key":"aspiration:HummingbirdHeart"},{"floor":12,"key":"Regal Pillow"},{"floor":14,"key":"CloakClasp"},{"floor":24,"key":"Oddly Smooth Stone"},{"floor":24,"key":"Shuriken"},{"floor":26,"key":"Meat on the Bone"}],"event_choices":[{"damage_healed":0,"gold_gain":0,"player_choice":"Got Potions","damage_taken":0,"max_hp_gain":0,"max_hp_loss":0,"event_name":"Lab","floor":2,"gold_loss":0},{"damage_healed":0,"gold_gain":0,"player_choice":"Ignored","damage_taken":0,"max_hp_gain":0,"max_hp_loss":0,"event_name":"Vampires","floor":20,"gold_loss":0}],"is_beta":false,"boss_relics":[{"not_picked":["aspiration:RitualDagger","Velvet Choker"],"picked":"Black Star"}],"items_purged_floors":[11,22],"is_endless":false,"potions_floor_spawned":[1,4,5,12,19,25],"killed_by":"3 Cultists","ascension_level":20}}