{"host":"9mnb7pbo3pfmmmyl","time":1607694466,"event":{"mods":["Aspiration","BaseMod","Highlight Path","Lobotomy","Minty Spire (QoL Compilation)","MostiFishMod","Shop Mod","StSLib","TestMod","¡¾ÒÅÎï¿¨ÅÆ¡¿REMEMod","óô»ðÖ¸ÄÏ"],"gold_per_floor":[119,119,219,238,42,76,76,89,89,122,122,150,160,189,189,267,267,279,289,289,300,310,337,349,379,405,405,431,431,441,161,161,236,236,256,268,248,258,178,178,40,69,121,14,46,46,9,37,37,37,37],"floor_reached":50,"playtime":1528,"items_purged":["Strike_R","Strike_R","Strike_R","Defend_R"],"score":1582,"play_id":"2f190ca7-44ac-4800-979b-e343e4fa8f43","local_time":"20201211214746","is_ascension_mode":true,"campfire_choices":[{"data":"testmod-Collector","floor":7,"key":"SMITH"},{"data":"MostiFishMod:Volcan","floor":11,"key":"SMITH"},{"data":"Limit Break","floor":15,"key":"SMITH"},{"data":"MostiFishMod:WingOfPhoenix","floor":27,"key":"SMITH"},{"data":"REME_Scribble","floor":29,"key":"SMITH"},{"data":"MostiFishMod:GrandStart","floor":32,"key":"SMITH"},{"data":"MostiFishMod:404NotFound","floor":40,"key":"SMITH"},{"floor":49,"key":"RECALL"}],"circlet_count":0,"master_deck":["AscendersBane","Defend_R+1","Defend_R+1","Bash","MostiFishMod:Volcan+1","Carnage+1","REME_Scribble+1","testmod-Collector+1","ShyLook","Wellcheers","Bloodbath","Limit Break+1","Pummel","CENSORED","MostiFishMod:WingOfPhoenix+1","MostiFishMod:GrandStart+1","MostiFishMod:UniGreen","MostiFishMod:TemporaryOutbreak","MostiFishMod:404NotFound+1"],"relics":["Burning Blood","testmod-TestBox","DaveBox","REME_ComplimentaryCards","CombinedTypeHook","testmod-Justice","CogitoBucket","RabbitCall","Question Card","Pantograph","aspiration:Lifesprig","Dead Branch","ImportantClient","BirthdayGift-Tetrahedron","testmod-Antiphasic","REME_HandOfSuture","SkinProphecy","Bottled Flame","testmod-IncinerationGenerator","Membership Card","CeramicFish","Bag of Preparation","MerchantsRug","Orichalcum"],"acts_visited":["Exordium","TheCity","TheBeyond"],"potions_floor_usage":[14,14,19,30,50],"damage_taken":[{"damage":0,"enemies":"2 Louse","floor":1,"turns":2},{"damage":5,"enemies":"Small Slimes","floor":4,"turns":2},{"damage":22,"enemies":"3 Sentries","floor":6,"turns":5},{"damage":0,"enemies":"Cultist","floor":8,"turns":2},{"damage":12,"enemies":"Lagavulin","floor":10,"turns":4},{"damage":10,"enemies":"Gremlin Nob","floor":12,"turns":3},{"damage":41,"enemies":"Large Slime","floor":13,"turns":5},{"damage":12,"enemies":"Lagavulin","floor":14,"turns":3},{"damage":35,"enemies":"The Guardian","floor":16,"turns":4},{"damage":2,"enemies":"Spheric Guardian","floor":18,"turns":2},{"damage":15,"enemies":"Shell Parasite","floor":19,"turns":3},{"damage":23,"enemies":"Shelled Parasite and Fungi","floor":21,"turns":2},{"damage":2,"enemies":"Snecko","floor":22,"turns":2},{"damage":5,"enemies":"Gremlin Leader","floor":23,"turns":2},{"damage":2,"enemies":"3 Cultists","floor":24,"turns":1},{"damage":45,"enemies":"Slavers","floor":25,"turns":2},{"damage":6,"enemies":"REME_1_Revenger","floor":28,"turns":2},{"damage":40,"enemies":"Snake Plant","floor":30,"turns":3},{"damage":12,"enemies":"Champ","floor":33,"turns":4},{"damage":2,"enemies":"3 Darklings","floor":35,"turns":1},{"damage":13,"enemies":"Orb Walker","floor":36,"turns":1},{"damage":8,"enemies":"4 Shapes","floor":38,"turns":1},{"damage":5,"enemies":"Reptomancer","floor":42,"turns":2},{"damage":5,"enemies":"Giant Head","floor":45,"turns":2},{"damage":0,"enemies":"Nemesis","floor":48,"turns":1},{"damage":187,"enemies":"FixerMidnight","floor":50,"turns":2}],"seed_played":"2749883506190459486","potions_obtained":[{"floor":6,"key":"BloodPotion"},{"floor":8,"key":"SpeedPotion"},{"floor":16,"key":"AttackPotion"},{"floor":22,"key":"BlessingOfTheForge"},{"floor":25,"key":"Block Potion"},{"floor":30,"key":"FearPotion"},{"floor":48,"key":"FearPotion"}],"is_trial":false,"path_per_floor":["M","?","?","M","$","E","R","M","T","E","R","E","M","E","R","B",null,"M","M","?","M","M","E","M","E","T","R","E","R","M","$","R","B",null,"M","M","?","M","$","R","$","E","T","R","E","?","$","E","R","B"],"character_chosen":"IRONCLAD","items_purchased":["testmod-Collector","Bottled Flame","Membership Card","MerchantsRug"],"campfire_rested":0,"item_purchase_floors":[5,31,41,44],"current_hp_per_floor":[74,74,74,75,75,61,61,67,67,63,63,61,35,49,49,48,76,80,85,85,79,84,87,91,68,68,68,73,73,46,46,46,68,97,99,92,92,92,92,92,92,93,93,93,94,94,94,96,96,0,0],"gold":37,"neow_bonus":"","is_daily":false,"chose_seed":false,"campfire_upgraded":7,"win_rate":0.0,"timestamp":1607694466,"path_taken":["M","?","?","M","$","E","R","M","T","E","R","E","?","E","R","BOSS","M","M","?","M","M","E","M","E","T","R","E","R","M","$","R","BOSS","M","M","?","M","$","R","?","E","T","R","E","?","$","E","R","BOSS"],"items_purchased_type":["Card","Relic","Relic","Relic"],"build_version":"2020-11-30","purchased_purges":4,"victory":false,"max_hp_per_floor":[75,75,75,75,75,77,77,77,77,79,79,81,83,83,83,85,85,85,85,85,87,87,89,91,91,91,91,95,95,101,101,101,106,106,110,112,112,117,117,117,117,122,122,122,127,127,127,129,129,149,149],"card_choices":[{"not_picked":["Shrug It Off","Feel No Pain"],"picked":"Carnage","floor":1},{"not_picked":["Warcry","Cleave","Inflame"],"picked":"REME_Scribble","floor":4},{"not_picked":["BeautyBeast","MHz","MeatLantern"],"picked":"Singing Bowl","floor":4},{"not_picked":["UniverseFragment","Yin"],"picked":"ShyLook","floor":6},{"not_picked":["Pommel Strike","Sever Soul","MostiFishMod:BrandingRite","Dual Wield"],"picked":"SKIP","floor":6},{"not_picked":["Second Wind","Intimidate","Clothesline","Ghostly Armor"],"picked":"SKIP","floor":8},{"not_picked":["FairyFestival","CherryBlossoms"],"picked":"Wellcheers","floor":10},{"not_picked":["Havoc","Demon Form","Wild Strike","True Grit"],"picked":"SKIP","floor":10},{"not_picked":["PunishingBird","MHz"],"picked":"Bloodbath","floor":12},{"not_picked":["Armaments","Clothesline","MostiFishMod:DarkDeal","Feel No Pain"],"picked":"SKIP","floor":12},{"not_picked":["Havoc","Power Through","Spot Weakness"],"picked":"Limit Break","floor":13},{"not_picked":["Burning Pact","Thunderclap","Shrug It Off"],"picked":"Pummel","floor":14},{"not_picked":["RedShoes","UniverseFragment"],"picked":"CENSORED","floor":16},{"not_picked":["MostiFishMod:NewArrival","Fiend Fire","MostiFishMod:DarkDeal"],"picked":"MostiFishMod:WingOfPhoenix","floor":16},{"not_picked":["Intimidate","Fire Breathing+1","Flex","Anger+1"],"picked":"SKIP","floor":18},{"not_picked":["REME_Cut","Headbutt+1","Combust","Twin Strike"],"picked":"SKIP","floor":19},{"not_picked":["Sentinel","Clothesline","Havoc","Second Wind"],"picked":"SKIP","floor":21},{"not_picked":["Bloodletting","Power Through","Ghostly Armor","Wild Strike"],"picked":"SKIP","floor":22},{"not_picked":["Bloodletting+1","Anger","Searing Blow","True Grit"],"picked":"SKIP","floor":23},{"not_picked":["Body Slam","Wild Strike","Carnage+1","True Grit+1"],"picked":"SKIP","floor":24},{"not_picked":["Intimidate","Clothesline","Heavy Blade","Warcry"],"picked":"SKIP","floor":25},{"not_picked":["Twin Strike","REME_SingleHolding","True Grit+1","Rupture"],"picked":"SKIP","floor":28},{"not_picked":["Iron Wave","Uppercut","Clothesline","Inflame"],"picked":"SKIP","floor":30},{"not_picked":["REME_ACTH","Offering","Double Tap"],"picked":"MostiFishMod:TemporaryOutbreak","floor":33},{"not_picked":["Cleave","Combust+1","Havoc+1","Sentinel+1"],"picked":"SKIP","floor":35},{"not_picked":["Whirlwind","Perfected Strike+1","Havoc","Twin Strike"],"picked":"SKIP","floor":36},{"not_picked":["Feel No Pain","Perfected Strike+1","Searing Blow"],"picked":"MostiFishMod:404NotFound","floor":38},{"not_picked":["True Grit+1","Fire Breathing+1","MostiFishMod:HellRitual","Evolve"],"picked":"SKIP","floor":42},{"not_picked":["Havoc","Battle Trance","Shrug It Off","Cleave"],"picked":"SKIP","floor":45},{"not_picked":["Whirlwind","Inflame+1","Evolve","Fiend Fire"],"picked":"SKIP","floor":48}],"player_experience":469616,"relics_obtained":[{"floor":1,"key":"Question Card"},{"floor":6,"key":"Omamori"},{"floor":9,"key":"Pantograph"},{"floor":10,"key":"aspiration:Lifesprig"},{"floor":12,"key":"Dead Branch"},{"floor":14,"key":"War Paint"},{"floor":16,"key":"ImportantClient"},{"floor":23,"key":"testmod-Antiphasic"},{"floor":25,"key":"REME_HandOfSuture"},{"floor":28,"key":"Dream Catcher"},{"floor":42,"key":"CeramicFish"},{"floor":43,"key":"Bag of Preparation"},{"floor":45,"key":"Potion Belt"},{"floor":48,"key":"Orichalcum"}],"event_choices":[{"damage_healed":0,"gold_gain":0,"player_choice":"Grow","damage_taken":0,"max_hp_gain":0,"max_hp_loss":0,"event_name":"Living Wall","floor":2,"gold_loss":0,"cards_upgraded":["Carnage"]},{"damage_healed":0,"gold_gain":100,"player_choice":"Gold","damage_taken":0,"max_hp_gain":0,"max_hp_loss":0,"event_name":"Wheel of Change","floor":3,"gold_loss":0},{"damage_healed":0,"gold_gain":0,"player_choice":"Bought 1 Potion","damage_taken":0,"max_hp_gain":0,"max_hp_loss":0,"event_name":"The Woman in Blue","floor":37,"gold_loss":0},{"cards_removed":["Endless Agony"],"damage_healed":0,"gold_gain":0,"player_choice":"Removed Attack","damage_taken":0,"max_hp_gain":0,"max_hp_loss":0,"event_name":"Falling","floor":46,"gold_loss":0}],"is_beta":false,"boss_relics":[{"not_picked":["aspiration:RitualDagger","testmod-BloodSacrificeSpiritualization"],"picked":"BirthdayGift-Tetrahedron"},{"not_picked":["GreenFoldingFan","testmod-Nine"],"picked":"testmod-IncinerationGenerator"}],"items_purged_floors":[31,39,44,47],"is_endless":false,"potions_floor_spawned":[6,8,12,16,22,25,28,30,33,36,38,42,48],"killed_by":"FixerMidnight","ascension_level":20}}