{"host":"ctqfwlng7h8v2vsz","time":1607645240,"event":{"mods":["AchievementEnabler","BaseMod","BetterRewards","DeckTracker","Highlight Path","Keyboard Shortcuts","Minty Spire (QoL Compilation)","Permanent Neow","Rare Cards Sparkle","Relic Stats","Shop Mod","Spicy Shops","StSLib","SuperFastMode","everything is the same but u backflip on backflip"],"gold_per_floor":[9017,7743,7594,7606,7606,7606,7637,7655,7655,7655,6246,6246,6246,6276,6276,6352,6352,6363,6373,6373,5554,5567,5593,5593,5593,5593,5593,5593,5621,4632,3250,3250,3329,3329,3341,3341,2665,2665,1904,1904,1904,1191,1272,1272,1272,1281,1290,1307,1307,1307,1307,1307,1307,897,930,930],"floor_reached":57,"playtime":1607,"items_purged":["Concentrate","Outmaneuver","Caltrops","Neutralize","Tools of the Trade","Pride","Masterful Stab","Masterful Stab+1","Doubt"],"score":3422,"play_id":"ca00e00e-cd78-4440-a993-5a8f09e2731d","local_time":"20201211090720","is_ascension_mode":true,"campfire_choices":[{"data":"Judgement","floor":6,"key":"SMITH"},{"data":"ConjureBlade","floor":10,"key":"SMITH"},{"data":"After Image","floor":13,"key":"SMITH"},{"data":"After Image","floor":15,"key":"SMITH"},{"data":"Omniscience","floor":24,"key":"SMITH"},{"floor":25,"key":"RECALL"},{"data":"Survivor","floor":27,"key":"PURGE"},{"data":"Scrawl","floor":28,"key":"SMITH"},{"data":"Heatsinks","floor":32,"key":"SMITH"},{"data":"Amplify","floor":40,"key":"SMITH"},{"data":"Calculated Gamble","floor":41,"key":"PURGE"},{"data":"Clumsy","floor":44,"key":"PURGE"},{"data":"Secret Technique+1","floor":49,"key":"PURGE"},{"data":"Judgement+1","floor":53,"key":"PURGE"}],"circlet_count":0,"master_deck":["AscendersBane","Adrenaline+1","Adrenaline+1","Adrenaline+1","After Image+1","After Image+1","Exhume+1","After Image+1","ConjureBlade+1","After Image+1","Demon Form+1","Scrawl+1","Master of Strategy+1","Omniscience+1","MasterReality+1","Echo Form+1","Heatsinks+1","Echo Form+1","Amplify+1","Impatience+1","Finesse+1","Omniscience+1","Good Instincts+1","Well Laid Plans+1"],"relics":["Ring of the Snake","Pandora\u0027s Box","Prayer Wheel","Prayer Wheel","Question Card","Question Card","Nloth\u0027s Gift","Nloth\u0027s Gift","Nloth\u0027s Gift","Nloth\u0027s Gift","PrismaticShard","Peace Pipe","Coffee Dripper","Coffee Dripper","Calipers","Medical Kit","TheAbacus","Ancient Tea Set","PreservedInsect","Whetstone","Darkstone Periapt","StrikeDummy","Paper Crane","Happy Flower","HandDrill","Pen Nib","Shovel","Snake Skull","Letter Opener","Mummified Hand","Calling Bell","MealTicket","Ornamental Fan","Prayer Wheel","Anchor","Tiny Chest","Eternal Feather","Bag of Marbles","Blood Vial","Ginger","Lantern","Bronze Scales","Regal Pillow","Bag of Preparation","Boot","Lee\u0027s Waffle","Orrery","Bottled Tornado","Molten Egg 2","Sling","Centennial Puzzle","Art of War","Cursed Key","Membership Card","InkBottle","Pantograph","TwistedFunnel","Juzu Bracelet","OrangePellets","Toxic Egg 2","DollysMirror","Lizard Tail","Vajra","Potion Belt","WingedGreaves","Frozen Eye","HornCleat","Oddly Smooth Stone","Nunchaku","CeramicFish","ClockworkSouvenir","Singing Bowl","Mark of the Bloom","Frozen Egg 2","Pear","Chemical X","Sundial","Mercury Hourglass","War Paint"],"acts_visited":["Exordium","TheCity","TheBeyond","TheEnding"],"potions_floor_usage":[11,16,56,56,56,56,56],"damage_taken":[{"damage":0.0,"enemies":"Small Slimes","floor":1.0,"turns":2.0},{"damage":0.0,"enemies":"Cultist","floor":4.0,"turns":2.0},{"damage":0,"enemies":"Lagavulin","floor":7,"turns":2},{"damage":0,"enemies":"2 Louse","floor":8,"turns":1},{"damage":0,"enemies":"Gremlin Nob","floor":14,"turns":2},{"damage":0,"enemies":"The Guardian","floor":16,"turns":6},{"damage":0,"enemies":"3 Byrds","floor":18,"turns":3},{"damage":0,"enemies":"Chosen","floor":19,"turns":2},{"damage":0,"enemies":"Centurion and Healer","floor":22,"turns":2},{"damage":0,"enemies":"Book of Stabbing","floor":23,"turns":1},{"damage":0,"enemies":"Slavers","floor":29,"turns":2},{"damage":0,"enemies":"Collector","floor":33,"turns":1},{"damage":0,"enemies":"Orb Walker","floor":35,"turns":1},{"damage":0,"enemies":"3 Darklings","floor":48,"turns":2},{"damage":0,"enemies":"Awakened One","floor":50,"turns":3},{"damage":0,"enemies":"Time Eater","floor":51,"turns":2},{"damage":0,"enemies":"Shield and Spear","floor":55,"turns":2},{"damage":0,"enemies":"The Heart","floor":56,"turns":5}],"seed_played":"-4068670588912390099","potions_obtained":[{"floor":14,"key":"PowerPotion"},{"floor":18,"key":"SteroidPotion"}],"is_trial":false,"path_per_floor":["M","$","?","M","?","R","E","M","T","R","$","T","R","E","R","B",null,"M","M","?","$","M","E","R","R","T","R","R","E","$","$","R","B",null,"M","?","$","?","$","R","R","$","T","R","?","T","T","M","R","B","B",null,"R","$","E","B",null],"character_chosen":"THE_SILENT","items_purchased":["Medical Kit","TheAbacus","Ancient Tea Set","PreservedInsect","Whetstone","Darkstone Periapt","PowerPotion","SkillPotion","Happy Flower","HandDrill","Pen Nib","Shovel","Snake Skull","Fruit Juice","CunningPotion","Anchor","Tiny Chest","Eternal Feather","Bag of Marbles","Bronze Scales","Regal Pillow","Bag of Preparation","Boot","Lee\u0027s Waffle","Orrery","Bottled Tornado","Molten Egg 2","Sling","Centennial Puzzle","Art of War","PowerPotion","Membership Card","InkBottle","Pantograph","TwistedFunnel","Juzu Bracelet","OrangePellets","Toxic Egg 2","DollysMirror","Lizard Tail","Vajra","Potion Belt","ColorlessPotion","Swift Potion","Good Instincts+1","Frozen Eye","HornCleat","Oddly Smooth Stone","Nunchaku","CeramicFish","ClockworkSouvenir","Chemical X","Sundial","Mercury Hourglass","Well Laid Plans+1"],"campfire_rested":0,"item_purchase_floors":[2,2,2,2,2,2,2,2,11,11,11,11,11,11,11,21,21,21,21,30,30,30,30,30,31,31,31,31,31,31,31,37,37,37,37,37,39,39,39,39,39,39,39,39,42,42,42,42,42,42,42,54,54,54,54],"current_hp_per_floor":[59,59,59,59,59,59,59,59,59,59,64,64,64,64,64,64,75,75,75,75,83,83,83,83,83,83,83,83,83,90,96,96,96,96,96,86,96,96,102,102,102,108,114,114,114,114,114,114,114,114,114,114,114,114,114,114],"gold":930,"neow_bonus":"THREE_CARDS","is_daily":false,"chose_seed":false,"campfire_upgraded":8,"win_rate":0.0,"timestamp":1607645240,"path_taken":["M","$","?","?","?","R","E","M","T","R","$","E","?","R","E","R","BOSS","M","M","?","$","M","E","R","R","T","R","R","E","$","$","R","BOSS","M","?","$","?","$","R","R","$","T","R","?","?","?","M","R","BOSS","BOSS","R","$","E","BOSS"],"items_purchased_type":["Relic","Relic","Relic","Relic","Relic","Relic","Potion","Potion","Relic","Relic","Relic","Relic","Relic","Potion","Potion","Relic","Relic","Relic","Relic","Relic","Relic","Relic","Relic","Relic","Relic","Relic","Relic","Relic","Relic","Relic","Potion","Relic","Relic","Relic","Relic","Relic","Relic","Relic","Relic","Relic","Relic","Relic","Potion","Potion","Undefined","Relic","Relic","Relic","Relic","Relic","Relic","Relic","Relic","Relic","Undefined"],"build_version":"2020-11-30","purchased_purges":9,"victory":true,"max_hp_per_floor":[66,66,66,66,66,66,66,66,66,66,71,71,71,71,71,71,77,77,77,77,83,83,83,83,83,83,83,83,83,90,96,96,96,96,96,96,96,96,102,102,102,108,114,114,114,120,136,138,138,138,138,138,138,138,140,140],"relic_stats":{"Darkstone Periapt":48,"Regal Pillow":0,"Mark of the Bloom":171,"Singing Bowl":4,"CeramicFish":45,"Snake Skull":[10],"Bag of Preparation":[14],"Juzu Bracelet":0,"Whetstone":["Dagger Spray","Masterful Stab"],"Ginger":[2],"Boot":[0],"Cursed Key":3,"Blood Vial":0,"Centennial Puzzle":[0],"Lizard Tail":0,"Nunchaku":[2],"TheAbacus":[204],"Shovel":0,"Mummified Hand":[136],"Sundial":[10],"Pantograph":0,"Prayer Wheel":8,"MealTicket":12,"Tiny Chest":1,"HandDrill":[10],"Chemical X":[3],"InkBottle":[7],"Ring of the Snake":[36],"Lee\u0027s Waffle":7,"Happy Flower":[11],"counters":[18,41],"Eternal Feather":0,"PreservedInsect":211,"Pen Nib":[6],"Letter Opener":[180],"War Paint":[],"Question Card":64,"Medical Kit":[4],"Mercury Hourglass":[21],"Peace Pipe":5,"OrangePellets":[1],"Ornamental Fan":[32],"Bronze Scales":[63],"Pandora\u0027s Box":["Adrenaline","Calculated Gamble","Masterful Stab","Concentrate","Masterful Stab","Adrenaline","Outmaneuver","Adrenaline","Caltrops","Tools of the Trade"],"Nloth\u0027s Gift":436,"Art of War":[5],"obtain_stats":[{"TwistedFunnel":37,"Mark of the Bloom":45,"Calipers":0,"CeramicFish":42,"Vajra":39,"Whetstone":2,"Ginger":26,"Bottled Tornado":31,"Boot":30,"Sling":31,"Blood Vial":23,"Centennial Puzzle":31,"Lizard Tail":39,"HornCleat":42,"DollysMirror":39,"Sundial":54,"Prayer Wheel":0,"MealTicket":17,"HandDrill":11,"Toxic Egg 2":39,"Pear":47,"Happy Flower":11,"Oddly Smooth Stone":42,"Eternal Feather":21,"Pen Nib":11,"Letter Opener":12,"Paper Crane":7,"War Paint":55,"Question Card":0,"OrangePellets":39,"Bronze Scales":30,"Pandora\u0027s Box":0,"Molten Egg 2":31,"Nloth\u0027s Gift":0,"StrikeDummy":3,"Darkstone Periapt":2,"Lantern":29,"Regal Pillow":30,"Singing Bowl":43,"Snake Skull":11,"Bag of Preparation":30,"Juzu Bracelet":37,"PrismaticShard":0,"Ancient Tea Set":2,"Cursed Key":34,"ClockworkSouvenir":42,"Frozen Eye":42,"Nunchaku":42,"TheAbacus":2,"Shovel":11,"Mummified Hand":14,"Pantograph":37,"Tiny Chest":21,"WingedGreaves":0,"Chemical X":54,"InkBottle":37,"Ring of the Snake":0,"Potion Belt":39,"Lee\u0027s Waffle":30,"PreservedInsect":2,"Frozen Egg 2":46,"Medical Kit":2,"Mercury Hourglass":54,"Peace Pipe":0,"Calling Bell":17,"Anchor":21,"Ornamental Fan":17,"Orrery":31,"Coffee Dripper":0,"Bag of Marbles":21,"Art of War":31,"Membership Card":37},{"TwistedFunnel":13,"Mark of the Bloom":13,"Calipers":0,"CeramicFish":13,"Vajra":13,"Whetstone":1,"Ginger":10,"Bottled Tornado":11,"Boot":11,"Sling":11,"Blood Vial":10,"Centennial Puzzle":11,"Lizard Tail":13,"HornCleat":13,"DollysMirror":13,"Sundial":16,"Prayer Wheel":0,"MealTicket":6,"HandDrill":4,"Toxic Egg 2":13,"Pear":13,"Happy Flower":4,"Oddly Smooth Stone":13,"Eternal Feather":8,"Pen Nib":4,"Letter Opener":4,"Paper Crane":3,"War Paint":17,"Question Card":0,"OrangePellets":13,"Bronze Scales":11,"Pandora\u0027s Box":0,"Molten Egg 2":11,"Nloth\u0027s Gift":0,"StrikeDummy":1,"Darkstone Periapt":1,"Lantern":11,"Regal Pillow":11,"Singing Bowl":13,"Snake Skull":4,"Bag of Preparation":11,"Juzu Bracelet":13,"PrismaticShard":0,"Ancient Tea Set":1,"Cursed Key":12,"ClockworkSouvenir":13,"Frozen Eye":13,"Nunchaku":13,"TheAbacus":1,"Shovel":4,"Mummified Hand":5,"Pantograph":13,"Tiny Chest":8,"WingedGreaves":0,"Chemical X":16,"InkBottle":13,"Ring of the Snake":0,"Potion Belt":13,"Lee\u0027s Waffle":11,"PreservedInsect":1,"Frozen Egg 2":13,"Medical Kit":1,"Mercury Hourglass":16,"Peace Pipe":0,"Calling Bell":6,"Anchor":8,"Ornamental Fan":6,"Orrery":11,"Coffee Dripper":0,"Bag of Marbles":8,"Art of War":11,"Membership Card":13},{"TwistedFunnel":27,"Mark of the Bloom":27,"Calipers":0,"CeramicFish":27,"Vajra":27,"Whetstone":2,"Ginger":23,"Bottled Tornado":25,"Boot":25,"Sling":25,"Blood Vial":23,"Centennial Puzzle":25,"Lizard Tail":27,"HornCleat":27,"DollysMirror":27,"Sundial":34,"Prayer Wheel":0,"MealTicket":15,"HandDrill":7,"Toxic Egg 2":27,"Pear":27,"Happy Flower":7,"Oddly Smooth Stone":27,"Eternal Feather":20,"Pen Nib":7,"Letter Opener":7,"Paper Crane":6,"War Paint":36,"Question Card":0,"OrangePellets":27,"Bronze Scales":25,"Pandora\u0027s Box":0,"Molten Egg 2":25,"Nloth\u0027s Gift":0,"StrikeDummy":2,"Darkstone Periapt":2,"Lantern":25,"Regal Pillow":25,"Singing Bowl":27,"Snake Skull":7,"Bag of Preparation":25,"Juzu Bracelet":27,"PrismaticShard":0,"Ancient Tea Set":2,"Cursed Key":26,"ClockworkSouvenir":27,"Frozen Eye":27,"Nunchaku":27,"TheAbacus":2,"Shovel":7,"Mummified Hand":9,"Pantograph":27,"Tiny Chest":20,"WingedGreaves":0,"Chemical X":34,"InkBottle":27,"Ring of the Snake":0,"Potion Belt":27,"Lee\u0027s Waffle":25,"PreservedInsect":2,"Frozen Egg 2":27,"Medical Kit":2,"Mercury Hourglass":34,"Peace Pipe":0,"Calling Bell":15,"Anchor":20,"Ornamental Fan":15,"Orrery":25,"Coffee Dripper":0,"Bag of Marbles":20,"Art of War":25,"Membership Card":27}]},"card_choices":[{"not_picked":["Dodge and Roll","Slice"],"picked":"Dagger Spray","floor":0.0},{"not_picked":["Wish","Apotheosis","Thunder Strike","Chrysalis"],"picked":"Secret Technique","floor":1.0},{"not_picked":["Glass Knife","Brutality","Wish","Amplify","Wraith Form v2"],"picked":"SKIP","floor":1.0},{"not_picked":["Berserk","Alpha","Blasphemy","Transmutation"],"picked":"Judgement","floor":4.0},{"not_picked":["MasterReality","Wish","Die Die Die","Berserk"],"picked":"Exhume","floor":4.0},{"not_picked":["Juggernaut","Master of Strategy","Mayhem","Reaper"],"picked":"After Image","floor":7},{"not_picked":["Adrenaline","HandOfGreed","Immolate","Buffer"],"picked":"ConjureBlade","floor":8},{"not_picked":["Transmutation","Multi-Cast","Grand Finale","HandOfGreed","Ragnarok"],"picked":"SKIP","floor":8},{"not_picked":["Electrodynamics","MasterReality","Brilliance","The Bomb"],"picked":"After Image","floor":14},{"not_picked":["Tools of the Trade","Venomology","Offering","Brilliance"],"picked":"Demon Form","floor":16},{"not_picked":["Reaper","Buffer","Wish","Alpha"],"picked":"Scrawl","floor":18},{"not_picked":["ConjureBlade","Immolate","Transmutation","Wraith Form v2","All For One"],"picked":"SKIP","floor":18},{"not_picked":["Die Die Die","Creative AI","DevaForm","Impervious"],"picked":"Master of Strategy","floor":19},{"not_picked":["Storm of Steel","Machine Learning","Mayhem","Double Tap","Secret Weapon"],"picked":"SKIP","floor":19},{"not_picked":["Berserk","Mayhem","Corruption","Apotheosis"],"picked":"Omniscience","floor":22},{"not_picked":["Metamorphosis","Storm of Steel","Die Die Die","Blasphemy","Bullet Time"],"picked":"SKIP","floor":22},{"not_picked":["Berserk","Glass Knife","Vault","Omniscience"],"picked":"MasterReality","floor":23},{"not_picked":["Apotheosis","The Bomb","Mayhem","Violence","Tools of the Trade"],"picked":"SKIP","floor":29},{"not_picked":["Sucker Punch","Metallicize","Noxious Fumes","Predator+1"],"picked":"Echo Form","floor":31},{"not_picked":["Steam","Consecrate+1","Sucker Punch","Armaments"],"picked":"Heatsinks","floor":31},{"not_picked":["Alpha","MasterReality","Buffer","Scrawl"],"picked":"Echo Form","floor":33},{"not_picked":["Bludgeon+1","Electrodynamics","Storm of Steel","Meteor Strike+1"],"picked":"Amplify","floor":35},{"not_picked":["Limit Break","Doppelganger","LessonLearned+1","Demon Form","HandOfGreed+1"],"picked":"SKIP","floor":35},{"not_picked":["Bandage Up","Jack Of All Trades","Metamorphosis","Dramatic Entrance+1"],"picked":"Impatience","floor":36},{"not_picked":["Purity","Good Instincts","Secret Weapon","Sadistic Nature"],"picked":"Finesse","floor":36},{"not_picked":["Juggernaut+1","Creative AI+1","Electrodynamics+1","Biased Cognition+1","Blasphemy+1"],"picked":"Singing Bowl","floor":48},{"not_picked":["Corruption+1","Limit Break+1","Juggernaut+1","Thinking Ahead+1","Fiend Fire+1"],"picked":"SKIP","floor":48},{"not_picked":["Metamorphosis+1","Glass Knife+1","MasterReality+1","Mayhem+1","The Bomb+1"],"picked":"Singing Bowl","floor":55}],"player_experience":340332,"relics_obtained":[{"floor":7,"key":"Paper Crane"},{"floor":12,"key":"Letter Opener"},{"floor":14,"key":"Mummified Hand"},{"floor":17,"key":"MealTicket"},{"floor":17,"key":"Ornamental Fan"},{"floor":17,"key":"Prayer Wheel"},{"floor":23,"key":"Blood Vial"},{"floor":26,"key":"Ginger"},{"floor":29,"key":"Lantern"},{"floor":43,"key":"Singing Bowl"},{"floor":46,"key":"Frozen Egg 2"},{"floor":47,"key":"Pear"},{"floor":55,"key":"War Paint"}],"event_choices":[{"damage_healed":0.0,"max_hp_gain":0.0,"max_hp_loss":0.0,"gold_gain":0.0,"event_name":"WeMeetAgain","player_choice":"Paid Gold","floor":3.0,"gold_loss":149.0,"damage_taken":0.0,"relics_obtained":["StrikeDummy"]},{"damage_healed":0,"gold_gain":0,"player_choice":"Leave","damage_taken":0,"max_hp_gain":0,"max_hp_loss":0,"event_name":"FaceTrader","floor":5,"gold_loss":0},{"damage_healed":0,"gold_gain":0,"player_choice":"Ignored","damage_taken":0,"max_hp_gain":0,"max_hp_loss":0,"event_name":"Cursed Tome","floor":20,"gold_loss":0},{"damage_healed":0,"gold_gain":0,"player_choice":"Memory 3","damage_taken":10,"max_hp_gain":0,"max_hp_loss":0,"event_name":"SensoryStone","floor":36,"gold_loss":0},{"cards_removed":["Dagger Spray"],"damage_healed":0,"gold_gain":0,"player_choice":"Removed Attack","damage_taken":0,"max_hp_gain":0,"max_hp_loss":0,"event_name":"Falling","floor":38,"gold_loss":0},{"damage_healed":0,"gold_gain":0,"player_choice":"Upgrade","damage_taken":0,"relics_obtained":["Mark of the Bloom"],"max_hp_gain":0,"max_hp_loss":0,"event_name":"MindBloom","floor":45,"gold_loss":0,"cards_upgraded":["Adrenaline","Adrenaline","Adrenaline","Secret Technique","Exhume","After Image","After Image","Demon Form","Master of Strategy","MasterReality","Echo Form","Echo Form","Impatience","Finesse"]}],"is_beta":false,"boss_relics":[{"not_picked":["Velvet Choker","Busted Crown"],"picked":"Calling Bell"},{"not_picked":["Runic Dome","Snecko Eye"],"picked":"Cursed Key"}],"items_purged_floors":[2,11,11,21,30,31,37,39,42],"is_endless":false,"potions_floor_spawned":[7,14,18,19,23],"ascension_level":20}}