{"host":"ez767vrydzojtnp0","time":1607698232,"event":{"mods":["Act Like it!","Aspiration","BaseMod","Better Note","BetterRewards","Challenge The Spire","Colored Powertips","Conspire","GifTheSpireLib","Hermit","Hubris","Infinite Spire","Minty Spire (QoL Compilation)","Quick Restart","Rare Cards Sparkle","Relic Stats","Replay The Spire","Shop Mod","Spikes Relics","StSLib","Stuff the Spire","SuperFastMode","everything is the same but u backflip on backflip","slay the spire mod where everything is the same but ironclad has a cowboy hat","vexMod"],"gold_per_floor":[110,122,122,122,172,172,200,217,217,217,217,217,231,251,251,354,354,367,379,379,379,395,395,395],"floor_reached":23,"playtime":1002,"items_purged":[],"score":266,"play_id":"fe62091c-d0ef-4911-be08-aed4702209ff","local_time":"20201211125032","is_ascension_mode":false,"campfire_choices":[{"floor":6,"key":"DIG"},{"floor":12,"key":"RECALL"},{"floor":15,"key":"DIG"}],"circlet_count":0,"master_deck":["conspire:GhostlyStrike","conspire:GhostlyStrike","conspire:GhostlyStrike","conspire:GhostlyStrike","conspire:GhostlyStrike","conspire:GhostlyDefend","conspire:GhostlyDefend","conspire:GhostlyDefend","Bash","hubris:CleavingFinish","hubris:ReadiedAction","Entrench","Spot Weakness","Clash","Magnetism","Flex","BarbarianYell","Feed","Flame Barrier","hubris:NaturalOne","hermit:Maintenance"],"relics":["Burning Blood","Shovel","StuffTheSpire:CocoNut","Red Skull","Rawhide","hubris:Icosahedron","vexMod:InvisibilityCloak","vexMod:BigBerry","Replay:Ringing Soul","Black Star"],"acts_visited":["Exordium","TheCity"],"potions_floor_usage":[7,16,16,19,22,23],"damage_taken":[{"damage":0,"enemies":"2 Louse","floor":1,"turns":3},{"damage":5,"enemies":"Small Slimes","floor":2,"turns":3},{"damage":16,"enemies":"Gremlin Nob","floor":7,"turns":4},{"damage":16,"enemies":"Jaw Worm","floor":8,"turns":4},{"damage":26,"enemies":"Exordium Thugs","floor":13,"turns":5},{"damage":3,"enemies":"3 Louse","floor":14,"turns":4},{"damage":31,"enemies":"Hexaghost","floor":16,"turns":10},{"damage":34,"enemies":"2 Thieves","floor":18,"turns":4},{"damage":10,"enemies":"3 Byrds","floor":19,"turns":5},{"damage":30,"enemies":"Snecko","floor":22,"turns":7},{"damage":67,"enemies":"Nightmare","floor":23,"turns":12}],"seed_played":"-5437015876924188880","potions_obtained":[{"floor":1,"key":"Elixir"},{"floor":5,"key":"Block Potion"},{"floor":14,"key":"Regen Potion"},{"floor":16,"key":"SneckoOil"},{"floor":18,"key":"DistilledChaos"}],"is_trial":false,"path_per_floor":["M","M","?","?","?","R","E","M","T","?","?","R","M","M","R","B",null,"M","M","AVR","?","M","NM"],"character_chosen":"IRONCLAD","items_purchased":[],"campfire_rested":0,"item_purchase_floors":[],"current_hp_per_floor":[80,80,80,80,87,87,77,67,67,67,67,67,47,50,50,40,117,89,88,88,91,67,0,0],"gold":395,"neow_bonus":"","is_daily":false,"chose_seed":false,"campfire_upgraded":0,"win_rate":0.0,"timestamp":1607698232,"path_taken":["M","M","?","?","?","R","E","?","T","?","?","R","?","M","R","BOSS","M","M","AVR","?","M","NM"],"items_purchased_type":[],"build_version":"2020-11-30","purchased_purges":0,"victory":false,"max_hp_per_floor":[80,80,80,80,87,87,87,87,87,87,87,87,87,87,87,87,117,117,120,120,123,123,123,123],"relic_stats":{"Shovel":2,"counters":[22,126],"Black Star":0,"obtain_stats":[{"StuffTheSpire:ModemDavis":17,"Rawhide":7,"hubris:EmptyBottle":3,"Ancient Tea Set":26,"hubris:EvacipatedBox":5,"Ring of Searing":3,"vexMod:InvisibilityCloak":15,"Replay:Ringing Soul":20,"Shovel":3,"hubris:Icosahedron":10,"infinitespire:Bottled Soul":15,"Mummified Hand":25,"Strawberry":6,"RollingBoulder":2,"Red Skull":6,"ReplayTheSpireMod:Ring of Addiction":3,"PreservedInsect":23,"White Beast Statue":3,"WarpedTongs":19,"hubris:PeanutButter":0,"StuffTheSpire:CocoNut":5,"Black Star":20,"hermit:Momento":0,"Meat on the Bone":10,"vexMod:BigBerry":17},{"StuffTheSpire:ModemDavis":6,"Rawhide":14,"hubris:EmptyBottle":1,"Ancient Tea Set":10,"hubris:EvacipatedBox":1,"Ring of Searing":1,"vexMod:InvisibilityCloak":17,"Replay:Ringing Soul":20,"Shovel":13,"hubris:Icosahedron":15,"infinitespire:Bottled Soul":5,"Mummified Hand":10,"Strawberry":2,"RollingBoulder":1,"Red Skull":13,"ReplayTheSpireMod:Ring of Addiction":1,"PreservedInsect":10,"White Beast Statue":1,"WarpedTongs":7,"hubris:PeanutButter":0,"StuffTheSpire:CocoNut":13,"Black Star":20,"hermit:Momento":0,"Meat on the Bone":2,"vexMod:BigBerry":18},{"StuffTheSpire:ModemDavis":34,"Rawhide":75,"hubris:EmptyBottle":4,"Ancient Tea Set":58,"hubris:EvacipatedBox":4,"Ring of Searing":4,"vexMod:InvisibilityCloak":88,"Replay:Ringing Soul":107,"Shovel":71,"hubris:Icosahedron":79,"infinitespire:Bottled Soul":23,"Mummified Hand":58,"Strawberry":13,"RollingBoulder":4,"Red Skull":71,"ReplayTheSpireMod:Ring of Addiction":4,"PreservedInsect":58,"White Beast Statue":4,"WarpedTongs":40,"hubris:PeanutButter":0,"StuffTheSpire:CocoNut":71,"Black Star":107,"hermit:Momento":0,"Meat on the Bone":13,"vexMod:BigBerry":98}],"Burning Blood":53},"card_choices":[{"not_picked":["Twin Strike","Run Through"],"picked":"hubris:CleavingFinish","floor":1},{"not_picked":["StuffTheSpire:BloodClot","Headbutt"],"picked":"hubris:ReadiedAction","floor":2},{"not_picked":["Bloodletting","Wild Strike"],"picked":"Entrench","floor":5},{"not_picked":["Perfected Strike","Sever Soul"],"picked":"Spot Weakness","floor":7},{"not_picked":["Clothesline","True Grit"],"picked":"Clash","floor":8},{"not_picked":["Sword Boomerang","Clash"],"picked":"Flex","floor":13},{"not_picked":["Shrug It Off","conspire:Purge"],"picked":"BarbarianYell","floor":14},{"not_picked":["StuffTheSpire:TitanForm","Juggernaut"],"picked":"Feed","floor":16},{"not_picked":["Replay:Undeath\u0027s Touch","Thunderclap"],"picked":"Flame Barrier","floor":18},{"not_picked":["Warcry","Dual Wield","Twin Strike"],"picked":"SKIP","floor":19},{"not_picked":["Intimidate","Iron Wave","StuffTheSpire:Pyroclast"],"picked":"SKIP","floor":22}],"player_experience":356965,"relics_obtained":[{"floor":3,"key":"Shovel"},{"floor":5,"key":"StuffTheSpire:CocoNut"},{"floor":6,"key":"Red Skull"},{"floor":7,"key":"Rawhide"},{"floor":15,"key":"vexMod:InvisibilityCloak"}],"event_choices":[{"damage_healed":0,"gold_gain":0,"player_choice":"Agree","damage_taken":0,"max_hp_gain":0,"max_hp_loss":0,"event_name":"conspire:LoneGhost","floor":4,"gold_loss":0},{"damage_healed":0,"gold_gain":0,"cards_transformed":["conspire:GhostlyDefend"],"player_choice":"Transformed","damage_taken":0,"max_hp_gain":0,"max_hp_loss":0,"event_name":"Transmorgrifier","floor":11,"gold_loss":0,"cards_obtained":["Magnetism"]},{"cards_removed":["Entrench"],"damage_healed":0,"gold_gain":0,"player_choice":"Take \u0026 Give","damage_taken":0,"max_hp_gain":0,"max_hp_loss":0,"event_name":"betterNote:BetterNote","floor":21,"gold_loss":0,"cards_obtained":["hermit:Maintenance"]}],"is_beta":false,"boss_relics":[{"not_picked":["ReplayTheSpireMod:DimensionalGlitch","aspiration:RitualDagger"],"picked":"vexMod:BigBerry"}],"items_purged_floors":[],"is_endless":false,"potions_floor_spawned":[1,14,16,18],"killed_by":"Nightmare","ascension_level":0}}