{"host":"hfxp6ue4pvwo3fit","time":1607673736,"event":{"mods":["AchievementEnabler","BaseMod","Colored Map","Colored Powertips","Highlight Path","Minty Spire (QoL Compilation)","StSLib","SuperFastMode"],"gold_per_floor":[111,161,171,96,18,49,21,55,55,73,73,73,84,84,84],"floor_reached":14,"playtime":283,"items_purged":[],"score":246,"play_id":"fef0841b-fff2-462b-893a-3ef966206fda","local_time":"20201211020216","is_ascension_mode":true,"campfire_choices":[{"data":"Predator","floor":11,"key":"SMITH"}],"circlet_count":0,"master_deck":["AscendersBane","Strike_G","Strike_G","Strike_G","Strike_G","Defend_G","Defend_G","Defend_G","Defend_G","Defend_G","Survivor","Neutralize","Deadly Poison","Flying Knee","Footwork","Predator+1","Blade Dance","Leg Sweep","Die Die Die"],"relics":["Ring of the Snake","NeowsBlessing","Thread and Needle","Pantograph","Mummified Hand"],"acts_visited":["Exordium"],"potions_floor_usage":[8,14,14],"damage_taken":[{"damage":0,"enemies":"Jaw Worm","floor":1,"turns":1},{"damage":0,"enemies":"Cultist","floor":3,"turns":1},{"damage":0,"enemies":"3 Sentries","floor":6,"turns":2},{"damage":30,"enemies":"Gremlin Nob","floor":8,"turns":4},{"damage":0,"enemies":"2 Louse","floor":10,"turns":4},{"damage":0,"enemies":"Exordium Wildlife","floor":13,"turns":2},{"damage":32,"enemies":"Lagavulin","floor":14,"turns":10}],"seed_played":"4036766636256123439","potions_obtained":[{"floor":6,"key":"LiquidMemories"},{"floor":10,"key":"EntropicBrew"}],"is_trial":false,"path_per_floor":["M","?","M","?","$","E","$","E","T","M","R","?","M","E"],"character_chosen":"THE_SILENT","items_purchased":["Footwork","Blade Dance"],"campfire_rested":0,"item_purchase_floors":[5,7],"current_hp_per_floor":[59,53,53,53,53,53,53,23,23,23,23,23,23,0,0],"gold":84,"neow_bonus":"THREE_ENEMY_KILL","is_daily":false,"chose_seed":false,"campfire_upgraded":1,"win_rate":0.0,"timestamp":1607673736,"path_taken":["M","?","?","?","$","E","?","E","T","?","R","?","M","E"],"items_purchased_type":["Card","Card"],"build_version":"2020-11-30","purchased_purges":0,"victory":false,"max_hp_per_floor":[66,66,66,66,66,66,66,66,66,66,66,66,66,66,66],"card_choices":[{"not_picked":["Backflip","Poisoned Stab"],"picked":"Deadly Poison","floor":1},{"not_picked":["Backflip","Flechettes"],"picked":"Flying Knee","floor":3},{"not_picked":["Backflip","Skewer"],"picked":"Predator","floor":6},{"not_picked":["PiercingWail","Underhanded Strike"],"picked":"Leg Sweep","floor":8},{"not_picked":["Flying Knee","Underhanded Strike"],"picked":"Die Die Die","floor":10},{"not_picked":["Slice","Cloak And Dagger","Acrobatics"],"picked":"SKIP","floor":13}],"player_experience":352987,"relics_obtained":[{"floor":6,"key":"Thread and Needle"},{"floor":8,"key":"Pantograph"},{"floor":9,"key":"Mummified Hand"}],"event_choices":[{"damage_healed":0,"gold_gain":50,"player_choice":"Touch","damage_taken":6,"max_hp_gain":0,"max_hp_loss":0,"event_name":"FaceTrader","floor":2,"gold_loss":0},{"cards_removed":["Strike_G"],"damage_healed":0,"gold_gain":0,"player_choice":"Card Removal","damage_taken":0,"max_hp_gain":0,"max_hp_loss":0,"event_name":"The Cleric","floor":4,"gold_loss":75},{"damage_healed":0,"gold_gain":0,"player_choice":"Ignored","damage_taken":0,"max_hp_gain":0,"max_hp_loss":0,"event_name":"Liars Game","floor":12,"gold_loss":0}],"is_beta":false,"boss_relics":[],"items_purged_floors":[],"is_endless":false,"potions_floor_spawned":[6,10],"killed_by":"Lagavulin","ascension_level":20}}