{"host":"m6aaltr68g9tvoay","time":1607648053,"event":{"mods":["AchievementEnabler","BaseMod","Colored Map","Minty Spire (QoL Compilation)","StSLib"],"gold_per_floor":[118,118,128,108,128,128,147,165,219,236,29,43,108,133,133,133,133],"floor_reached":16,"playtime":549,"items_purged":[],"score":179,"play_id":"f927a11c-068b-4df1-8772-efd95fe93b59","local_time":"20201210165413","is_ascension_mode":true,"campfire_choices":[{"data":"Infernal Blade","floor":6,"key":"SMITH"},{"data":"Flex","floor":15,"key":"SMITH"}],"circlet_count":0,"master_deck":["AscendersBane","Strike_R","Strike_R","Strike_R","Strike_R","Strike_R","Defend_R","Defend_R","Defend_R","Defend_R","Bash","Feed","Infernal Blade+1","Metallicize","Heavy Blade","Uppercut","Dropkick","Flex+1","Cleave","True Grit"],"relics":["Burning Blood","Tiny Chest","Membership Card","Darkstone Periapt","Centennial Puzzle"],"acts_visited":["Exordium"],"potions_floor_usage":[16,16],"damage_taken":[{"damage":5,"enemies":"Small Slimes","floor":1,"turns":4},{"damage":2,"enemies":"2 Louse","floor":3,"turns":3},{"damage":3,"enemies":"Cultist","floor":5,"turns":3},{"damage":5,"enemies":"2 Fungi Beasts","floor":7,"turns":4},{"damage":13,"enemies":"Blue Slaver","floor":8,"turns":5},{"damage":7,"enemies":"Red Slaver","floor":10,"turns":3},{"damage":14,"enemies":"3 Louse","floor":12,"turns":3},{"damage":3,"enemies":"Gremlin Nob","floor":13,"turns":3},{"damage":76,"enemies":"The Guardian","floor":16,"turns":9}],"seed_played":"3704198668997358809","potions_obtained":[{"floor":1,"key":"Dexterity Potion"},{"floor":3,"key":"LiquidMemories"},{"floor":4,"key":"LiquidBronze"},{"floor":7,"key":"PowerPotion"}],"is_trial":false,"path_per_floor":["M","?","M","?","M","R","M","M","T","M","$","M","?","T","R","B"],"character_chosen":"IRONCLAD","items_purchased":["Membership Card","Flex","Cleave"],"campfire_rested":0,"item_purchase_floors":[11,11,11],"current_hp_per_floor":[72,72,79,79,84,84,84,77,77,79,79,71,74,74,74,0,0],"gold":133,"neow_bonus":"ONE_RANDOM_RARE_CARD","is_daily":false,"chose_seed":false,"campfire_upgraded":2,"win_rate":0.0,"timestamp":1607648053,"path_taken":["M","?","M","?","M","R","M","M","T","M","$","?","?","?","R","BOSS"],"items_purchased_type":["Relic","Card","Card"],"build_version":"2020-11-30","purchased_purges":0,"victory":false,"max_hp_per_floor":[78,78,81,81,84,84,84,84,84,87,87,87,87,87,87,87,87],"card_choices":[{"not_picked":["Dropkick","Sword Boomerang"],"picked":"Infernal Blade","floor":1},{"not_picked":["Armaments","Reckless Charge"],"picked":"Metallicize","floor":3},{"not_picked":["Second Wind","Evolve"],"picked":"Heavy Blade","floor":5},{"not_picked":["Heavy Blade","Perfected Strike"],"picked":"Uppercut","floor":7},{"not_picked":["Clash","Twin Strike"],"picked":"Dropkick","floor":8},{"not_picked":["Clothesline","Dual Wield","True Grit"],"picked":"SKIP","floor":10},{"not_picked":["Clothesline","Heavy Blade"],"picked":"True Grit","floor":12}],"player_experience":1215799,"relics_obtained":[{"floor":9,"key":"Tiny Chest"},{"floor":13,"key":"Darkstone Periapt"},{"floor":14,"key":"Centennial Puzzle"}],"event_choices":[{"damage_healed":0,"gold_gain":0,"player_choice":"Ignored","damage_taken":0,"max_hp_gain":0,"max_hp_loss":0,"event_name":"Liars Game","floor":2,"gold_loss":0},{"damage_healed":0,"gold_gain":0,"player_choice":"Bought 1 Potion","damage_taken":0,"max_hp_gain":0,"max_hp_loss":0,"event_name":"The Woman in Blue","floor":4,"gold_loss":0},{"damage_healed":0,"gold_gain":0,"player_choice":"Searched \u00271\u0027 times","damage_taken":0,"max_hp_gain":0,"max_hp_loss":0,"event_name":"Dead Adventurer","floor":13,"gold_loss":0}],"is_beta":false,"boss_relics":[],"items_purged_floors":[],"is_endless":false,"potions_floor_spawned":[1,3,7,12],"killed_by":"The Guardian","ascension_level":18}}