{"host":"jxajaf4sdikd2b60","time":1607662216,"event":{"mods":["AchievementEnabler","BaseMod","Better Match","Better Note","Better Skull","Better Third Choice","BetterRewards","Colored Powertips","Custom Start","Infinite Spire","Minty Spire (QoL Compilation)","Quick Restart","Random Character Button","Spicy Shops","StSLib"],"gold_per_floor":[113,128,144,44,44,44,62,62,62,62,29,29,41,58,58,162,162,178,188,288,288,300,300,310,310,310,310,310,310],"floor_reached":28,"playtime":1823,"items_purged":["Strike_B","Steam Power","Strike_B"],"score":310,"play_id":"020cee90-5f1f-4de5-ba3a-6be06b95ee2d","local_time":"20201210235016","is_ascension_mode":false,"campfire_choices":[{"floor":6.0,"key":"REST"},{"data":"Blizzard","floor":6.0,"key":"SMITH"},{"data":"Cold Snap","floor":8.0,"key":"SMITH"},{"data":"Zap","floor":10.0,"key":"SMITH"},{"floor":15,"key":"REST"},{"data":"Cold Snap","floor":15,"key":"SMITH"},{"floor":23,"key":"REST"},{"data":"Blizzard","floor":23,"key":"SMITH"},{"data":"Defragment","floor":25,"key":"SMITH"}],"circlet_count":0,"master_deck":["Strike_B","Strike_B","Defend_B","Defend_B","Defend_B","Zap+1","Dualcast","Capacitor","Cold Snap+1","Cold Snap+1","Blizzard+1","Blizzard+1","Coolheaded+1","Defragment+1"],"relics":["Cracked Core","infinitespire:Magic Flask","Toxic Egg 2","betterThird:SlimedRelic","Runic Pyramid","infinitespire:EmpoweringShard","infinitespire:Lucky Rock"],"acts_visited":["Exordium","TheCity"],"potions_floor_usage":[19],"damage_taken":[{"damage":2.0,"enemies":"Cultist","floor":1.0,"turns":4.0},{"damage":0.0,"enemies":"Jaw Worm","floor":2.0,"turns":3.0},{"damage":0.0,"enemies":"2 Louse","floor":3.0,"turns":3.0},{"damage":5.0,"enemies":"Blue Slaver","floor":7.0,"turns":4.0},{"damage":0,"enemies":"3 Louse","floor":13,"turns":3},{"damage":8,"enemies":"Looter","floor":14,"turns":3},{"damage":15,"enemies":"Hexaghost","floor":16,"turns":11},{"damage":16,"enemies":"Shell Parasite","floor":18,"turns":6},{"damage":9,"enemies":"3 Byrds","floor":19,"turns":5},{"damage":17,"enemies":"Snake Plant","floor":22,"turns":4},{"damage":0,"enemies":"Snecko","floor":24,"turns":5},{"damage":22,"enemies":"Centurion and Healer","floor":28,"turns":2}],"seed_played":"2419990361666935866","potions_obtained":[{"floor":1.0,"key":"Block Potion"},{"floor":7.0,"key":"Weak Potion"},{"floor":18,"key":"Strength Potion"},{"floor":22,"key":"Regen Potion"}],"is_trial":false,"path_per_floor":["M","M","M","$","?","R","M","R","T","R","?","?","M","M","R","B",null,"M","M","?","AVR","M","R","M","R","T","?","M"],"character_chosen":"DEFECT","items_purchased":["Capacitor","Cold Snap","infinitespire:Magic Flask"],"campfire_rested":3,"item_purchase_floors":[0,0,0],"current_hp_per_floor":[46,46,46,46,39,61,56,56,56,56,45,45,45,37,59,44,75,59,50,50,50,33,55,55,55,55,55,33,33],"gold":310,"neow_bonus":"","is_daily":false,"chose_seed":false,"campfire_upgraded":6,"win_rate":0.0,"timestamp":1607662216,"path_taken":["M","M","M","$","?","R","M","R","T","R","?","?","M","M","R","BOSS","M","M","?","AVR","M","R","M","R","T","?","M"],"items_purchased_type":["Card","Card","Relic"],"build_version":"2020-11-30","purchased_purges":3,"victory":false,"max_hp_per_floor":[75,75,75,75,75,75,75,75,75,75,75,75,75,75,75,75,75,75,75,75,75,75,75,75,75,75,75,75,75],"card_choices":[{"not_picked":["Lockon","Static Discharge"],"picked":"Cold Snap","floor":1.0},{"not_picked":["Stack","Go for the Eyes","Reinforced Body"],"picked":"SKIP","floor":2.0},{"not_picked":["Go for the Eyes","Ball Lightning"],"picked":"Blizzard","floor":3.0},{"not_picked":["Turbo","Barrage","Compile Driver"],"picked":"SKIP","floor":7.0},{"not_picked":["Go for the Eyes","Hologram+1"],"picked":"Blizzard","floor":13},{"not_picked":["Steam Power+1","Creative AI","Sweeping Beam"],"picked":"SKIP","floor":14},{"not_picked":["Defragment","Compile Driver"],"picked":"Coolheaded+1","floor":18},{"not_picked":["Melter","Go for the Eyes+1","Steam+1"],"picked":"SKIP","floor":19},{"not_picked":["BootSequence+1","Loop","Redo+1"],"picked":"SKIP","floor":22},{"not_picked":["Rebound","Loop"],"picked":"Defragment","floor":24}],"player_experience":538731,"relics_obtained":[{"floor":9.0,"key":"Toxic Egg 2"},{"floor":26,"key":"infinitespire:EmpoweringShard"}],"event_choices":[{"cards_removed":["Defend_B"],"damage_healed":0.0,"max_hp_gain":0.0,"max_hp_loss":0.0,"gold_gain":0.0,"event_name":"Golden Wing","player_choice":"Card Removal","floor":5.0,"gold_loss":0.0,"damage_taken":7.0},{"damage_healed":0.0,"max_hp_gain":0.0,"max_hp_loss":0.0,"gold_gain":0.0,"event_name":"betterThird:BetterGoop","player_choice":"Slimed","floor":11.0,"gold_loss":33.0,"damage_taken":11.0},{"damage_healed":0,"gold_gain":0,"player_choice":"LEAVE","damage_taken":0,"max_hp_gain":0,"max_hp_loss":0,"event_name":"betterThird:BetterScrap","floor":12,"gold_loss":0,"cards_obtained":["Endless Agony"]},{"damage_healed":0,"gold_gain":100,"player_choice":"Pray","damage_taken":0,"max_hp_gain":0,"max_hp_loss":0,"event_name":"Golden Shrine","floor":20,"gold_loss":0},{"damage_healed":0,"gold_gain":0,"player_choice":"Gave Potion","damage_taken":0,"relics_obtained":["infinitespire:Lucky Rock"],"max_hp_gain":0,"max_hp_loss":0,"event_name":"WeMeetAgain","floor":27,"gold_loss":0}],"is_beta":false,"boss_relics":[{"not_picked":["Cursed Key","Snecko Eye"],"picked":"Runic Pyramid"}],"items_purged_floors":[0,4,21],"is_endless":false,"potions_floor_spawned":[1,7,18,22],"killed_by":"Centurion and Healer","ascension_level":0}}