{"host":"usewcu4ohw2wtmxk","time":1607646265,"event":{"mods":["AchievementEnabler","BaseMod","BetterRewards","Colored Powertips","Minty Spire (QoL Compilation)","Permanent Neow","Quick Restart","Relic Sorter","Relic Stats","Shop Mod","StSLib","UnlockEverythingMod"],"gold_per_floor":[115,115,135,148,73,73,73],"floor_reached":6,"playtime":137,"items_purged":["Strike_G"],"score":72,"play_id":"5994c2d7-2b24-47b3-91f1-7f8ea6736a97","local_time":"20201211082425","is_ascension_mode":true,"campfire_choices":[],"circlet_count":0,"master_deck":["AscendersBane","Strike_G","Strike_G","Strike_G","Strike_G","Defend_G","Defend_G","Defend_G","Defend_G","Defend_G","Survivor","Neutralize","Dagger Spray"],"relics":["Black Star","Art of War"],"acts_visited":["Exordium"],"potions_floor_usage":[],"damage_taken":[{"damage":2,"enemies":"Small Slimes","floor":1,"turns":7},{"damage":8,"enemies":"Jaw Worm","floor":3,"turns":8},{"damage":1,"enemies":"2 Louse","floor":4,"turns":3},{"damage":0,"enemies":"Lagavulin","floor":6,"turns":1}],"seed_played":"-2253472658763850516","potions_obtained":[],"is_trial":false,"path_per_floor":["M","?","M","M","$","E"],"character_chosen":"THE_SILENT","items_purchased":[],"campfire_rested":0,"item_purchase_floors":[],"current_hp_per_floor":[57,46,38,37,37,37,37],"gold":73,"neow_bonus":"BOSS_RELIC","is_daily":false,"chose_seed":false,"campfire_upgraded":0,"win_rate":0.0,"timestamp":1607646265,"path_taken":["M","?","M","M","$","E"],"items_purchased_type":[],"build_version":"2020-11-30","purchased_purges":1,"victory":false,"max_hp_per_floor":[66,66,66,66,66,66,66],"relic_stats":{"counters":[4,18],"Black Star":0,"Art of War":[1],"obtain_stats":[{"Black Star":0,"Art of War":2,"Ring of the Snake":0},{"Black Star":0,"Art of War":1,"Ring of the Snake":0},{"Black Star":0,"Art of War":7,"Ring of the Snake":0}]},"card_choices":[{"not_picked":["Outmaneuver","Sucker Punch","Caltrops"],"picked":"SKIP","floor":1},{"not_picked":["Quick Slash","Flechettes"],"picked":"Dagger Spray","floor":3},{"not_picked":["Acrobatics","Skewer","Cloak And Dagger"],"picked":"SKIP","floor":4}],"player_experience":237625,"relics_obtained":[],"event_choices":[{"damage_healed":0,"gold_gain":0,"player_choice":"Success","damage_taken":11,"relics_obtained":["Art of War"],"max_hp_gain":0,"max_hp_loss":0,"event_name":"Scrap Ooze","floor":2,"gold_loss":0}],"is_beta":false,"boss_relics":[],"items_purged_floors":[5],"is_endless":false,"potions_floor_spawned":[],"killed_by":"Lagavulin","ascension_level":20}}