{"host":"90jl2h70xtuoeg0i","time":1607722991,"event":{"mods":["AchievementEnabler","BaseMod","Colored Map","Colored Powertips","Minty Spire (QoL Compilation)","Relic Stats","ojb\u0027s Better Paths Mod","ojb\u0027s Info Mod"],"gold_per_floor":[157,191,221,221,259,259,239,274,297,356,395,428,428,135,135,135,135],"floor_reached":16,"playtime":1373,"items_purged":["Strike_G"],"score":196,"play_id":"a69ea91b-65d2-4040-a3bd-76b0be3c9b20","local_time":"20201211164311","is_ascension_mode":true,"campfire_choices":[{"floor":6,"key":"REST"},{"floor":13,"key":"REST"},{"data":"HandOfGreed","floor":15,"key":"SMITH"}],"circlet_count":0,"master_deck":["AscendersBane","Strike_G","Strike_G","Strike_G","Strike_G","Defend_G","Defend_G","Defend_G","Defend_G","Defend_G","Survivor","Neutralize","HandOfGreed+1","Masterful Stab","All Out Attack","Dagger Spray","Bullet Time","Terror","Unload","Good Instincts"],"relics":["Ring of the Snake","Golden Idol","Omamori","Smiling Mask","Tiny Chest"],"acts_visited":[],"potions_floor_usage":[8,16,16],"damage_taken":[{"damage":3,"enemies":"2 Louse","floor":1,"turns":5},{"damage":0,"enemies":"Small Slimes","floor":2,"turns":2},{"damage":0,"enemies":"Cultist","floor":3,"turns":3},{"damage":1,"enemies":"Large Slime","floor":5,"turns":6},{"damage":29,"enemies":"Lagavulin","floor":8,"turns":7},{"damage":2,"enemies":"Exordium Thugs","floor":10,"turns":4},{"damage":10,"enemies":"3 Sentries","floor":11,"turns":6},{"damage":2,"enemies":"2 Fungi Beasts","floor":12,"turns":3},{"damage":40,"enemies":"Slime Boss","floor":16,"turns":6}],"seed_played":"7117700526717401711","potions_obtained":[{"floor":1,"key":"FearPotion"},{"floor":5,"key":"FearPotion"},{"floor":7,"key":"CultistPotion"},{"floor":12,"key":"PowerPotion"}],"is_trial":false,"path_per_floor":["M","M","M","?","M","R","?","E","T","M","E","M","R","$","R","B"],"character_chosen":"THE_SILENT","items_purchased":["Unload","Good Instincts"],"campfire_rested":2,"item_purchase_floors":[14,14],"current_hp_per_floor":[41,41,41,41,40,58,58,29,29,27,17,15,33,33,33,0,0],"gold":135,"neow_bonus":"RANDOM_COLORLESS_2","is_daily":false,"chose_seed":false,"campfire_upgraded":1,"win_rate":0.0,"timestamp":1607722991,"path_taken":["M","M","M","?","M","R","?","E","T","?","E","M","R","$","R","BOSS"],"items_purchased_type":["Card","Card"],"build_version":"2020-11-30","purchased_purges":1,"victory":false,"max_hp_per_floor":[66,66,66,60,60,60,60,60,60,60,60,60,60,60,60,60,60],"relic_stats":{"counters":[9,42],"Golden Idol":26,"Tiny Chest":0,"Smiling Mask":25,"obtain_stats":[{"Golden Idol":4,"Tiny Chest":11,"Omamori":8,"Smiling Mask":9,"Ring of the Snake":0},{"Golden Idol":3,"Tiny Chest":7,"Omamori":5,"Smiling Mask":5,"Ring of the Snake":0},{"Golden Idol":10,"Tiny Chest":33,"Omamori":23,"Smiling Mask":23,"Ring of the Snake":0}],"Ring of the Snake":[18]},"card_choices":[{"not_picked":["Metamorphosis","Violence"],"picked":"HandOfGreed","floor":0},{"not_picked":["Bane","Accuracy"],"picked":"Masterful Stab","floor":1},{"not_picked":["Endless Agony","Cloak And Dagger"],"picked":"All Out Attack","floor":2},{"not_picked":["Sucker Punch","Bane","Choke"],"picked":"SKIP","floor":3},{"not_picked":["Flying Knee","Well Laid Plans"],"picked":"Dagger Spray","floor":5},{"not_picked":["Dodge and Roll","Flying Knee"],"picked":"Bullet Time","floor":8},{"not_picked":["Outmaneuver","Poisoned Stab","Acrobatics"],"picked":"SKIP","floor":10},{"not_picked":["Dagger Spray","Footwork"],"picked":"Terror","floor":11},{"not_picked":["Outmaneuver","Endless Agony","Deadly Poison"],"picked":"SKIP","floor":12}],"player_experience":1225680,"relics_obtained":[{"floor":8,"key":"Omamori"},{"floor":9,"key":"Smiling Mask"},{"floor":11,"key":"Tiny Chest"}],"event_choices":[{"damage_healed":0,"gold_gain":0,"player_choice":"Lose Max HP","damage_taken":0,"relics_obtained":["Golden Idol"],"max_hp_gain":0,"max_hp_loss":6,"event_name":"Golden Idol","floor":4,"gold_loss":0},{"damage_healed":0,"gold_gain":0,"player_choice":"Bought 1 Potion","damage_taken":0,"max_hp_gain":0,"max_hp_loss":0,"event_name":"The Woman in Blue","floor":7,"gold_loss":0}],"is_beta":false,"boss_relics":[],"items_purged_floors":[14],"is_endless":false,"potions_floor_spawned":[1,5,12],"killed_by":"Slime Boss","ascension_level":15}}