{"host":"iuz15hczu39z2x63","time":1607703367,"event":{"mods":["Act Like it!","BaseMod","Gensokyo","Minty Spire (QoL Compilation)","Remilia£®¿Ÿ√◊¿Ú—«£©","StSLib"],"gold_per_floor":[110,110,110,125,135,135,186,186,210,245,245,265,292,324,324,450,450,460,472,481,378,407,454,454,534,534,534,643,543,556,556,556,675,675,694,705,804,804,507,569,569,604,630,673,673,468,494,509,509,509,509,509,46,77,77],"floor_reached":56,"playtime":3511,"items_purged":["Strike_RM","Strike_RM","Defend_RM","Strike_RM","Defend_RM"],"score":1914,"play_id":"0276f3b4-e2ca-475e-a58d-cf50f793f51f","local_time":"20201212001607","is_ascension_mode":true,"campfire_choices":[{"data":"DiffusionOfMisfortune","floor":6.0,"key":"SMITH"},{"data":"RedMoon","floor":8.0,"key":"SMITH"},{"data":"ScarletShoot","floor":15.0,"key":"SMITH"},{"data":"QueenOfMidnight","floor":24.0,"key":"SMITH"},{"data":"CurseOfVladTepes","floor":27.0,"key":"SMITH"},{"data":"CeilingFear","floor":32.0,"key":"SMITH"},{"data":"EquivalentExchange","floor":45,"key":"SMITH"},{"floor":49,"key":"RECALL"},{"data":"ScarletGensokyo","floor":52,"key":"SMITH"}],"circlet_count":0,"master_deck":["AscendersBane","Defend_RM","Defend_RM","RedMoon+1","ScarletShoot+1","DiffusionOfMisfortune+1","BloodRain+1","FavorOfDestiny","RedMagic","CurseOfVladTepes+1","QueenOfMidnight+1","Gensokyo:AllTheWorldsEvil","UltimateOffering","DevilSight","EquivalentExchange+1","ReincarnationDial","CeilingFear+1","DevilSight","Septette+1","DevilSight","Septette+1","SuperhumanBloodyKnife+1","ScarletGensokyo+1","VampireSweep","MillenniumVampire"],"relics":["ScarletHat","Anchor","Gensokyo:NagashiBinaDoll","CeramicFish","Bronze Scales","Pear","HornCleat","Bird Faced Urn","Velvet Choker","Dead Branch","InkBottle","FairyMaid","Ginger","Calipers","Black Star","Gungnir","Centennial Puzzle","AntiCross","Smiling Mask","Eternal Feather","Lantern","Pantograph","Darkstone Periapt","OrangePellets","Bottled Flame","White Beast Statue","Vajra"],"acts_visited":["Gensokyo:Gensokyo","Gensokyo:Gensokyoer","TheBeyond","TheEnding"],"potions_floor_usage":[42,55,55,55],"damage_taken":[{"damage":0.0,"enemies":"Gensokyo:Gryphon","floor":1.0,"turns":5.0},{"damage":4.0,"enemies":"Gensokyo:Python","floor":4.0,"turns":4.0},{"damage":4.0,"enemies":"Gensokyo:2_Kodama","floor":5.0,"turns":3.0},{"damage":10.0,"enemies":"Gensokyo:Cirno","floor":7.0,"turns":8.0},{"damage":7.0,"enemies":"Gensokyo:Mamizou","floor":10.0,"turns":11.0},{"damage":0.0,"enemies":"Gensokyo:Kitsune","floor":12.0,"turns":6.0},{"damage":0.0,"enemies":"Gensokyo:Aya","floor":13.0,"turns":4.0},{"damage":0.0,"enemies":"Gensokyo:LivingMonolith","floor":14.0,"turns":3.0},{"damage":63.0,"enemies":"Gensokyo:Yukari","floor":16.0,"turns":15.0},{"damage":0.0,"enemies":"Gensokyo:AngelMirror","floor":18.0,"turns":4.0},{"damage":0.0,"enemies":"Gensokyo:3_Dogs","floor":19.0,"turns":6.0},{"damage":1.0,"enemies":"Gensokyo:Wraith","floor":22.0,"turns":4.0},{"damage":64.0,"enemies":"Gensokyo:Koishi","floor":23.0,"turns":5.0},{"damage":80.0,"enemies":"Gensokyo:Tenshi","floor":25.0,"turns":6.0},{"damage":17.0,"enemies":"Gensokyo:Tenshi","floor":28.0,"turns":3.0},{"damage":21.0,"enemies":"Gensokyo:Monolith_and_Dog","floor":30.0,"turns":2.0},{"damage":32.0,"enemies":"Gensokyo:Kaguya","floor":33.0,"turns":8.0},{"damage":45.0,"enemies":"3 Darklings","floor":35.0,"turns":4.0},{"damage":35.0,"enemies":"Orb Walker","floor":36.0,"turns":2.0},{"damage":39.0,"enemies":"Mind Bloom Boss Battle","floor":37.0,"turns":7.0},{"damage":86.0,"enemies":"Giant Head","floor":40.0,"turns":11.0},{"damage":52,"enemies":"Reptomancer","floor":42,"turns":3},{"damage":41,"enemies":"Nemesis","floor":44,"turns":1},{"damage":41,"enemies":"Spire Growth","floor":47,"turns":2},{"damage":41,"enemies":"Maw","floor":48,"turns":2},{"damage":51,"enemies":"Time Eater","floor":50,"turns":7},{"damage":45,"enemies":"Shield and Spear","floor":54,"turns":2},{"damage":109,"enemies":"The Heart","floor":55,"turns":8}],"seed_played":"-6218165529352350313","potions_obtained":[{"floor":5.0,"key":"PowerPotion"},{"floor":5.0,"key":"SkillPotion"},{"floor":10.0,"key":"Weak Potion"},{"floor":12.0,"key":"Regen Potion"},{"floor":13.0,"key":"Regen Potion"},{"floor":13.0,"key":"Explosive Potion"},{"floor":14.0,"key":"DestinyDice"},{"floor":30.0,"key":"Fire Potion"},{"floor":35.0,"key":"Strength Potion"},{"floor":36.0,"key":"LiquidMemories"},{"floor":42,"key":"LiquidBronze"},{"floor":44,"key":"PowerPotion"}],"is_trial":false,"path_per_floor":["M","?","?","M","M","R","E","R","T","E","T","M","E","M","R","B",null,"M","M","?","$","M","E","R","E","T","R","?","$","M","?","R","B",null,"M","M","?","?","$","E","?","E","T","E","R","$","M","M","R","B",null,"R","$","E","B",null],"character_chosen":"REMILIA","items_purchased":["Ultimatum","DevilSight","Centennial Puzzle","OrangePellets","MillenniumVampire","Bottled Flame","CultistPotion"],"campfire_rested":0,"item_purchase_floors":[21,39,39,46,53,53,53],"current_hp_per_floor":[68,68,68,64,60,60,50,50,50,60,60,63,72,72,72,19,69,73,85,85,85,85,69,69,55,55,55,59,59,63,63,63,74,82,73,77,83,83,83,84,81,80,80,81,81,81,81,81,81,36,70,81,81,81,81],"gold":77,"neow_bonus":"RANDOM_COMMON_RELIC","is_daily":false,"chose_seed":false,"campfire_upgraded":8,"win_rate":0.0,"timestamp":1607703367,"path_taken":["M","?","?","M","?","R","E","R","T","E","?","M","E","M","R","BOSS","M","M","?","$","M","E","R","E","T","R","?","?","?","?","R","BOSS","M","M","?","?","$","E","?","E","T","E","R","$","M","M","R","BOSS","R","$","E","BOSS"],"items_purchased_type":["Card","Card","Relic","Relic","Card","Relic","Potion"],"build_version":"2020-11-30","purchased_purges":5,"victory":true,"max_hp_per_floor":[75,75,75,75,75,75,75,75,75,85,85,85,85,85,85,85,85,85,85,85,85,85,85,85,85,85,85,85,85,85,85,85,85,85,85,85,85,85,85,85,81,81,81,81,81,81,81,81,81,81,81,81,81,81,81],"card_choices":[{"not_picked":["RedRainbow","EndlessAdversity"],"picked":"DiffusionOfMisfortune","floor":1.0},{"not_picked":["BloodHunter","ScarletSymphony"],"picked":"FavorOfDestiny","floor":4.0},{"not_picked":["ScarletSymphony","StarOfDavid"],"picked":"RedMagic","floor":5.0},{"not_picked":["FavorOfDestiny","ScarletDream","RedMagic"],"picked":"SKIP","floor":7.0},{"not_picked":["ScarletGensokyo","FavorOfDestiny"],"picked":"CurseOfVladTepes","floor":10.0},{"not_picked":["ScarletSymphony","MastersStateliness","UnstableMagic"],"picked":"SKIP","floor":12.0},{"not_picked":["EndlessAdversity","EmergencyRegeneration","FitfulNightmare"],"picked":"SKIP","floor":13.0},{"not_picked":["ScarletDevil","EndlessAdversity","ScarletImprint"],"picked":"SKIP","floor":14.0},{"not_picked":["CurseOfVladTepes","KillingBlow"],"picked":"QueenOfMidnight","floor":16.0},{"not_picked":["Maim+1","ScarletDevil","FavorOfDestiny"],"picked":"SKIP","floor":18.0},{"not_picked":["MastersStateliness","UnstableMagic","CharismaGuard"],"picked":"SKIP","floor":19.0},{"not_picked":["CharismaGuard","UnstableMagic"],"picked":"UltimateOffering","floor":22.0},{"not_picked":["MiserableFate","GlobalNightmare"],"picked":"DevilSight","floor":22.0},{"not_picked":["ScarletDevil","BloodHunter+1"],"picked":"EquivalentExchange","floor":23.0},{"not_picked":["BloodyTrap+1","BombardNight"],"picked":"ReincarnationDial","floor":23.0},{"not_picked":["ScarletImprint","EmergencyRegeneration"],"picked":"CeilingFear","floor":25.0},{"not_picked":["BlasphemousPunishment","EndlessAdversity+1","UnstableMagic"],"picked":"SKIP","floor":25.0},{"not_picked":["NightDance+1","MastersStateliness"],"picked":"DevilSight","floor":28.0},{"not_picked":["ScarletImprint+1","NightDance","RedMagic"],"picked":"SKIP","floor":30.0},{"not_picked":["CharismaGuard+1","MastersStateliness","DiffusionOfMisfortune"],"picked":"SKIP","floor":35.0},{"not_picked":["BombardNight+1","Maim","ForbiddenFruit+1"],"picked":"SKIP","floor":36.0},{"not_picked":["ScarletSymphony+1","UnstableMagic+1","MastersStateliness"],"picked":"SKIP","floor":36.0},{"not_picked":["GlobalNightmare","VampireClaw+1"],"picked":"Septette+1","floor":37.0},{"not_picked":["NightDance+1","RedRainbow"],"picked":"Septette+1","floor":40.0},{"not_picked":["BombardNight","NightDance+1"],"picked":"SuperhumanBloodyKnife+1","floor":42},{"not_picked":["RedRainbow","BombardNight+1"],"picked":"ScarletGensokyo","floor":44},{"not_picked":["QueenOfMidnight","CharismaGuard"],"picked":"VampireSweep","floor":47},{"not_picked":["RedMagic","EndlessAdversity","UnstableMagic+1"],"picked":"SKIP","floor":48},{"not_picked":["ScarletDevil","QueenOfMidnight","BloodAndWine"],"picked":"SKIP","floor":54}],"player_experience":686697,"relics_obtained":[{"floor":7.0,"key":"CeramicFish"},{"floor":9.0,"key":"Bronze Scales"},{"floor":10.0,"key":"Pear"},{"floor":11.0,"key":"HornCleat"},{"floor":13.0,"key":"Bird Faced Urn"},{"floor":23.0,"key":"Dead Branch"},{"floor":25.0,"key":"InkBottle"},{"floor":26.0,"key":"FairyMaid"},{"floor":28.0,"key":"Ginger"},{"floor":28.0,"key":"Calipers"},{"floor":37.0,"key":"Gungnir"},{"floor":40.0,"key":"AntiCross"},{"floor":40.0,"key":"Smiling Mask"},{"floor":42,"key":"Eternal Feather"},{"floor":42,"key":"Lantern"},{"floor":44,"key":"Pantograph"},{"floor":44,"key":"Darkstone Periapt"},{"floor":54,"key":"White Beast Statue"},{"floor":54,"key":"Vajra"}],"event_choices":[{"damage_healed":0.0,"max_hp_gain":0.0,"max_hp_loss":0.0,"gold_gain":0.0,"event_name":"MindBloom","player_choice":"Fight","floor":37.0,"gold_loss":0.0,"damage_taken":0.0},{"cards_removed":["Ultimatum"],"damage_healed":0.0,"max_hp_gain":0.0,"max_hp_loss":0.0,"gold_gain":0.0,"event_name":"Falling","player_choice":"Removed Attack","floor":38.0,"gold_loss":0.0,"damage_taken":0.0},{"damage_healed":0.0,"max_hp_gain":0.0,"max_hp_loss":4.0,"gold_gain":0.0,"event_name":"Winding Halls","player_choice":"Max HP","floor":41.0,"gold_loss":0.0,"damage_taken":0.0}],"is_beta":false,"boss_relics":[{"not_picked":["Ectoplasm","Busted Crown"],"picked":"Velvet Choker"},{"not_picked":["Tiny House","Cursed Key"],"picked":"Black Star"}],"items_purged_floors":[21,29,39,46,53],"is_endless":false,"potions_floor_spawned":[5,12,13,14,18,30,36,42,44,47],"ascension_level":10}}