{"host":"v52ntiwll8g9892u","time":1607687915,"event":{"mods":["Aspiration","BaseMod","Marisa£®ÏF”Í°°ƒß¿Ì…≥£©","Minty Spire (QoL Compilation)","StSLib","The Bug Knight"],"gold_per_floor":[118,118,128,203,221,246,246,263,290,304,304,304],"floor_reached":11,"playtime":310,"items_purged":[],"score":150,"play_id":"16239dae-34b8-49d1-a9e9-9d66e3b49f1a","local_time":"20201211195835","is_ascension_mode":true,"campfire_choices":[{"data":"Eruption","floor":7.0,"key":"SMITH"}],"circlet_count":0,"master_deck":["AscendersBane","Strike_P","Strike_P","Strike_P+1","Strike_P+1","Defend_P","Defend_P","Defend_P","Defend_P","Eruption+1","Vigilance","CutThroughFate","BowlingBash","TalkToTheHand"],"relics":["aspiration:RitualDagger","HollowMod:StagPassRelic"],"acts_visited":["Exordium"],"potions_floor_usage":[11],"damage_taken":[{"damage":32.0,"enemies":"Small Slimes","floor":1.0,"turns":3.0},{"damage":10.0,"enemies":"Jaw Worm","floor":3.0,"turns":2.0},{"damage":15.0,"enemies":"2 Louse","floor":5.0,"turns":3.0},{"damage":25.0,"enemies":"Gremlin Nob","floor":6.0,"turns":3.0},{"damage":14.0,"enemies":"Gremlin Gang","floor":8.0,"turns":3.0},{"damage":28.0,"enemies":"Large Slime","floor":10.0,"turns":5.0},{"damage":30,"enemies":"Lagavulin","floor":11,"turns":5}],"seed_played":"1666023206286291279","potions_obtained":[{"floor":3.0,"key":"GamblersBrew"},{"floor":6.0,"key":"ColorlessPotion"}],"is_trial":false,"path_per_floor":["M","?","M","?","M","E","R","M","T","M","E"],"character_chosen":"WATCHER","items_purchased":[],"campfire_rested":0,"item_purchase_floors":[],"current_hp_per_floor":[29,9,68,57,46,31,31,28,28,11,0,0],"gold":304,"neow_bonus":"BOSS_RELIC","is_daily":false,"chose_seed":false,"campfire_upgraded":1,"win_rate":0.0,"timestamp":1607687915,"path_taken":["M","?","M","?","M","E","R","M","T","M","E"],"items_purchased_type":[],"build_version":"2020-11-30","purchased_purges":0,"victory":false,"max_hp_per_floor":[68,68,68,68,68,68,68,68,68,68,68,68],"card_choices":[{"not_picked":["Evaluate","JustLucky"],"picked":"CutThroughFate","floor":1.0},{"not_picked":["PathToVictory","ThirdEye"],"picked":"BowlingBash","floor":3.0},{"not_picked":["EmptyFist","FlurryOfBlows","PathToVictory"],"picked":"SKIP","floor":5.0},{"not_picked":["EmptyFist","Consecrate","FollowUp"],"picked":"SKIP","floor":6.0},{"not_picked":["Halt","Perseverance"],"picked":"TalkToTheHand","floor":8.0},{"not_picked":["LikeWater","Weave","Evaluate"],"picked":"SKIP","floor":10.0}],"player_experience":1232341,"relics_obtained":[{"floor":6.0,"key":"HollowMod:StagPassRelic"}],"event_choices":[{"damage_healed":0.0,"max_hp_gain":0.0,"max_hp_loss":0.0,"gold_gain":0.0,"event_name":"Shining Light","player_choice":"Entered Light","floor":2.0,"gold_loss":0.0,"damage_taken":20.0,"cards_upgraded":["Strike_P","Strike_P"]},{"damage_healed":0.0,"max_hp_gain":0.0,"max_hp_loss":0.0,"gold_gain":75.0,"event_name":"World of Goop","player_choice":"Gather Gold","floor":4.0,"gold_loss":0.0,"damage_taken":11.0}],"is_beta":false,"boss_relics":[],"items_purged_floors":[],"is_endless":false,"potions_floor_spawned":[3,6],"killed_by":"Lagavulin","ascension_level":20}}