{"host":"6gwm7y0tp7acoxay","time":1607687337,"event":{"mods":["AchievementEnabler","BaseMod","Colored Map","Keyboard Shortcuts","Minty Spire (QoL Compilation)","Quick Restart","StSLib","SuperFastMode","everything is the same but u backflip on backflip"],"gold_per_floor":[109,120,130,130,130,156,189,218,242,275,327,327,360,387,387,464,464,482,501,501,170,170,205,221,260,260,303,338,338,370,404,404,492,492,507,526,34,81,31,61,104,130,156,192,192,192,222,222,222,222,222,222,222,5,39,39],"floor_reached":57,"playtime":1796,"items_purged":["Rampage","Rage"],"score":3887,"play_id":"36a46c50-e0e8-4c4d-9562-c2f90a82a007","local_time":"20201211204857","daily_mods":["SealedDeck","Heirloom","Flight"],"is_ascension_mode":true,"campfire_choices":[{"data":"Armaments","floor":12.0,"key":"SMITH"},{"data":"Battle Trance","floor":15.0,"key":"SMITH"},{"floor":29.0,"key":"REST"},{"data":"Demon Form","floor":32.0,"key":"SMITH"},{"floor":49,"key":"RECALL"},{"data":"Uppercut","floor":53,"key":"SMITH"}],"circlet_count":0,"master_deck":["AscendersBane","Headbutt+1","Shrug It Off","Thunderclap","Flex","Shockwave","Feel No Pain+1","Battle Trance+1","Entrench","Whirlwind","Uppercut+1","Armaments+1","Demon Form+1","Immolate","Body Slam","Shockwave","Second Wind","Corruption","Reaper","Second Wind","Apotheosis","Fiend Fire","Impervious","Fiend Fire","Exhume","Disarm+1"],"relics":["Burning Blood","Dead Branch","Ornamental Fan","Akabeko","Strawberry","PreservedInsect","HornCleat","Meat on the Bone","Letter Opener","Snecko Eye","Prayer Wheel","Enchiridion","Boot","CeramicFish","Pantograph","Regal Pillow","Orichalcum","Oddly Smooth Stone","Smiling Mask","Coffee Dripper","Gambling Chip","Self Forming Clay","Lantern","Molten Egg 2","Ancient Tea Set","Question Card","Omamori","Happy Flower","Centennial Puzzle"],"acts_visited":["Exordium","TheCity","TheBeyond","TheEnding"],"potions_floor_usage":[56,56],"damage_taken":[{"damage":0.0,"enemies":"Cultist","floor":1.0,"turns":3.0},{"damage":9.0,"enemies":"2 Louse","floor":2.0,"turns":2.0},{"damage":6.0,"enemies":"Jaw Worm","floor":3.0,"turns":3.0},{"damage":24.0,"enemies":"Gremlin Nob","floor":6.0,"turns":4.0},{"damage":6.0,"enemies":"3 Sentries","floor":7.0,"turns":6.0},{"damage":11.0,"enemies":"Lagavulin","floor":8.0,"turns":6.0},{"damage":0.0,"enemies":"3 Sentries","floor":10.0,"turns":1.0},{"damage":21.0,"enemies":"Gremlin Nob","floor":13.0,"turns":4.0},{"damage":5.0,"enemies":"3 Sentries","floor":14.0,"turns":2.0},{"damage":23.0,"enemies":"Hexaghost","floor":16.0,"turns":9.0},{"damage":0.0,"enemies":"Chosen","floor":18.0,"turns":3.0},{"damage":11.0,"enemies":"Shell Parasite","floor":19.0,"turns":4.0},{"damage":0.0,"enemies":"Slavers","floor":23.0,"turns":1.0},{"damage":0.0,"enemies":"Centurion and Healer","floor":24.0,"turns":4.0},{"damage":28.0,"enemies":"Book of Stabbing","floor":25.0,"turns":5.0},{"damage":7.0,"enemies":"Slavers","floor":27.0,"turns":2.0},{"damage":34.0,"enemies":"Gremlin Leader","floor":28.0,"turns":4.0},{"damage":0.0,"enemies":"Slavers","floor":30.0,"turns":1.0},{"damage":0.0,"enemies":"Gremlin Leader","floor":31.0,"turns":1.0},{"damage":7.0,"enemies":"Champ","floor":33.0,"turns":8.0},{"damage":0.0,"enemies":"3 Darklings","floor":35.0,"turns":1.0},{"damage":21.0,"enemies":"3 Shapes","floor":36.0,"turns":1.0},{"damage":2.0,"enemies":"2 Orb Walkers","floor":38.0,"turns":5.0},{"damage":0.0,"enemies":"Nemesis","floor":40.0,"turns":1.0},{"damage":12.0,"enemies":"Reptomancer","floor":41.0,"turns":2.0},{"damage":0.0,"enemies":"Giant Head","floor":42.0,"turns":2.0},{"damage":0.0,"enemies":"Reptomancer","floor":44.0,"turns":3.0},{"damage":0,"enemies":"Giant Head","floor":47,"turns":2},{"damage":14,"enemies":"Awakened One","floor":50,"turns":4},{"damage":0,"enemies":"Time Eater","floor":51,"turns":5},{"damage":0,"enemies":"Shield and Spear","floor":55,"turns":2},{"damage":14,"enemies":"The Heart","floor":56,"turns":6}],"seed_played":"6623738067700484461","potions_obtained":[{"floor":2.0,"key":"Strength Potion"},{"floor":6.0,"key":"Block Potion"},{"floor":27.0,"key":"ElixirPotion"},{"floor":33.0,"key":"PowerPotion"}],"is_trial":true,"path_per_floor":["M","M","M","?","?","E","E","E","T","E","T","R","E","E","R","B",null,"M","M","?","$","?","E","M","E","T","E","E","R","E","E","R","B",null,"M","M","$","?","$","E","E","E","T","E","?","?","E","?","R","B","B",null,"R","$","E","B",null],"character_chosen":"IRONCLAD","items_purchased":["Prayer Wheel","Apotheosis","Fiend Fire","Impervious","Happy Flower"],"campfire_rested":1,"item_purchase_floors":[21,37,37,37,54],"current_hp_per_floor":[74,71,71,48,48,30,30,32,32,38,38,38,23,36,36,31,69,75,70,70,70,49,55,61,51,51,50,34,73,79,82,82,81,82,82,67,67,82,82,82,76,82,82,82,82,78,78,78,78,70,78,78,78,78,78,78],"gold":39,"neow_bonus":"","is_daily":false,"chose_seed":false,"campfire_upgraded":4,"win_rate":0.0,"timestamp":1607687337,"path_taken":["M","?","?","?","?","E","E","E","T","E","?","R","E","E","R","BOSS","M","M","?","$","?","E","M","E","T","E","E","R","E","E","R","BOSS","M","M","$","?","$","E","E","E","T","E","?","?","E","?","R","BOSS","BOSS","R","$","E","BOSS"],"items_purchased_type":["Relic","Card","Card","Card","Relic"],"build_version":"2020-11-30","purchased_purges":2,"victory":true,"max_hp_per_floor":[75,75,75,75,75,75,75,82,82,82,82,82,82,82,82,82,82,82,82,82,82,82,82,82,82,82,82,82,82,82,82,82,82,82,82,82,82,82,82,82,82,82,82,82,82,78,78,78,78,78,78,78,78,78,78,78],"card_choices":[{"not_picked":["Warcry","Reckless Charge"],"picked":"Entrench","floor":1.0},{"not_picked":["Thunderclap","Rupture"],"picked":"Whirlwind","floor":2.0},{"not_picked":["Twin Strike","Rupture","Headbutt"],"picked":"SKIP","floor":3.0},{"not_picked":["Pummel","Thunderclap"],"picked":"Uppercut","floor":6.0},{"not_picked":["Sentinel","Body Slam"],"picked":"Armaments","floor":7.0},{"not_picked":["True Grit","Rupture","Armaments"],"picked":"SKIP","floor":8.0},{"not_picked":["Flame Barrier","Pommel Strike"],"picked":"Demon Form","floor":10.0},{"not_picked":["Rage","Pommel Strike","Flex"],"picked":"SKIP","floor":13.0},{"not_picked":["Bludgeon","Anger","Metallicize"],"picked":"SKIP","floor":14.0},{"not_picked":["Brutality","Demon Form"],"picked":"Immolate","floor":16.0},{"not_picked":["Dual Wield","Twin Strike","Rage"],"picked":"SKIP","floor":18.0},{"not_picked":["Thunderclap+1","Sword Boomerang","Warcry"],"picked":"SKIP","floor":19.0},{"not_picked":["Twin Strike","Wild Strike+1","Offering"],"picked":"SKIP","floor":23.0},{"not_picked":["Rage","Thunderclap"],"picked":"Body Slam","floor":24.0},{"not_picked":["Dark Embrace","Sword Boomerang","Battle Trance"],"picked":"SKIP","floor":24.0},{"not_picked":["Metallicize+1","Twin Strike"],"picked":"Shockwave","floor":25.0},{"not_picked":["Carnage","Iron Wave"],"picked":"Second Wind","floor":27.0},{"not_picked":["Infernal Blade","True Grit+1"],"picked":"Corruption","floor":28.0},{"not_picked":["Double Tap","Wild Strike","Entrench"],"picked":"SKIP","floor":30.0},{"not_picked":["Heavy Blade","Clothesline","Rage"],"picked":"SKIP","floor":31.0},{"not_picked":["Juggernaut","Barricade"],"picked":"Reaper","floor":33.0},{"not_picked":["Flex+1","Havoc+1","Armaments"],"picked":"SKIP","floor":35.0},{"not_picked":["Battle Trance","Sword Boomerang","Warcry"],"picked":"SKIP","floor":35.0},{"not_picked":["Sword Boomerang","Flame Barrier+1"],"picked":"Second Wind","floor":36.0},{"not_picked":["Pummel","Anger","Warcry"],"picked":"SKIP","floor":36.0},{"not_picked":["Brutality","Iron Wave","Rupture"],"picked":"SKIP","floor":40.0},{"not_picked":["Fiend Fire","Pommel Strike","Metallicize"],"picked":"SKIP","floor":41.0},{"not_picked":["Pommel Strike","Metallicize"],"picked":"Fiend Fire","floor":41.0},{"not_picked":["Cleave+1","Warcry+1","Reckless Charge+1"],"picked":"SKIP","floor":42.0},{"not_picked":["Havoc","Reckless Charge+1"],"picked":"Exhume","floor":44.0},{"not_picked":["Feed+1","Seeing Red","Heavy Blade+1","Ghostly Armor"],"picked":"SKIP","floor":47},{"not_picked":["Bloodletting+1","Intimidate","Sever Soul+1"],"picked":"Disarm+1","floor":55}],"player_experience":4270932,"relics_obtained":[{"floor":6.0,"key":"Ornamental Fan"},{"floor":7.0,"key":"Akabeko"},{"floor":8.0,"key":"Strawberry"},{"floor":9.0,"key":"PreservedInsect"},{"floor":10.0,"key":"HornCleat"},{"floor":13.0,"key":"Meat on the Bone"},{"floor":14.0,"key":"Letter Opener"},{"floor":22.0,"key":"Enchiridion"},{"floor":23.0,"key":"Boot"},{"floor":25.0,"key":"CeramicFish"},{"floor":26.0,"key":"Pantograph"},{"floor":27.0,"key":"Regal Pillow"},{"floor":28.0,"key":"Orichalcum"},{"floor":30.0,"key":"Oddly Smooth Stone"},{"floor":31.0,"key":"Smiling Mask"},{"floor":38.0,"key":"Gambling Chip"},{"floor":40.0,"key":"Self Forming Clay"},{"floor":41.0,"key":"Lantern"},{"floor":42.0,"key":"Molten Egg 2"},{"floor":43.0,"key":"Ancient Tea Set"},{"floor":44.0,"key":"Question Card"},{"floor":47,"key":"Omamori"},{"floor":55,"key":"Centennial Puzzle"}],"event_choices":[{"damage_healed":0.0,"max_hp_gain":0.0,"max_hp_loss":0.0,"gold_gain":0.0,"event_name":"Shining Light","player_choice":"Entered Light","floor":4.0,"gold_loss":0.0,"damage_taken":23.0,"cards_upgraded":["Clothesline","Headbutt"]},{"damage_healed":0.0,"max_hp_gain":0.0,"max_hp_loss":0.0,"gold_gain":0.0,"event_name":"Living Wall","player_choice":"Grow","floor":5.0,"gold_loss":0.0,"damage_taken":0.0,"cards_upgraded":["Feel No Pain"]},{"damage_healed":0.0,"max_hp_gain":0.0,"max_hp_loss":0.0,"gold_gain":0.0,"event_name":"The Mausoleum","player_choice":"Ignored","floor":20.0,"gold_loss":0.0,"damage_taken":0.0},{"damage_healed":0.0,"max_hp_gain":0.0,"max_hp_loss":0.0,"gold_gain":0.0,"event_name":"Cursed Tome","player_choice":"Obtained Book","floor":22.0,"gold_loss":0.0,"damage_taken":21.0},{"damage_healed":0.0,"max_hp_gain":0.0,"max_hp_loss":0.0,"gold_gain":0.0,"event_name":"Mysterious Sphere","player_choice":"Fight","floor":38.0,"gold_loss":0.0,"damage_taken":0.0},{"damage_healed":0.0,"max_hp_gain":0.0,"max_hp_loss":0.0,"gold_gain":0.0,"event_name":"Tomb of Lord Red Mask","player_choice":"Ignored","floor":45.0,"gold_loss":0.0,"damage_taken":0.0},{"damage_healed":0,"gold_gain":0,"player_choice":"Max HP","damage_taken":0,"max_hp_gain":0,"max_hp_loss":4,"event_name":"Winding Halls","floor":46,"gold_loss":0},{"cards_removed":["Clothesline"],"damage_healed":0,"gold_gain":0,"player_choice":"Removed Attack","damage_taken":0,"max_hp_gain":0,"max_hp_loss":0,"event_name":"Falling","floor":48,"gold_loss":0}],"is_beta":false,"boss_relics":[{"not_picked":["Cursed Key","Philosopher\u0027s Stone"],"picked":"Snecko Eye"},{"not_picked":["Runic Cube","Runic Pyramid"],"picked":"Coffee Dripper"}],"items_purged_floors":[39,54],"is_endless":false,"potions_floor_spawned":[2,6,10,13,16,24,27,28,33,35,36,42,44,47],"ascension_level":20}}