{"host":"svwqvw2il1zfkkg0","time":1607650524,"event":{"mods":["AchievementEnabler","BaseMod","BetterRewards","Colored Map","Colored Powertips","Custom Start","Downfall","GifTheSpireLib","Highlight Path","Hubris","Infinite Spire","Minty Spire (QoL Compilation)","Quick Restart","Replay The Spire","Shop Mod","StSLib","SuperFastMode"],"gold_per_floor":[111,111,111,126,144,172,172,20,20,20,47,81,98,109,109,208,208,224,224,224,240,258,258,276,276,300,300,317,317,349,349,445,445,461,478,279,279,279,112,127,150,200,200,200,200,200,200],"floor_reached":50,"playtime":3034,"items_purged":["infinitespire:Pacifist"],"score":421,"play_id":"704cd315-12e2-4205-b951-421f1c6053b3","local_time":"20201210173524","is_ascension_mode":false,"campfire_choices":[{"data":"Cloak And Dagger","floor":7,"key":"SMITH"},{"floor":15,"key":"REST"},{"floor":23,"key":"REST"},{"floor":29,"key":"REST"},{"floor":32,"key":"REST"},{"data":"Crippling Poison","floor":40,"key":"SMITH"},{"floor":46,"key":"REST"},{"data":"hubris:DuctTapeCard","floor":49,"key":"SMITH"}],"circlet_count":0,"master_deck":["Strike_G","Strike_G","Strike_G+1","Strike_G","Strike_G","Defend_G+1","Defend_G","Defend_G","Defend_G","Defend_G","Survivor","Neutralize","Leg Sweep","Cloak And Dagger+1","Crippling Poison+1","Flying Knee","Choke","Corpse Explosion","CurseOfTheBell","Bane+1","Deadly Poison+1","Bane+1","Dagger Throw+1","Bane","Bullet Time+1","Blade Dance+1","Blade Dance+1","Catalyst+1","hubris:DuctTapeCard+2"],"relics":["Ring of the Snake","Iron Hammer","Oddly Smooth Stone","Matryoshka","Bronze Scales","Ancient Tea Set","hubris:SlimyHat","Calling Bell","Regal Pillow","infinitespire:BottledMercury","TungstenRod","hubris:Teleporter","Replay:Wax Seal","Centennial Puzzle","infinitespire:EmpoweringShard","Cursed Key","Simple Rune","Darkstone Periapt","Bottled Flame","infinitespire:Lucky Rock","hubris:GlazedTorus","hubris:DuctTape"],"acts_visited":["Exordium","TheCity","TheBeyond"],"potions_floor_usage":[4,6,6,12,16,30,33,35,36,41],"damage_taken":[{"damage":0,"enemies":"Cultist","floor":1,"turns":4},{"damage":0,"enemies":"2 Louse","floor":4,"turns":1},{"damage":0,"enemies":"Jaw Worm","floor":5,"turns":3},{"damage":20,"enemies":"3 Sentries","floor":6,"turns":10},{"damage":8,"enemies":"Replay:BlueRogue","floor":12,"turns":4},{"damage":0,"enemies":"Exordium Thugs","floor":13,"turns":3},{"damage":0,"enemies":"3 Louse","floor":14,"turns":1},{"damage":29,"enemies":"Fading Forest","floor":16,"turns":11},{"damage":8,"enemies":"Chosen","floor":18,"turns":5},{"damage":0,"enemies":"3 Byrds","floor":21,"turns":4},{"damage":25,"enemies":"Centurion and Healer","floor":22,"turns":5},{"damage":8,"enemies":"Cultist and Chosen","floor":24,"turns":5},{"damage":42,"enemies":"Sentry and Sphere","floor":28,"turns":7},{"damage":20,"enemies":"Slavers","floor":30,"turns":5},{"damage":0,"enemies":"Collector","floor":33,"turns":1},{"damage":4,"enemies":"3 Darklings","floor":35,"turns":4},{"damage":8,"enemies":"3 Shapes","floor":36,"turns":3},{"damage":12,"enemies":"R_Hoarder","floor":41,"turns":6},{"damage":14,"enemies":"3 Darklings","floor":42,"turns":3},{"damage":16,"enemies":"Mind Bloom Boss Battle","floor":45,"turns":6},{"damage":75,"enemies":"infinitespire:MassOfShapes","floor":50,"turns":8}],"seed_played":"-4527464357431896685","potions_obtained":[{"floor":0,"key":"LiquidBronze"},{"floor":0,"key":"Flashbang"},{"floor":0,"key":"Explosive Potion"},{"floor":6,"key":"SneckoOil"},{"floor":13,"key":"Explosive Potion"},{"floor":21,"key":"Swift Potion"},{"floor":24,"key":"LiquidBronze"},{"floor":33,"key":"CunningPotion"},{"floor":35,"key":"Ancient Potion"},{"floor":36,"key":"AttackPotion"}],"is_trial":false,"path_per_floor":["M","?","?","M","M","E","R","$","T","$","T","E","M","M","R","B",null,"M","AVR","?","M","M","R","M","?","T","?","M","R","E","R","B",null,"M","M","$","?","R","E","M","T","?","R","AVR","R","B"],"character_chosen":"THE_SILENT","items_purchased":["Oddly Smooth Stone","Simple Rune","Darkstone Periapt"],"campfire_rested":5,"item_purchase_floors":[8,37,37],"current_hp_per_floor":[70,70,70,70,70,50,50,50,50,50,50,42,42,42,63,44,70,62,62,62,62,37,70,62,62,62,62,20,56,36,70,70,70,66,58,70,70,70,58,44,50,34,75,75,75,0,0],"gold":200,"neow_bonus":"THREE_SMALL_POTIONS","is_daily":false,"chose_seed":false,"campfire_upgraded":3,"win_rate":0.0,"timestamp":1607650524,"path_taken":["M","?","?","M","?","E","R","$","T","?","?","E","M","M","R","BOSS","M","AVR","?","M","M","R","M","?","T","?","M","R","E","R","BOSS","M","M","$","?","R","E","?","T","?","R","AVR","R","BOSS"],"items_purchased_type":["Relic","Relic","Relic"],"build_version":"2020-11-30","purchased_purges":1,"victory":false,"max_hp_per_floor":[70,70,70,70,70,70,70,70,70,70,70,70,70,70,70,70,70,70,70,70,70,70,70,70,70,70,70,70,70,70,70,70,70,70,70,82,82,82,82,82,88,88,88,88,88,88,88],"card_choices":[{"not_picked":["PiercingWail","Terror"],"picked":"Leg Sweep","floor":1},{"not_picked":["Acrobatics","Riddle With Holes"],"picked":"Dagger Spray","floor":4},{"not_picked":["Slice","Acrobatics"],"picked":"Crippling Poison","floor":5},{"not_picked":["Backflip","Caltrops"],"picked":"Dagger Spray","floor":6},{"not_picked":["Well Laid Plans","ReplayTheSpireMod:Shiv Toss","Deflect"],"picked":"SKIP","floor":12},{"not_picked":["hubris:Sniper","Skewer"],"picked":"Flying Knee","floor":13},{"not_picked":["Skewer","Outmaneuver"],"picked":"Choke","floor":14},{"not_picked":["Burst","A Thousand Cuts"],"picked":"Corpse Explosion","floor":16},{"not_picked":["Accuracy","Noxious Fumes"],"picked":"Bane+1","floor":18},{"not_picked":["Dagger Throw+1","Flying Knee"],"picked":"Deadly Poison+1","floor":21},{"not_picked":["Backflip","Dagger Throw"],"picked":"Bane+1","floor":22},{"not_picked":["hubris:TrickCloak","Dodge and Roll","hubris:SlightOfHand+1"],"picked":"SKIP","floor":24},{"not_picked":["Hidden Blade","Sneak Up+1"],"picked":"Dagger Throw+1","floor":28},{"not_picked":["PiercingWail+1","ReplayTheSpireMod:Tripwire"],"picked":"Bane","floor":30},{"not_picked":["After Image","Die Die Die"],"picked":"Bullet Time","floor":33},{"not_picked":["Well Laid Plans+1","ReplayTheSpireMod:Exploit Weakness+1","Quick Slash"],"picked":"SKIP","floor":35},{"not_picked":["Deadly Poison+1","Acrobatics"],"picked":"Blade Dance+1","floor":36},{"not_picked":["Eviscerate+1","Deflect"],"picked":"Blade Dance+1","floor":41},{"not_picked":["ReplayTheSpireMod:Shiv Toss","Doppelganger"],"picked":"Catalyst+1","floor":42}],"player_experience":360018,"relics_obtained":[{"floor":6,"key":"Iron Hammer"},{"floor":9,"key":"Matryoshka"},{"floor":11,"key":"Bronze Scales"},{"floor":11,"key":"Ancient Tea Set"},{"floor":12,"key":"hubris:SlimyHat"},{"floor":17,"key":"Regal Pillow"},{"floor":17,"key":"infinitespire:BottledMercury"},{"floor":17,"key":"TungstenRod"},{"floor":26,"key":"Replay:Wax Seal"},{"floor":26,"key":"Centennial Puzzle"},{"floor":30,"key":"infinitespire:EmpoweringShard"},{"floor":41,"key":"Bottled Flame"},{"floor":43,"key":"infinitespire:Lucky Rock"},{"floor":45,"key":"hubris:GlazedTorus"}],"event_choices":[{"damage_healed":0,"gold_gain":0,"player_choice":"Bought 0 Potions","damage_taken":0,"max_hp_gain":0,"max_hp_loss":0,"event_name":"The Woman in Blue","floor":3,"gold_loss":0},{"damage_healed":0,"gold_gain":0,"player_choice":"Smashed Altar","damage_taken":0,"max_hp_gain":0,"max_hp_loss":0,"event_name":"Forgotten Altar","floor":20,"gold_loss":0,"cards_obtained":["Decay"]},{"cards_removed":["Decay"],"damage_healed":0,"gold_gain":0,"player_choice":"Removed Curses","damage_taken":0,"max_hp_gain":0,"max_hp_loss":0,"event_name":"Fountain of Cleansing","floor":27,"gold_loss":0},{"damage_healed":0,"gold_gain":0,"player_choice":"Forge","damage_taken":0,"max_hp_gain":0,"max_hp_loss":0,"event_name":"Accursed Blacksmith","floor":38,"gold_loss":0,"cards_upgraded":["Bullet Time"]},{"damage_healed":0,"gold_gain":0,"player_choice":"Fight","damage_taken":0,"max_hp_gain":0,"max_hp_loss":0,"event_name":"MindBloom","floor":45,"gold_loss":0}],"is_beta":false,"boss_relics":[{"not_picked":["Ring of the Serpent","hubris:Backtick"],"picked":"Calling Bell"},{"not_picked":["hubris:TerracottaHorce","Snecko Scales"],"picked":"Cursed Key"}],"items_purged_floors":[47],"is_endless":false,"potions_floor_spawned":[1,6,13,21,24,33,35,36],"killed_by":"infinitespire:MassOfShapes","ascension_level":0}}