{"host":"07ljfmttuzqopd7f","time":1607667968,"event":{"mods":["2.2 Compatiblity","BaseMod","Block Reminder","Colored Map","Colored Powertips","Curses Come First","Hermit","Minty Spire (QoL Compilation)","Quick Restart","Random Character Button","Relic Stats","StSLib","The Cursed"],"gold_per_floor":[111,61,61,74,74,74,117,117,117,65,98,98,98,18,18,144,144,168,191,215,231,231,231],"floor_reached":22,"playtime":919,"items_purged":[],"score":242,"play_id":"a9d2746c-72d9-49ef-9bef-ac202bbb03df","local_time":"20201211012608","is_ascension_mode":true,"campfire_choices":[{"data":"hermit:HighNoon","floor":6,"key":"SMITH"},{"floor":8,"key":"REST"},{"data":"hermit:NoHoldsBarred","floor":15,"key":"SMITH"}],"circlet_count":0,"master_deck":["hermit:Strike_Hermit","hermit:Strike_Hermit","hermit:Strike_Hermit","hermit:Strike_Hermit","hermit:Defend_Hermit","hermit:Defend_Hermit","hermit:Defend_Hermit","hermit:Defend_Hermit","hermit:Snapshot+1","hermit:Covet+1","hermit:HighNoon+1","hermit:TakeCover","Injury","hermit:Snipe","hermit:NoHoldsBarred+1","hermit:Virtue","hermit:FullyLoaded+1","hermit:Vantage"],"relics":["hermit:Momento","Golden Idol","Letter Opener","FossilizedHelix","InkBottle","GremlinMask","Runic Dome"],"acts_visited":["Exordium","TheCity"],"potions_floor_usage":[13,16,21],"damage_taken":[{"damage":7,"enemies":"Jaw Worm","floor":1,"turns":4},{"damage":3,"enemies":"2 Louse","floor":4,"turns":2},{"damage":15,"enemies":"3 Sentries","floor":7,"turns":10},{"damage":4,"enemies":"Lagavulin","floor":11,"turns":7},{"damage":0,"enemies":"Gremlin Nob","floor":13,"turns":3},{"damage":18,"enemies":"Slime Boss","floor":16,"turns":12},{"damage":22,"enemies":"3 Byrds","floor":18,"turns":3},{"damage":33,"enemies":"2 Thieves","floor":19,"turns":3},{"damage":6,"enemies":"3 Cultists","floor":20,"turns":4},{"damage":4,"enemies":"Snecko","floor":21,"turns":5},{"damage":22,"enemies":"Chosen and Byrds","floor":22,"turns":4}],"seed_played":"2376786134971545809","potions_obtained":[{"floor":1,"key":"SmokeBomb"},{"floor":11,"key":"SteroidPotion"},{"floor":19,"key":"hermit:Tonic"},{"floor":20,"key":"hermit:BlackBile"}],"is_trial":false,"path_per_floor":["M","?","?","M","?","R","E","R","T","$","E","?","E","$","R","B",null,"M","M","M","M","M"],"character_chosen":"HERMIT","items_purchased":["hermit:Snipe","hermit:Virtue"],"campfire_rested":1,"item_purchase_floors":[10,14],"current_hp_per_floor":[68,68,53,50,50,50,35,57,57,57,53,53,53,53,53,35,75,53,20,14,10,0,0],"gold":231,"neow_bonus":"ONE_RANDOM_RARE_CARD","is_daily":false,"chose_seed":false,"campfire_upgraded":2,"win_rate":0.0,"timestamp":1607667968,"path_taken":["M","?","?","M","?","R","E","R","T","$","E","?","E","$","R","BOSS","M","?","M","?","M"],"items_purchased_type":["Card","Card"],"build_version":"2020-11-30","purchased_purges":0,"victory":false,"max_hp_per_floor":[75,75,75,75,75,75,75,75,75,75,75,75,75,75,75,75,75,75,75,75,75,75,75],"relic_stats":{"counters":[11,57],"Golden Idol":67,"Letter Opener":[110],"obtain_stats":[{"Runic Dome":17,"Golden Idol":5,"GremlinMask":12,"Letter Opener":7,"hermit:Momento":0,"FossilizedHelix":9,"InkBottle":11},{"Runic Dome":6,"Golden Idol":2,"GremlinMask":4,"Letter Opener":3,"hermit:Momento":0,"FossilizedHelix":3,"InkBottle":4},{"Runic Dome":38,"Golden Idol":6,"GremlinMask":23,"Letter Opener":16,"hermit:Momento":0,"FossilizedHelix":16,"InkBottle":23}],"InkBottle":[13]},"card_choices":[{"not_picked":["hermit:ShadowCloak","hermit:LowProfile"],"picked":"hermit:GhostlyPresence","floor":1},{"not_picked":["hermit:Headshot","hermit:WideOpen"],"picked":"hermit:TakeCover","floor":4},{"not_picked":["hermit:Scavenge","hermit:Spite","hermit:Cheat"],"picked":"SKIP","floor":7},{"not_picked":["hermit:TrackingShot","hermit:TakeCover"],"picked":"hermit:NoHoldsBarred","floor":11},{"not_picked":["hermit:Roulette","hermit:Feint","hermit:Misfire+1"],"picked":"SKIP","floor":18},{"not_picked":["hermit:Vantage","hermit:HighCaliber+1"],"picked":"hermit:FullyLoaded+1","floor":19},{"not_picked":["hermit:Snipe+1","hermit:Dive"],"picked":"hermit:Vantage","floor":20},{"not_picked":["hermit:Dive","hermit:Coalescence","hermit:Spite"],"picked":"SKIP","floor":21}],"player_experience":367692,"relics_obtained":[{"floor":7,"key":"Letter Opener"},{"floor":9,"key":"FossilizedHelix"},{"floor":11,"key":"InkBottle"}],"event_choices":[{"cards_removed":["hermit:GhostlyPresence"],"damage_healed":0,"gold_gain":0,"player_choice":"Card Removal","damage_taken":0,"max_hp_gain":0,"max_hp_loss":0,"event_name":"The Cleric","floor":2,"gold_loss":50},{"damage_healed":0,"gold_gain":0,"player_choice":"Entered Light","damage_taken":15,"max_hp_gain":0,"max_hp_loss":0,"event_name":"Shining Light","floor":3,"gold_loss":0,"cards_upgraded":["hermit:Snapshot","hermit:Covet"]},{"damage_healed":0,"gold_gain":0,"player_choice":"Take Wound","damage_taken":0,"relics_obtained":["Golden Idol"],"max_hp_gain":0,"max_hp_loss":0,"event_name":"Golden Idol","floor":5,"gold_loss":0,"cards_obtained":["Injury"]},{"damage_healed":0,"gold_gain":0,"player_choice":"Trade","damage_taken":0,"relics_obtained":["GremlinMask"],"max_hp_gain":0,"max_hp_loss":0,"event_name":"FaceTrader","floor":12,"gold_loss":0}],"is_beta":false,"boss_relics":[{"not_picked":["Snecko Eye","Astrolabe"],"picked":"Runic Dome"}],"items_purged_floors":[],"is_endless":false,"potions_floor_spawned":[1,11,19,20],"killed_by":"Chosen and Byrds","ascension_level":4}}