{"host":"pqs17sqrgflf4eqa","time":1607658650,"event":{"mods":["AchievementEnabler","BaseMod","Bestiary","Better Altar","Colored Map","Colored Powertips","Emptier Cage","Googly Eyes","Highlight Path","Minty Spire (QoL Compilation)","Quick Restart","StSLib","SuperFastMode","Transform Curses","slay the spire mod where everything is the same but ironclad has a cowboy hat"],"gold_per_floor":[210,210,283,78,103,103,138,138,165,205,58,58,82,103,103,222,222,205,131,166,28,28,28,71,71,71,23,43,43,67,92,92,218,218,243,243,256,256,275,275,293,293,293,167,167,167,71,71,71,71],"floor_reached":51,"playtime":1273,"items_purged":["Strike_G"],"score":793,"play_id":"915f64fe-2926-464f-91d2-5f5cc2bdc2a2","local_time":"20201210225050","is_ascension_mode":true,"campfire_choices":[{"data":"Neutralize","floor":6,"key":"SMITH"},{"data":"Bouncing Flask","floor":8,"key":"SMITH"},{"data":"Footwork","floor":15,"key":"SMITH"},{"floor":23,"key":"REST"},{"floor":29,"key":"REST"},{"floor":32,"key":"REST"},{"data":"Wraith Form v2","floor":40,"key":"SMITH"},{"floor":42,"key":"REST"},{"data":"Burst","floor":46,"key":"SMITH"},{"data":"Noxious Fumes","floor":49,"key":"SMITH"}],"circlet_count":0,"master_deck":["Strike_G","Strike_G","Strike_G","Defend_G","Defend_G","Defend_G","Defend_G","Defend_G","Survivor","Neutralize+1","Dagger Throw","Bouncing Flask+1","Dagger Spray","Footwork+1","Wraith Form v2+1","Sucker Punch","Noxious Fumes+1","Bouncing Flask+1","Burst+1","Dodge and Roll","Die Die Die","After Image","Noxious Fumes+1","PiercingWail","Slice"],"relics":["Ring of the Serpent","Golden Idol","Vajra","Unceasing Top","Omamori","Regal Pillow","WarpedTongs","Red Mask","Enchiridion","PreservedInsect","Singing Bowl","SacredBark","Toy Ornithopter","Art of War","Blue Candle"],"acts_visited":["Exordium","TheCity","TheBeyond"],"potions_floor_usage":[10,10,14,16,16,16,16,18,18,28,33,35,37,50,50,50],"damage_taken":[{"damage":4,"enemies":"Small Slimes","floor":1,"turns":4},{"damage":0,"enemies":"Jaw Worm","floor":5,"turns":2},{"damage":8,"enemies":"Gremlin Nob","floor":7,"turns":3},{"damage":19,"enemies":"3 Sentries","floor":10,"turns":6},{"damage":0,"enemies":"Cultist","floor":13,"turns":2},{"damage":0,"enemies":"2 Fungi Beasts","floor":14,"turns":2},{"damage":8,"enemies":"The Guardian","floor":16,"turns":9},{"damage":14,"enemies":"2 Thieves","floor":18,"turns":4},{"damage":28,"enemies":"Masked Bandits","floor":20,"turns":4},{"damage":10,"enemies":"Gremlin Leader","floor":24,"turns":8},{"damage":23,"enemies":"Spheric Guardian","floor":28,"turns":6},{"damage":3,"enemies":"Snecko","floor":30,"turns":5},{"damage":9,"enemies":"Centurion and Healer","floor":31,"turns":5},{"damage":69,"enemies":"Automaton","floor":33,"turns":10},{"damage":27,"enemies":"3 Darklings","floor":35,"turns":4},{"damage":8,"enemies":"3 Shapes","floor":37,"turns":2},{"damage":2,"enemies":"Maw","floor":39,"turns":8},{"damage":23,"enemies":"3 Darklings","floor":41,"turns":7},{"damage":57,"enemies":"Donu and Deca","floor":50,"turns":8}],"seed_played":"-5401702607268187293","potions_obtained":[{"floor":1,"key":"PowerPotion"},{"floor":13,"key":"SkillPotion"},{"floor":14,"key":"SkillPotion"},{"floor":16,"key":"FairyPotion"},{"floor":31,"key":"AttackPotion"},{"floor":33,"key":"AttackPotion"},{"floor":35,"key":"SteroidPotion"},{"floor":41,"key":"ColorlessPotion"}],"is_trial":false,"path_per_floor":["M","?","?","$","M","R","E","R","T","E","$","?","M","M","R","B",null,"M","$","?","$","?","R","E","$","T","$","M","R","M","M","R","B",null,"M","?","M","?","M","R","M","R","T","$","?","R","$","T","R","B",null],"character_chosen":"THE_SILENT","items_purchased":["Vajra","SteroidPotion","EntropicBrew","Block Potion","Noxious Fumes","Burst","AttackPotion","PowerPotion","AttackPotion","Explosive Potion"],"campfire_rested":4,"item_purchase_floors":[4,4,11,11,19,21,27,44,47,47],"current_hp_per_floor":[66,65,65,65,65,65,57,57,57,38,38,38,38,38,38,30,65,51,51,23,23,7,41,31,31,31,31,10,45,42,35,69,20,69,44,44,36,36,34,34,13,49,49,49,49,49,49,49,49,7],"gold":71,"neow_bonus":"HUNDRED_GOLD","is_daily":false,"chose_seed":false,"campfire_upgraded":6,"win_rate":0.0,"timestamp":1607658650,"path_taken":["M","?","?","$","M","R","E","R","T","E","$","?","?","M","R","BOSS","M","$","?","$","?","R","E","$","T","?","?","R","M","M","R","BOSS","M","?","M","?","?","R","M","R","T","$","?","R","$","?","R","BOSS"],"items_purchased_type":["Relic","Potion","Potion","Potion","Card","Card","Potion","Potion","Potion","Potion"],"build_version":"2020-11-30","purchased_purges":1,"victory":true,"max_hp_per_floor":[70,65,65,65,65,65,65,65,65,65,65,65,65,65,65,65,65,65,65,65,65,65,65,65,65,65,65,67,67,67,69,69,69,69,71,71,71,71,71,71,73,73,73,73,73,73,73,73,73,73],"card_choices":[{"not_picked":["Eviscerate","Slice"],"picked":"Masterful Stab","floor":1},{"not_picked":["Slice","Flechettes"],"picked":"Dagger Throw","floor":5},{"not_picked":["Backflip","Leg Sweep"],"picked":"Bouncing Flask","floor":7},{"not_picked":["Deadly Poison","Dash"],"picked":"Dagger Spray","floor":10},{"not_picked":["Prepared","Tools of the Trade"],"picked":"Footwork","floor":13},{"not_picked":["Cloak And Dagger","Flechettes","All Out Attack"],"picked":"SKIP","floor":14},{"not_picked":["Unload","Envenom"],"picked":"Wraith Form v2","floor":16},{"not_picked":["Dash","Prepared"],"picked":"Sucker Punch","floor":18},{"not_picked":["Outmaneuver","Eviscerate"],"picked":"Bouncing Flask+1","floor":20},{"not_picked":["Outmaneuver","Deadly Poison"],"picked":"Dodge and Roll","floor":24},{"not_picked":["Quick Slash+1","Dagger Throw+1","Deflect"],"picked":"Singing Bowl","floor":28},{"not_picked":["Heel Hook+1","Tactician"],"picked":"Die Die Die","floor":30},{"not_picked":["Outmaneuver","Flying Knee+1","Slice+1"],"picked":"Singing Bowl","floor":31},{"not_picked":["Tools of the Trade","Phantasmal Killer"],"picked":"After Image","floor":33},{"not_picked":["Deflect","Masterful Stab","Distraction"],"picked":"Singing Bowl","floor":35},{"not_picked":["Riddle With Holes+1","Setup"],"picked":"Noxious Fumes+1","floor":37},{"not_picked":["Acrobatics","Dodge and Roll+1"],"picked":"PiercingWail","floor":39},{"not_picked":["Dagger Throw+1","Acrobatics+1","Backflip"],"picked":"Singing Bowl","floor":41}],"player_experience":132573,"relics_obtained":[{"floor":7,"key":"Unceasing Top"},{"floor":9,"key":"Omamori"},{"floor":10,"key":"Regal Pillow"},{"floor":20,"key":"Red Mask"},{"floor":22,"key":"Enchiridion"},{"floor":24,"key":"PreservedInsect"},{"floor":26,"key":"Singing Bowl"},{"floor":43,"key":"Art of War"},{"floor":48,"key":"Blue Candle"}],"event_choices":[{"damage_healed":0,"gold_gain":0,"player_choice":"Lose Max HP","damage_taken":0,"relics_obtained":["Golden Idol"],"max_hp_gain":0,"max_hp_loss":5,"event_name":"Golden Idol","floor":2,"gold_loss":0},{"damage_healed":0,"gold_gain":73,"player_choice":"Gained Gold","damage_taken":0,"max_hp_gain":0,"max_hp_loss":0,"event_name":"Golden Wing","floor":3,"gold_loss":0},{"damage_healed":0,"gold_gain":0,"player_choice":"Rummage","damage_taken":0,"relics_obtained":["WarpedTongs"],"max_hp_gain":0,"max_hp_loss":0,"event_name":"Accursed Blacksmith","floor":12,"gold_loss":0,"cards_obtained":["Pain"]},{"damage_healed":0,"gold_gain":0,"player_choice":"Fought Bandits","damage_taken":0,"max_hp_gain":0,"max_hp_loss":0,"event_name":"Masked Bandits","floor":20,"gold_loss":0},{"damage_healed":0,"gold_gain":0,"player_choice":"Obtained Book","damage_taken":16,"max_hp_gain":0,"max_hp_loss":0,"event_name":"Cursed Tome","floor":22,"gold_loss":0},{"cards_removed":["Strike_G"],"damage_healed":0,"gold_gain":0,"player_choice":"Removed Attack","damage_taken":0,"max_hp_gain":0,"max_hp_loss":0,"event_name":"Falling","floor":36,"gold_loss":0},{"cards_removed":["Masterful Stab"],"damage_healed":0,"gold_gain":0,"player_choice":"Gave Card","damage_taken":0,"relics_obtained":["Toy Ornithopter"],"max_hp_gain":0,"max_hp_loss":0,"event_name":"WeMeetAgain","floor":38,"gold_loss":0},{"damage_healed":0,"gold_gain":0,"player_choice":"1 cards matched","damage_taken":0,"max_hp_gain":0,"max_hp_loss":0,"event_name":"Match and Keep!","floor":45,"gold_loss":0,"cards_obtained":["Slice"]}],"is_beta":false,"boss_relics":[{"not_picked":["Fusion Hammer","Busted Crown"],"picked":"Ring of the Serpent"},{"not_picked":["Velvet Choker","WristBlade"],"picked":"SacredBark"}],"items_purged_floors":[44],"is_endless":false,"potions_floor_spawned":[1,13,14,16,31,33,35,41],"ascension_level":4}}