{"host":"p245q48pmopyklqs","time":1607658533,"event":{"mods":["AchievementEnabler","BaseMod","DeckTracker","Minty Spire (QoL Compilation)","Relic Stats","StSLib","SuperFastMode"],"gold_per_floor":[113,113,125,143,154,154,174,174,174,191,201,201,217,234,234,306,306,318,331,331,331,182,182,193,209,284,297,297,297,314,332,332,332,332],"floor_reached":33,"playtime":1360,"items_purged":["Strike_R"],"score":494,"play_id":"e3471ff1-c520-40e0-85e2-2eb8400c7145","local_time":"20201211124853","is_ascension_mode":true,"campfire_choices":[{"data":"Wild Strike","floor":6.0,"key":"SMITH"},{"data":"Hemokinesis","floor":12,"key":"SMITH"},{"floor":15,"key":"REST"},{"floor":23,"key":"REST"},{"floor":28,"key":"REST"},{"data":"Fire Breathing","floor":32,"key":"SMITH"}],"circlet_count":0,"master_deck":["AscendersBane","Strike_R","Defend_R","Defend_R","Defend_R","Defend_R","Bash","Wild Strike+1","Anger","Feel No Pain","Hemokinesis+1","Spot Weakness","Shrug It Off","Pummel","Immolate","Power Through","Havoc+1","Whirlwind","Rage","Impervious","Fire Breathing+1","Pommel Strike","Entrench","Ghostly Armor","Spot Weakness"],"relics":["Burning Blood","Dead Branch","Ice Cream","Philosopher\u0027s Stone","Pear","Lizard Tail"],"acts_visited":["Exordium","TheCity"],"potions_floor_usage":[14,16,18,19,19,25,25,33],"damage_taken":[{"damage":25.0,"enemies":"Small Slimes","floor":1.0,"turns":5.0},{"damage":1.0,"enemies":"2 Louse","floor":3.0,"turns":3.0},{"damage":1.0,"enemies":"Cultist","floor":4.0,"turns":3.0},{"damage":11.0,"enemies":"Looter","floor":5.0,"turns":4.0},{"damage":15,"enemies":"Gremlin Gang","floor":7,"turns":5},{"damage":18,"enemies":"Large Slime","floor":10,"turns":4},{"damage":12,"enemies":"Lots of Slimes","floor":11,"turns":3},{"damage":11,"enemies":"Looter","floor":13,"turns":2},{"damage":10,"enemies":"Exordium Thugs","floor":14,"turns":4},{"damage":42,"enemies":"The Guardian","floor":16,"turns":12},{"damage":33,"enemies":"Shell Parasite","floor":18,"turns":6},{"damage":17,"enemies":"Spheric Guardian","floor":19,"turns":4},{"damage":31,"enemies":"Shelled Parasite and Fungi","floor":24,"turns":4},{"damage":0,"enemies":"Cultist and Chosen","floor":25,"turns":4},{"damage":21,"enemies":"Centurion and Healer","floor":27,"turns":4},{"damage":43,"enemies":"Chosen and Byrds","floor":30,"turns":4},{"damage":22,"enemies":"Snake Plant","floor":31,"turns":4},{"damage":48,"enemies":"Collector","floor":33,"turns":3}],"seed_played":"3173237149048791347","potions_obtained":[{"floor":1.0,"key":"EssenceOfSteel"},{"floor":7,"key":"SpeedPotion"},{"floor":10,"key":"Block Potion"},{"floor":16,"key":"Block Potion"},{"floor":18,"key":"EntropicBrew"},{"floor":24,"key":"PowerPotion"},{"floor":25,"key":"Weak Potion"},{"floor":31,"key":"SneckoOil"}],"is_trial":false,"path_per_floor":["M","?","M","M","M","R","M","?","T","M","M","R","M","M","R","B",null,"M","M","?","?","$","R","M","M","T","M","R","?","M","M","R","B"],"character_chosen":"IRONCLAD","items_purchased":["Fire Breathing"],"campfire_rested":3,"item_purchase_floors":[22],"current_hp_per_floor":[49,68,68,68,63,63,54,54,54,42,36,36,31,27,47,11,54,27,16,16,16,16,36,11,17,27,12,35,35,45,29,29,0,0],"gold":332,"neow_bonus":"ONE_RARE_RELIC","is_daily":false,"chose_seed":false,"campfire_upgraded":3,"win_rate":0.0,"timestamp":1607658533,"path_taken":["M","?","M","M","M","R","M","?","T","M","M","R","M","M","R","BOSS","M","M","?","?","$","R","M","M","T","?","R","?","?","M","R","BOSS"],"items_purchased_type":["Card"],"build_version":"2020-11-30","purchased_purges":1,"victory":false,"max_hp_per_floor":[68,68,68,68,68,68,68,68,68,68,68,68,68,68,68,68,68,68,68,68,68,68,68,68,68,78,78,78,78,78,78,78,78,78],"relic_stats":{"Lizard Tail":39,"counters":[18,78],"Dead Branch":[58],"obtain_stats":[{"Ice Cream":9,"Lizard Tail":29,"Pear":26,"Dead Branch":0,"Philosopher\u0027s Stone":17,"Burning Blood":0},{"Ice Cream":5,"Lizard Tail":15,"Pear":14,"Dead Branch":0,"Philosopher\u0027s Stone":10,"Burning Blood":0},{"Ice Cream":20,"Lizard Tail":67,"Pear":63,"Dead Branch":0,"Philosopher\u0027s Stone":45,"Burning Blood":0}],"Burning Blood":92},"card_choices":[{"not_picked":["Sever Soul","True Grit","Dual Wield"],"picked":"SKIP","floor":1.0},{"not_picked":["Flex","Sentinel"],"picked":"Wild Strike","floor":3.0},{"not_picked":["Twin Strike","Rampage"],"picked":"Anger","floor":4.0},{"not_picked":["Twin Strike","Evolve","Body Slam"],"picked":"SKIP","floor":5.0},{"not_picked":["Sword Boomerang","Armaments"],"picked":"Feel No Pain","floor":7},{"not_picked":["True Grit","Clothesline"],"picked":"Spot Weakness","floor":10},{"not_picked":["Cleave","Sword Boomerang","Juggernaut"],"picked":"SKIP","floor":11},{"not_picked":["Sword Boomerang","Dual Wield"],"picked":"Shrug It Off","floor":13},{"not_picked":["Havoc","Armaments"],"picked":"Pummel","floor":14},{"not_picked":["Barricade","Reaper"],"picked":"Immolate","floor":16},{"not_picked":["Uppercut","Thunderclap"],"picked":"Power Through","floor":18},{"not_picked":["Clash","Pommel Strike"],"picked":"Havoc+1","floor":19},{"not_picked":["Clothesline","Perfected Strike"],"picked":"Pommel Strike","floor":24},{"not_picked":["Rage","Inflame"],"picked":"Entrench","floor":25},{"not_picked":["Twin Strike","Exhume"],"picked":"Ghostly Armor","floor":27},{"not_picked":["Perfected Strike","Blood for Blood"],"picked":"Spot Weakness","floor":30},{"not_picked":["Thunderclap","True Grit","Cleave"],"picked":"SKIP","floor":31}],"player_experience":2252033,"relics_obtained":[{"floor":9,"key":"Ice Cream"},{"floor":26,"key":"Pear"}],"event_choices":[{"damage_healed":22.0,"max_hp_gain":0.0,"max_hp_loss":0.0,"gold_gain":0.0,"event_name":"Big Fish","player_choice":"Banana","floor":2.0,"gold_loss":0.0,"damage_taken":0.0},{"damage_healed":0,"gold_gain":0,"cards_transformed":["Strike_R"],"player_choice":"Transformed","damage_taken":0,"max_hp_gain":0,"max_hp_loss":0,"event_name":"Transmorgrifier","floor":8,"gold_loss":0,"cards_obtained":["Hemokinesis"]},{"damage_healed":0,"gold_gain":0,"cards_transformed":["Strike_R","Strike_R"],"player_choice":"Became Test Subject","damage_taken":0,"max_hp_gain":0,"max_hp_loss":0,"event_name":"Drug Dealer","floor":20,"gold_loss":0,"cards_obtained":["Whirlwind","Rage"]},{"damage_healed":0,"gold_gain":0,"player_choice":"1 cards matched","damage_taken":0,"max_hp_gain":0,"max_hp_loss":0,"event_name":"Match and Keep!","floor":21,"gold_loss":0,"cards_obtained":["Impervious"]},{"damage_healed":0,"gold_gain":0,"player_choice":"Gave Potion","damage_taken":0,"relics_obtained":["Lizard Tail"],"max_hp_gain":0,"max_hp_loss":0,"event_name":"WeMeetAgain","floor":29,"gold_loss":0}],"is_beta":false,"boss_relics":[{"not_picked":["Calling Bell","Busted Crown"],"picked":"Philosopher\u0027s Stone"}],"items_purged_floors":[22],"is_endless":false,"potions_floor_spawned":[1,7,10,16,18,24,25,31],"killed_by":"Collector","ascension_level":20}}