{"host":"udzsrhbqdxqtlypj","time":1607708185,"event":{"mods":["BaseMod","Minty Spire (QoL Compilation)","Relic Stats"],"gold_per_floor":[116,116,116,134,152,193,193,227,252,252,292,292,118,188,188,313,313,336,84,84,183,183,183,218,218,218,256,256,291,307,327,327,327,327],"floor_reached":33,"playtime":3746,"items_purged":["Strike_G","Strike_G"],"score":483,"play_id":"abd8d64e-fb26-4b5a-9597-c870948abb95","local_time":"20201211113625","is_ascension_mode":true,"campfire_choices":[{"floor":7,"key":"REST"},{"data":"Dagger Spray","floor":10,"key":"SMITH"},{"data":"Deadly Poison","floor":12,"key":"SMITH"},{"floor":15,"key":"REST"},{"data":"Burst","floor":23,"key":"SMITH"},{"data":"Envenom","floor":25,"key":"SMITH"},{"data":"Well Laid Plans","floor":28,"key":"SMITH"},{"data":"Malaise","floor":32,"key":"SMITH"}],"circlet_count":0,"master_deck":["AscendersBane","Strike_G","Strike_G","Strike_G","Defend_G","Defend_G","Defend_G+1","Defend_G","Defend_G","Survivor","Neutralize","Burst+1","Endless Agony+1","Deadly Poison+1","Predator","All Out Attack+1","Dagger Spray+1","Bane+1","Well Laid Plans+1","Blade Dance","Malaise+1","Flechettes","PiercingWail","Writhe","Envenom+1","Blade Dance","Escape Plan","Deflect+1"],"relics":["Ring of the Snake","Golden Idol","Vajra","PreservedInsect","Potion Belt","Whetstone","Regal Pillow","SlaversCollar","Chemical X","Du-Vu Doll","Happy Flower","Ornamental Fan","Red Mask","Pear"],"acts_visited":["Exordium","TheCity"],"potions_floor_usage":[6,8,18,33],"damage_taken":[{"damage":1,"enemies":"Small Slimes","floor":1,"turns":4},{"damage":0,"enemies":"2 Louse","floor":4,"turns":3},{"damage":0,"enemies":"Jaw Worm","floor":5,"turns":4},{"damage":27,"enemies":"Lagavulin","floor":6,"turns":8},{"damage":7,"enemies":"3 Sentries","floor":8,"turns":6},{"damage":10,"enemies":"Lagavulin","floor":11,"turns":6},{"damage":5,"enemies":"Gremlin Nob","floor":14,"turns":3},{"damage":21,"enemies":"The Guardian","floor":16,"turns":10},{"damage":22,"enemies":"2 Thieves","floor":18,"turns":3},{"damage":7,"enemies":"Book of Stabbing","floor":24,"turns":4},{"damage":0,"enemies":"Masked Bandits","floor":27,"turns":2},{"damage":0,"enemies":"Gremlin Leader","floor":29,"turns":3},{"damage":1,"enemies":"3 Byrds","floor":30,"turns":5},{"damage":0,"enemies":"Snecko","floor":31,"turns":4},{"damage":41,"enemies":"Champ","floor":33,"turns":9}],"seed_played":"-6448505717991938793","potions_obtained":[{"floor":4,"key":"Regen Potion"},{"floor":5,"key":"Strength Potion"},{"floor":6,"key":"DistilledChaos"},{"floor":16,"key":"Poison Potion"},{"floor":27,"key":"Fire Potion"},{"floor":31,"key":"Block Potion"}],"is_trial":false,"path_per_floor":["M","?","?","M","M","E","R","E","T","R","E","R","$","?","R","B",null,"M","$","?","?","?","R","E","R","T","?","R","E","M","M","R","B"],"character_chosen":"THE_SILENT","items_purchased":["Well Laid Plans","Blade Dance","Chemical X"],"campfire_rested":2,"item_purchase_floors":[13,13,19],"current_hp_per_floor":[44,44,31,31,31,19,38,31,31,31,21,21,21,16,50,29,56,34,34,34,34,34,34,27,27,27,27,27,37,36,36,36,0,0],"gold":327,"neow_bonus":"THREE_RARE_CARDS","is_daily":false,"chose_seed":false,"campfire_upgraded":6,"win_rate":0.0,"timestamp":1607708185,"path_taken":["M","?","?","M","M","E","R","E","T","R","E","R","$","?","R","BOSS","M","$","?","?","?","R","E","R","T","?","R","E","M","?","R","BOSS"],"items_purchased_type":["Card","Card","Relic"],"build_version":"2020-11-30","purchased_purges":2,"victory":false,"max_hp_per_floor":[70,65,65,65,65,65,65,65,65,65,65,65,65,65,65,65,65,65,65,65,65,65,65,65,65,65,65,65,75,75,75,75,75,75],"relic_stats":{"Regal Pillow":15,"Happy Flower":[7],"counters":[15,74],"Golden Idol":111,"Ornamental Fan":[44],"PreservedInsect":141,"Whetstone":["All Out Attack","Bane"],"Chemical X":[8],"obtain_stats":[{"Potion Belt":9,"Regal Pillow":14,"Pear":29,"Happy Flower":24,"Golden Idol":2,"Vajra":6,"PreservedInsect":8,"Whetstone":11,"Du-Vu Doll":22,"SlaversCollar":17,"Ornamental Fan":26,"Red Mask":27,"Chemical X":19,"Ring of the Snake":0},{"Potion Belt":5,"Regal Pillow":7,"Pear":12,"Happy Flower":10,"Golden Idol":1,"Vajra":4,"PreservedInsect":5,"Whetstone":6,"Du-Vu Doll":9,"SlaversCollar":8,"Ornamental Fan":10,"Red Mask":11,"Chemical X":9,"Ring of the Snake":0},{"Potion Belt":25,"Regal Pillow":34,"Pear":56,"Happy Flower":51,"Golden Idol":4,"Vajra":19,"PreservedInsect":25,"Whetstone":31,"Du-Vu Doll":47,"SlaversCollar":44,"Ornamental Fan":51,"Red Mask":53,"Chemical X":47,"Ring of the Snake":0}],"Ring of the Snake":[32]},"card_choices":[{"not_picked":["Doppelganger","Storm of Steel"],"picked":"Burst","floor":0},{"not_picked":["PiercingWail","Sucker Punch"],"picked":"Endless Agony","floor":1},{"not_picked":["Dagger Spray","Flying Knee"],"picked":"Deadly Poison","floor":4},{"not_picked":["PiercingWail","Flechettes"],"picked":"Predator","floor":5},{"not_picked":["Underhanded Strike","PiercingWail"],"picked":"All Out Attack","floor":6},{"not_picked":["Bane","Endless Agony"],"picked":"Dagger Spray","floor":8},{"not_picked":["Reflex","Tactician"],"picked":"Bane","floor":11},{"not_picked":["Burst","Unload"],"picked":"Malaise","floor":16},{"not_picked":["Dagger Throw+1","Blur"],"picked":"Flechettes","floor":18},{"not_picked":["Poisoned Stab","Caltrops"],"picked":"Envenom","floor":24},{"not_picked":["Deadly Poison","Underhanded Strike"],"picked":"Blade Dance","floor":27},{"not_picked":["Underhanded Strike+1","Cloak And Dagger","Caltrops"],"picked":"SKIP","floor":29},{"not_picked":["Sucker Punch","Deadly Poison"],"picked":"Escape Plan","floor":30},{"not_picked":["Prepared","Bane"],"picked":"Deflect+1","floor":31}],"player_experience":2581993,"relics_obtained":[{"floor":6,"key":"Vajra"},{"floor":8,"key":"PreservedInsect"},{"floor":9,"key":"Potion Belt"},{"floor":11,"key":"Whetstone"},{"floor":14,"key":"Regal Pillow"},{"floor":24,"key":"Happy Flower"},{"floor":26,"key":"Ornamental Fan"},{"floor":27,"key":"Red Mask"},{"floor":29,"key":"Pear"}],"event_choices":[{"damage_healed":0,"gold_gain":0,"player_choice":"Lose Max HP","damage_taken":0,"relics_obtained":["Golden Idol"],"max_hp_gain":0,"max_hp_loss":5,"event_name":"Golden Idol","floor":2,"gold_loss":0},{"damage_healed":0,"gold_gain":0,"player_choice":"Entered Light","damage_taken":13,"max_hp_gain":0,"max_hp_loss":0,"event_name":"Shining Light","floor":3,"gold_loss":0,"cards_upgraded":["Endless Agony","Defend_G"]},{"damage_healed":0,"gold_gain":0,"player_choice":"Searched \u00271\u0027 times","damage_taken":0,"max_hp_gain":0,"max_hp_loss":0,"event_name":"Dead Adventurer","floor":14,"gold_loss":0},{"damage_healed":0,"gold_gain":0,"player_choice":"Read","damage_taken":0,"max_hp_gain":0,"max_hp_loss":0,"event_name":"The Library","floor":20,"gold_loss":0,"cards_obtained":["PiercingWail"]},{"damage_healed":0,"gold_gain":99,"player_choice":"Stole From Cult","damage_taken":0,"max_hp_gain":0,"max_hp_loss":0,"event_name":"Nest","floor":21,"gold_loss":0},{"damage_healed":0,"gold_gain":0,"player_choice":"Opened","damage_taken":0,"relics_obtained":["Du-Vu Doll"],"max_hp_gain":0,"max_hp_loss":0,"event_name":"The Mausoleum","floor":22,"gold_loss":0,"cards_obtained":["Writhe"]},{"damage_healed":0,"gold_gain":0,"player_choice":"Fought Bandits","damage_taken":0,"max_hp_gain":0,"max_hp_loss":0,"event_name":"Masked Bandits","floor":27,"gold_loss":0}],"is_beta":false,"boss_relics":[{"not_picked":["Runic Dome","Busted Crown"],"picked":"SlaversCollar"}],"items_purged_floors":[13,19],"is_endless":false,"potions_floor_spawned":[4,5,6,16,27,31],"killed_by":"Champ","ascension_level":10}}