{"host":"2ttsipbxjlhedj1t","time":1607728199,"event":{"mods":["2.2 Compatiblity","Act Like it!","BaseMod","Better Altar","Better Note","Better Sensory Stone","Better Skull","Better Third Choice","Colored Map","Colored Powertips","Hermit","Highlight Path","Minty Spire (QoL Compilation)","Quick Restart","Shop Mod","StSLib","The Blue Laboratory","The Disciple"],"gold_per_floor":[119,119,119,132,97,97,112,130,130,149,102,7,7,7,7,137,137,161,161,179,198,218,218,143,143,143,186,461,484,30,53,53,53,53],"floor_reached":33,"playtime":2183,"items_purged":["Regret"],"score":308,"play_id":"fe4e6054-3fd6-45a7-98ea-b5cadda24a4c","local_time":"20201211180959","is_ascension_mode":true,"campfire_choices":[{"data":"Zap","floor":6,"key":"SMITH"},{"data":"Dualcast","floor":13,"key":"SMITH"},{"floor":15,"key":"REST"},{"data":"White Noise","floor":23,"key":"SMITH"},{"floor":25,"key":"REST"},{"floor":32,"key":"REST"}],"circlet_count":0,"master_deck":["Strike_B","Strike_B","Strike_B","Defend_B","Defend_B","Defend_B","Zap+1","Dualcast+1","Beam Cell","Disarm+1","White Noise+1","Force Field","Beam Cell+1","Dark Shackles","Zap+1","Buffer","All For One+1","Self Repair","Gash+1","Go for the Eyes+1","Reinforced Body","Defragment"],"relics":["Cracked Core","Golden Idol","Molten Egg 2","Letter Opener","betterThird:SlimedRelic","Empty Cage","Sundial","Dead Branch","MealTicket"],"acts_visited":["Exordium","TheCity"],"potions_floor_usage":[8,8,21,27,29,33,33,33,33],"damage_taken":[{"damage":0,"enemies":"Small Slimes","floor":1,"turns":4},{"damage":7,"enemies":"Jaw Worm","floor":4,"turns":3},{"damage":0,"enemies":"2 Louse","floor":7,"turns":2},{"damage":11,"enemies":"Exordium Thugs","floor":8,"turns":6},{"damage":27,"enemies":"Lots of Slimes","floor":10,"turns":5},{"damage":20,"enemies":"Hexaghost","floor":16,"turns":11},{"damage":3,"enemies":"3 Byrds","floor":18,"turns":4},{"damage":16,"enemies":"Shell Parasite","floor":20,"turns":5},{"damage":36,"enemies":"Shelled Parasite and Fungi","floor":21,"turns":8},{"damage":11,"enemies":"Snake Plant","floor":22,"turns":6},{"damage":23,"enemies":"Book of Stabbing","floor":27,"turns":5},{"damage":23,"enemies":"Chosen and Byrds","floor":29,"turns":7},{"damage":2,"enemies":"Snecko","floor":31,"turns":9},{"damage":47,"enemies":"Collector","floor":33,"turns":9}],"seed_played":"-7103118607591142385","potions_obtained":[{"floor":0,"key":"blueLaboratory:StoneskinPotion"},{"floor":0,"key":"blueLaboratory:CreativityPotion"},{"floor":0,"key":"SneckoOil"},{"floor":4,"key":"PotionOfCapacity"},{"floor":16,"key":"blueLaboratory:SystemWipe"},{"floor":20,"key":"blueLaboratory:FrostheartPotion"},{"floor":22,"key":"BlessingOfTheForge"},{"floor":27,"key":"blueLaboratory:SavagePotion"}],"is_trial":false,"path_per_floor":["M","?","?","M","?","R","M","M","T","M","?","$","R","?","R","B",null,"M","?","M","M","M","R","?","R","T","E","?","M","$","M","R","B"],"character_chosen":"DEFECT","items_purchased":["Dark Shackles","Defragment","EntropicBrew","MealTicket","Weak Potion"],"campfire_rested":3,"item_purchase_floors":[12,30,30,30,30],"current_hp_per_floor":[75,75,55,48,66,66,66,55,55,28,17,17,17,17,39,19,75,72,72,63,34,30,30,30,52,52,36,36,20,20,25,47,0,0],"gold":53,"neow_bonus":"THREE_SMALL_POTIONS","is_daily":false,"chose_seed":false,"campfire_upgraded":3,"win_rate":0.0,"timestamp":1607728199,"path_taken":["M","?","?","M","?","R","M","M","T","M","?","?","R","?","R","BOSS","M","?","M","?","M","R","?","R","T","E","?","M","$","M","R","BOSS"],"items_purchased_type":["Card","Card","Potion","Relic","Potion"],"build_version":"2020-11-30","purchased_purges":1,"victory":false,"max_hp_per_floor":[75,75,75,75,75,75,75,75,75,75,75,75,75,75,75,75,75,75,75,75,75,75,75,75,75,75,75,75,75,75,75,75,75,75],"card_choices":[{"not_picked":["Stack","Hologram"],"picked":"Beam Cell","floor":1},{"not_picked":["Double Energy","Hello World"],"picked":"White Noise","floor":4},{"not_picked":["Coolheaded","Barrage+1"],"picked":"Force Field","floor":7},{"not_picked":["Conserve Battery","Coolheaded","Sweeping Beam+1"],"picked":"SKIP","floor":8},{"not_picked":["Compile Driver+1","Fusion"],"picked":"Beam Cell+1","floor":10},{"not_picked":["Creative AI","Hyperbeam+1"],"picked":"All For One+1","floor":16},{"not_picked":["Consume","Conserve Battery"],"picked":"Self Repair","floor":18},{"not_picked":["Consume","Ball Lightning+1"],"picked":"Gash+1","floor":20},{"not_picked":["Tempest","Steam","Reprogram"],"picked":"SKIP","floor":21},{"not_picked":["Compile Driver+1","Conserve Battery+1"],"picked":"Go for the Eyes+1","floor":22},{"not_picked":["Loop","Heatsinks","Skim"],"picked":"SKIP","floor":27},{"not_picked":["Streamline+1","Cold Snap+1"],"picked":"Reinforced Body","floor":29},{"not_picked":["Rebound+1","Redo+1","Cold Snap+1"],"picked":"SKIP","floor":31}],"player_experience":356586,"relics_obtained":[{"floor":9,"key":"Letter Opener"},{"floor":26,"key":"Sundial"},{"floor":27,"key":"Dead Branch"}],"event_choices":[{"damage_healed":0,"gold_gain":0,"player_choice":"Take Wound","damage_taken":0,"relics_obtained":["Golden Idol"],"max_hp_gain":0,"max_hp_loss":0,"event_name":"Golden Idol","floor":2,"gold_loss":0,"cards_obtained":["Injury"]},{"damage_healed":18,"gold_gain":0,"player_choice":"Healed","damage_taken":0,"max_hp_gain":0,"max_hp_loss":0,"event_name":"The Cleric","floor":5,"gold_loss":35},{"damage_healed":0,"gold_gain":0,"player_choice":"Slimed","damage_taken":11,"max_hp_gain":0,"max_hp_loss":0,"event_name":"betterThird:BetterGoop","floor":11,"gold_loss":47},{"damage_healed":0,"gold_gain":0,"player_choice":"2 cards matched","damage_taken":0,"max_hp_gain":0,"max_hp_loss":0,"event_name":"Match and Keep!","floor":14,"gold_loss":0,"cards_obtained":["Zap","Buffer"]},{"damage_healed":0,"gold_gain":0,"player_choice":"Upgraded","damage_taken":0,"max_hp_gain":0,"max_hp_loss":0,"event_name":"Upgrade Shrine","floor":19,"gold_loss":0,"cards_upgraded":["Zap"]},{"cards_removed":["Defend_B"],"damage_healed":0,"gold_gain":0,"player_choice":"Gave Gold","damage_taken":0,"max_hp_gain":0,"max_hp_loss":0,"event_name":"Beggar","floor":24,"gold_loss":75},{"damage_healed":0,"gold_gain":275,"player_choice":"Desecrate","damage_taken":0,"max_hp_gain":0,"max_hp_loss":0,"event_name":"Golden Shrine","floor":28,"gold_loss":0,"cards_obtained":["Regret"]}],"is_beta":false,"boss_relics":[{"not_picked":["Ectoplasm","Velvet Choker"],"picked":"Empty Cage"}],"items_purged_floors":[30],"is_endless":false,"potions_floor_spawned":[4,16,20,22,27],"killed_by":"Collector","ascension_level":4}}