{"host":"9sljmwdfk42tzqyu","time":1607662253,"event":{"mods":["BaseMod","Hubris","Minty Spire (QoL Compilation)","Replay The Spire","Shop Mod","StSLib"],"gold_per_floor":[114,114,131,131,56,56,73,73,73,73,102,102,121,27,27,130,130,142,192,209,221,121,121,220,220,266,266,266,119,136,136,136,234,234,244,260,271,271,291,291,305,305,305,330,341,355,384,399,399,399,399,399,33,63,63,63],"floor_reached":55,"playtime":5049,"items_purged":["Strike_R","Strike_R","hubris:Gluttony"],"score":1082,"play_id":"d42ad96c-132c-42be-a949-9e1912ce250f","local_time":"20201210235053","is_ascension_mode":true,"campfire_choices":[{"data":"Metallicize","floor":6.0,"key":"SMITH"},{"data":"Body Slam","floor":8.0,"key":"SMITH"},{"floor":10.0,"key":"RECALL"},{"data":"Armaments","floor":12.0,"key":"SMITH"},{"data":"Entrench","floor":15.0,"key":"SMITH"},{"data":"Seeing Red","floor":23.0,"key":"SMITH"},{"data":"ReplayTheSpireMod:Muscle Training","floor":25.0,"key":"SMITH"},{"data":"Shrug It Off","floor":27.0,"key":"SMITH"},{"data":"Pommel Strike","floor":32.0,"key":"SMITH"},{"data":"Body Slam","floor":40.0,"key":"SMITH"},{"data":"Exhume","floor":42.0,"key":"SMITH"},{"data":"Defend_R","floor":52,"key":"SMITH"}],"circlet_count":0,"master_deck":["Strike_R","Strike_R","Defend_R","Defend_R+1","Defend_R","Defend_R+1","Pommel Strike+1","Metallicize+1","Body Slam+1","Armaments+1","Entrench+1","Shrug It Off+1","Seeing Red+1","Barricade+1","ReplayTheSpireMod:Muscle Training+1","Pommel Strike+1","Entrench+1","True Grit+1","Amnesia","Exhume+1","Intimidate+1","Body Slam+1","hubris:Despair","Metallicize+1"],"relics":["Black Blood","Lantern","Frozen Egg 2","Bronze Scales","Replay:Grab Bag","hubris:RunicObelisk","Cursed Key","Empty Cage","Pet Ghost","DollysMirror","Black Star","Another Sword","hubris:CrystalStatue","Art of War","Letter Opener","Torii","hubris:Towel","Chameleon Ring","Akabeko","Pen Nib"],"acts_visited":["Exordium","TheCity","TheBeyond","TheEnding"],"potions_floor_usage":[50,55,55],"damage_taken":[{"damage":3.0,"enemies":"2 Louse","floor":1.0,"turns":4.0},{"damage":0.0,"enemies":"Jaw Worm","floor":3.0,"turns":3.0},{"damage":3.0,"enemies":"Small Slimes","floor":7.0,"turns":3.0},{"damage":26.0,"enemies":"Lagavulin","floor":11.0,"turns":6.0},{"damage":5.0,"enemies":"Red Slaver","floor":13.0,"turns":4.0},{"damage":29.0,"enemies":"Fading Forest","floor":16.0,"turns":11.0},{"damage":0.0,"enemies":"Chosen","floor":18.0,"turns":7.0},{"damage":13.0,"enemies":"3 Byrds","floor":20.0,"turns":3.0},{"damage":16.0,"enemies":"Sentry and Sphere","floor":21.0,"turns":7.0},{"damage":0.0,"enemies":"Centurion and Healer","floor":30.0,"turns":5.0},{"damage":46.0,"enemies":"Pondfish","floor":33.0,"turns":11.0},{"damage":1.0,"enemies":"3 Darklings","floor":35.0,"turns":13.0},{"damage":0.0,"enemies":"3 Shapes","floor":36.0,"turns":6.0},{"damage":10.0,"enemies":"Sphere and 2 Shapes","floor":37.0,"turns":7.0},{"damage":29.0,"enemies":"4 Shapes","floor":39.0,"turns":12.0},{"damage":6.0,"enemies":"3 Darklings","floor":41.0,"turns":10.0},{"damage":22.0,"enemies":"Reptomancer","floor":44.0,"turns":11.0},{"damage":6.0,"enemies":"Spire Growth","floor":45.0,"turns":6.0},{"damage":5.0,"enemies":"Transient","floor":46.0,"turns":5.0},{"damage":9.0,"enemies":"R_Hoarder","floor":47.0,"turns":6.0},{"damage":0.0,"enemies":"3 Darklings","floor":48.0,"turns":5.0},{"damage":64,"enemies":"Donu and Deca","floor":50,"turns":13},{"damage":41,"enemies":"Shield and Spear","floor":54,"turns":8},{"damage":67,"enemies":"The Heart","floor":55,"turns":6}],"seed_played":"6524763618829546147","potions_obtained":[{"floor":3.0,"key":"GamblersBrew"},{"floor":7.0,"key":"Weak Potion"},{"floor":13.0,"key":"Energy Potion"},{"floor":20.0,"key":"HeartOfIron"},{"floor":33.0,"key":"SpeedPotion"},{"floor":44.0,"key":"DuplicationPotion"},{"floor":48.0,"key":"PowerPotion"}],"is_trial":false,"path_per_floor":["M","?","M","?","$","R","M","R","T","R","E","R","M","$","R","B",null,"M","?","M","M","$","R","?","R","T","R","?","$","M","T","R","B",null,"M","M","M","?","M","R","M","R","T","E","M","M","E","M","R","B",null,"R","$","E","B"],"character_chosen":"IRONCLAD","items_purchased":["Shrug It Off","Seeing Red","DollysMirror","Chameleon Ring"],"campfire_rested":0,"item_purchase_floors":[14,14,29,53],"current_hp_per_floor":[88,70,76,73,73,73,76,76,76,76,56,56,57,57,57,46,88,88,88,87,83,83,83,83,83,83,83,83,83,88,88,88,54,88,88,88,88,88,71,71,77,77,77,67,73,80,83,88,88,36,88,88,88,59,0,0],"gold":63,"neow_bonus":"TEN_PERCENT_HP_BONUS","is_daily":false,"chose_seed":false,"campfire_upgraded":11,"win_rate":0.0,"timestamp":1607662253,"path_taken":["M","?","M","?","$","R","M","R","T","R","E","R","M","?","R","BOSS","M","?","?","M","$","R","?","R","T","R","?","$","M","?","R","BOSS","M","M","?","?","M","R","M","R","T","E","M","M","E","M","R","BOSS","R","$","E","BOSS"],"items_purchased_type":["Card","Card","Relic","Relic"],"build_version":"2020-11-30","purchased_purges":3,"victory":false,"max_hp_per_floor":[88,88,88,88,88,88,88,88,88,88,88,88,88,88,88,88,88,88,88,88,88,88,88,88,88,88,88,88,88,88,88,88,88,88,88,88,88,88,88,88,88,88,88,88,88,88,88,88,88,88,88,88,88,88,88,88],"card_choices":[{"not_picked":["Havoc","True Grit"],"picked":"Pommel Strike","floor":1.0},{"not_picked":["Wild Strike","Pummel"],"picked":"Metallicize","floor":3.0},{"not_picked":["Havoc","Clothesline"],"picked":"Body Slam","floor":7.0},{"not_picked":["Body Slam","Massacre"],"picked":"Armaments","floor":11.0},{"not_picked":["Shockwave","Sword Boomerang"],"picked":"Entrench","floor":13.0},{"not_picked":["Reaper","Corruption+1"],"picked":"Barricade+1","floor":16.0},{"not_picked":["Spot Weakness+1","hubris:CleavingFinish+1"],"picked":"ReplayTheSpireMod:Muscle Training","floor":18.0},{"not_picked":["ReplayTheSpireMod:LeadingStrike","Twin Strike"],"picked":"Pommel Strike","floor":20.0},{"not_picked":["ReplayTheSpireMod:Limb From Limb+1","Seeing Red","Twin Strike+1"],"picked":"SKIP","floor":21.0},{"not_picked":["ReplayReversal+1","Sword Boomerang"],"picked":"True Grit+1","floor":30.0},{"not_picked":["Demon Form+1","Juggernaut+1"],"picked":"Exhume","floor":33.0},{"not_picked":["Run Through","Uppercut+1"],"picked":"Intimidate+1","floor":35.0},{"not_picked":["Wild Strike+1","Iron Wave+1","Bloodletting"],"picked":"SKIP","floor":36.0},{"not_picked":["Life Link+1","Spot Weakness","Run Through"],"picked":"SKIP","floor":37.0},{"not_picked":["Rampage","Carnage+1","Second Wind+1"],"picked":"SKIP","floor":39.0},{"not_picked":["Rampage","Carnage+1","Second Wind+1"],"picked":"SKIP","floor":39.0},{"not_picked":["Cleave+1","Infernal Blade+1","Heavy Blade"],"picked":"SKIP","floor":41.0},{"not_picked":["Headbutt+1","Anger","Havoc"],"picked":"SKIP","floor":44.0},{"not_picked":["Havoc+1","Flex","Pommel Strike+1"],"picked":"SKIP","floor":45.0},{"not_picked":["Evolve+1","Reckless Charge+1","Power Through+1"],"picked":"SKIP","floor":46.0},{"not_picked":["Clothesline+1","Shrug It Off+1"],"picked":"Metallicize+1","floor":47.0},{"not_picked":["Cleave+1","Wild Strike+1","Perfected Strike"],"picked":"SKIP","floor":48.0},{"not_picked":["Wild Strike+1","Replay:Many Hands","Life Link+1"],"picked":"SKIP","floor":54}],"player_experience":297656,"relics_obtained":[{"floor":9.0,"key":"Frozen Egg 2"},{"floor":11.0,"key":"Bronze Scales"},{"floor":26.0,"key":"Pet Ghost"},{"floor":43.0,"key":"Another Sword"},{"floor":44.0,"key":"hubris:CrystalStatue"},{"floor":44.0,"key":"Art of War"},{"floor":47.0,"key":"Letter Opener"},{"floor":47.0,"key":"Torii"},{"floor":54,"key":"Akabeko"},{"floor":54,"key":"Pen Nib"}],"event_choices":[{"damage_healed":0.0,"max_hp_gain":0.0,"max_hp_loss":0.0,"gold_gain":0.0,"event_name":"Shining Light","player_choice":"Entered Light","floor":2.0,"gold_loss":0.0,"damage_taken":18.0,"cards_upgraded":["Pommel Strike","Defend_R"]},{"damage_healed":0.0,"max_hp_gain":0.0,"max_hp_loss":0.0,"gold_gain":0.0,"event_name":"Scrap Ooze","player_choice":"Success","floor":4.0,"gold_loss":0.0,"damage_taken":3.0,"relics_obtained":["Lantern"]},{"damage_healed":0.0,"max_hp_gain":0.0,"max_hp_loss":0.0,"gold_gain":100.0,"event_name":"The Joust","player_choice":"Bet on Murderer","floor":19.0,"gold_loss":50.0,"damage_taken":0.0},{"damage_healed":0.0,"max_hp_gain":0.0,"max_hp_loss":0.0,"gold_gain":99.0,"event_name":"Nest","player_choice":"Stole From Cult","floor":24.0,"gold_loss":0.0,"damage_taken":0.0},{"damage_healed":0.0,"max_hp_gain":0.0,"max_hp_loss":0.0,"gold_gain":0.0,"event_name":"Ghosts","player_choice":"Ignored","floor":28.0,"gold_loss":0.0,"damage_taken":0.0}],"is_beta":false,"boss_relics":[{"not_picked":["Calling Bell","Coffee Dripper"],"picked":"Replay:Grab Bag"},{"not_picked":["Replay:Wanted Poster","ReplayTheSpireMod:Onyx Gauntlets"],"picked":"hubris:RunicObelisk"},{"not_picked":["hubris:GrandSneckoEye","Painkiller Herb"],"picked":"Cursed Key"},{"not_picked":["Astrolabe","Runic Cube"],"picked":"Empty Cage"},{"not_picked":["Snecko Eye","Replay:Drink Me"],"picked":"Black Blood"},{"not_picked":["Replay:Ancient Bell","hubris:BlackHole"],"picked":"Black Star"}],"items_purged_floors":[5,22,53],"is_endless":false,"potions_floor_spawned":[3,7,13,20,33,39,41,44,48],"killed_by":"The Heart","ascension_level":4}}