{"host":"ez767vrydzojtnp0","time":1607702250,"event":{"mods":["Act Like it!","Aspiration","BaseMod","Better Note","BetterRewards","Challenge The Spire","Colored Powertips","Conspire","GifTheSpireLib","Hermit","Hubris","Infinite Spire","Minty Spire (QoL Compilation)","Quick Restart","Rare Cards Sparkle","Relic Stats","Replay The Spire","Shop Mod","Spikes Relics","StSLib","Stuff the Spire","SuperFastMode","everything is the same but u backflip on backflip","slay the spire mod where everything is the same but ironclad has a cowboy hat","vexMod"],"gold_per_floor":[112,132,132,142,153,153,153,153,177,204,222,239,255,4,4,107,107,127,127,145,161,161,161,9,9,9,9,22,22,22,38,38,140,140,153,153,171,171,191,191,204,214,291,291,291,301,0,0,0,0,0],"floor_reached":50,"playtime":2465,"items_purged":[],"score":596,"play_id":"98d5fdd8-b1fe-4520-9ec0-9d0b638e32d5","local_time":"20201211135730","is_ascension_mode":false,"campfire_choices":[{"floor":6,"key":"RECALL"},{"data":"Pummel","floor":8,"key":"SMITH"},{"data":"ReplayTheSpireMod:LeadingStrike","floor":15,"key":"SMITH"},{"data":"Armaments","floor":23,"key":"SMITH"},{"data":"Sentinel","floor":25,"key":"SMITH"},{"floor":30,"key":"REST"},{"data":"hubris:ReadiedAction","floor":32,"key":"SMITH"},{"data":"Barricade","floor":40,"key":"SMITH"},{"floor":49,"key":"REST"}],"circlet_count":0,"master_deck":["Strike_R","Strike_R","Strike_R","Strike_R","Defend_R","Defend_R","Defend_R","Defend_R","Bash","Battle Trance","Bludgeon","Cleave","Pummel+1","Hemogenesis","Flame Barrier","Thunderclap","ReplayTheSpireMod:LeadingStrike+1","Armaments+1","ReplayTheSpireMod:LeadingStrike+1","hubris:CleavingFinish","Sentinel+1","BarbarianYell","hubris:ReadiedAction+1","Barricade+1","infinitespire:Fortify","Pommel Strike","Sentinel","Shrug It Off","Rampage+1","Iron Wave+1","Jack Of All Trades"],"relics":["Burning Blood","vexMod:PlasmaPancake","infinitespire:CursedDice","SpikesRelics:DaevaFist","Replay:WaspNest","aspiration:SecretTechniqueScroll","StuffTheSpire:Barrel","Juzu Bracelet","aspiration:RitualStick","aspiration:PoetsPen_weak","GiantMaggot","hubris:Icosahedron","Red Mask"],"acts_visited":["Exordium","TheCity","TheBeyond"],"potions_floor_usage":[10,16,16,16,16,20,33,33,41,42,42,50],"damage_taken":[{"damage":1,"enemies":"Jaw Worm","floor":1,"turns":3},{"damage":1,"enemies":"Cultist","floor":2,"turns":3},{"damage":0,"enemies":"2 Louse","floor":4,"turns":1},{"damage":10,"enemies":"Looter","floor":5,"turns":2},{"damage":31,"enemies":"Lagavulin","floor":10,"turns":5},{"damage":0,"enemies":"Gremlin Gang","floor":11,"turns":1},{"damage":8,"enemies":"Exordium Wildlife","floor":12,"turns":5},{"damage":4,"enemies":"Red Slaver","floor":13,"turns":3},{"damage":21,"enemies":"Hexaghost","floor":16,"turns":10},{"damage":7,"enemies":"3 Byrds","floor":18,"turns":1},{"damage":5,"enemies":"Spheric Guardian","floor":20,"turns":4},{"damage":32,"enemies":"Centurion and Healer","floor":21,"turns":6},{"damage":24,"enemies":"Snake Plant","floor":28,"turns":4},{"damage":16,"enemies":"3 Cultists","floor":31,"turns":4},{"damage":30,"enemies":"Champ","floor":33,"turns":7},{"damage":0,"enemies":"Orb Walker","floor":35,"turns":2},{"damage":14,"enemies":"3 Darklings","floor":37,"turns":4},{"damage":26,"enemies":"Transient","floor":39,"turns":5},{"damage":29,"enemies":"Maw","floor":41,"turns":6},{"damage":27,"enemies":"Writhing Mass","floor":42,"turns":3},{"damage":29,"enemies":"Jaw Worm Horde","floor":46,"turns":4},{"damage":87,"enemies":"conspire:OrnateMirror","floor":50,"turns":5}],"seed_played":"6780866793816444988","potions_obtained":[{"floor":5,"key":"PowerPotion"},{"floor":12,"key":"EntropicBrew"},{"floor":13,"key":"BloodPotion"},{"floor":18,"key":"Block Potion"},{"floor":28,"key":"Strength Potion"},{"floor":31,"key":"Ancient Potion"},{"floor":33,"key":"LiquidMemories"},{"floor":35,"key":"PowerPotion"},{"floor":39,"key":"Fire Potion"},{"floor":42,"key":"Weak Potion"}],"is_trial":false,"path_per_floor":["M","M","?","M","M","R","?","R","T","E","M","M","M","$","R","B",null,"M","?","M","M","?","R","$","R","T","?","M","?","R","M","R","B",null,"M","?","M","?","M","R","M","M","T","?","?","M","?","$","R","B"],"character_chosen":"IRONCLAD","items_purchased":["vexMod:PlasmaPancake","Replay:WaspNest","StuffTheSpire:Barrel"],"campfire_rested":2,"item_purchase_floors":[0,14,24],"current_hp_per_floor":[67,72,72,78,74,74,74,74,74,49,55,58,60,60,60,50,86,85,85,86,65,65,65,65,65,65,48,43,43,68,66,66,50,86,86,65,62,62,42,42,19,37,37,37,37,19,19,19,44,0,0],"gold":0,"neow_bonus":"","is_daily":false,"chose_seed":false,"campfire_upgraded":6,"win_rate":0.0,"timestamp":1607702250,"path_taken":["M","M","?","?","M","R","?","R","T","E","M","M","M","$","R","BOSS","M","?","M","?","?","R","$","R","T","?","M","?","R","M","R","BOSS","M","?","M","?","M","R","M","M","T","?","?","M","?","?","R","BOSS"],"items_purchased_type":["Relic","Relic","Relic"],"build_version":"2020-11-30","purchased_purges":0,"victory":false,"max_hp_per_floor":[86,86,86,86,86,86,86,86,86,86,86,86,86,86,86,86,86,86,86,86,86,86,86,86,86,86,86,86,86,86,86,86,86,86,86,86,86,86,86,86,86,86,86,86,86,86,86,86,86,86,86],"relic_stats":{"counters":[41,199],"Juzu Bracelet":1,"obtain_stats":[{"vexMod:PlasmaPancake":0,"StuffTheSpire:Barrel":24,"Torii":22,"Magic Flower":6,"Black Blood":36,"Painkiller Herb":34,"aspiration:PoetsPen_weak":34,"Juzu Bracelet":26,"Sling":24,"Burning Blood":0,"aspiration:RitualStick":27,"hubris:Icosahedron":45,"hubris:ScarierMask":24,"Red Mask":47,"aspiration:ChemicalBlood":32,"Gremlin Food":25,"aspiration:Nostalgia":0,"infinitespire:CursedDice":0,"GiantMaggot":43,"Replay:WaspNest":14,"aspiration:SecretTechniqueScroll":17,"infinitespire:EvilPickle":33,"infinitespire:DarkRift":0,"vexMod:CursedCompass":17,"SpikesRelics:DaevaFist":10,"infinitespire:Midas Blood":26,"hubris:BottledRain":36},{"vexMod:PlasmaPancake":19,"StuffTheSpire:Barrel":31,"Torii":10,"Magic Flower":3,"Black Blood":16,"Painkiller Herb":15,"aspiration:PoetsPen_weak":34,"Juzu Bracelet":31,"Sling":11,"Burning Blood":0,"aspiration:RitualStick":31,"hubris:Icosahedron":39,"hubris:ScarierMask":11,"Red Mask":40,"aspiration:ChemicalBlood":14,"Gremlin Food":12,"aspiration:Nostalgia":0,"infinitespire:CursedDice":19,"GiantMaggot":39,"Replay:WaspNest":27,"aspiration:SecretTechniqueScroll":28,"infinitespire:EvilPickle":15,"infinitespire:DarkRift":0,"vexMod:CursedCompass":7,"SpikesRelics:DaevaFist":24,"infinitespire:Midas Blood":12,"hubris:BottledRain":16},{"vexMod:PlasmaPancake":111,"StuffTheSpire:Barrel":155,"Torii":59,"Magic Flower":8,"Black Blood":96,"Painkiller Herb":92,"aspiration:PoetsPen_weak":170,"Juzu Bracelet":155,"Sling":65,"Burning Blood":0,"aspiration:RitualStick":155,"hubris:Icosahedron":190,"hubris:ScarierMask":65,"Red Mask":194,"aspiration:ChemicalBlood":78,"Gremlin Food":67,"aspiration:Nostalgia":0,"infinitespire:CursedDice":111,"GiantMaggot":190,"Replay:WaspNest":134,"aspiration:SecretTechniqueScroll":144,"infinitespire:EvilPickle":92,"infinitespire:DarkRift":0,"vexMod:CursedCompass":39,"SpikesRelics:DaevaFist":125,"infinitespire:Midas Blood":67,"hubris:BottledRain":96}],"Burning Blood":260,"aspiration:RitualStick":[0]},"card_choices":[{"not_picked":["Headbutt","Sword Boomerang"],"picked":"Battle Trance","floor":1},{"not_picked":["Clothesline","Havoc","Abandon"],"picked":"SKIP","floor":2},{"not_picked":["Demonic Infusion","Twin Strike"],"picked":"Cleave","floor":4},{"not_picked":["Clash","Uppercut"],"picked":"Pummel","floor":5},{"not_picked":["Pommel Strike","Warcry"],"picked":"Hemogenesis","floor":10},{"not_picked":["Clash","Flex"],"picked":"Flame Barrier","floor":11},{"not_picked":["Warcry","Havoc"],"picked":"Thunderclap","floor":12},{"not_picked":["Thunderclap","conspire:ExplosiveBarrier"],"picked":"ReplayTheSpireMod:LeadingStrike","floor":13},{"not_picked":["Battle Trance","Pommel Strike"],"picked":"Armaments","floor":18},{"not_picked":["Perfected Strike","Blood for Blood+1"],"picked":"hubris:CleavingFinish","floor":20},{"not_picked":["Pommel Strike","Body Slam"],"picked":"Sentinel","floor":21},{"not_picked":["Warcry+1","Thunderclap"],"picked":"BarbarianYell","floor":28},{"not_picked":["Shockwave+1","Cleave"],"picked":"hubris:ReadiedAction","floor":31},{"not_picked":["Demonic Infusion","Immolate"],"picked":"Barricade","floor":33},{"not_picked":["Armaments","Anger","Sever Soul+1"],"picked":"SKIP","floor":35},{"not_picked":["infinitespire:SevenWalls","infinitespire:NeuralNetwork"],"picked":"infinitespire:Fortify","floor":36},{"not_picked":["Wild Strike","Anger+1"],"picked":"Pommel Strike","floor":37},{"not_picked":["Sword Boomerang+1","StuffTheSpire:RagingBull+1"],"picked":"Rampage+1","floor":39},{"not_picked":["Anger","Wild Strike","Shrug It Off+1"],"picked":"SKIP","floor":41},{"not_picked":["Dark Embrace","hubris:CleavingFinish"],"picked":"Iron Wave+1","floor":42},{"not_picked":["Impatience","HandOfGreed"],"picked":"Jack Of All Trades","floor":44},{"not_picked":["Flex","Armaments+1","Shrug It Off+1"],"picked":"SKIP","floor":46}],"player_experience":356965,"relics_obtained":[{"floor":10,"key":"SpikesRelics:DaevaFist"},{"floor":26,"key":"Juzu Bracelet"},{"floor":43,"key":"GiantMaggot"}],"event_choices":[{"damage_healed":0,"gold_gain":0,"cards_transformed":["Strike_R"],"player_choice":"Transformed","damage_taken":0,"max_hp_gain":0,"max_hp_loss":0,"event_name":"Transmorgrifier","floor":3,"gold_loss":0,"cards_obtained":["Bludgeon"]},{"damage_healed":0,"gold_gain":0,"player_choice":"Leave","damage_taken":0,"max_hp_gain":0,"max_hp_loss":0,"event_name":"The Cleric","floor":7,"gold_loss":0},{"damage_healed":0,"gold_gain":0,"player_choice":"Copied","damage_taken":0,"max_hp_gain":0,"max_hp_loss":0,"event_name":"Duplicator","floor":19,"gold_loss":0,"cards_obtained":["ReplayTheSpireMod:LeadingStrike"]},{"cards_removed":["Hemogenesis"],"damage_healed":0,"gold_gain":0,"player_choice":"Give","damage_taken":0,"max_hp_gain":0,"max_hp_loss":0,"event_name":"betterNote:BetterNote","floor":22,"gold_loss":0,"cards_obtained":["Entrench"]},{"damage_healed":0,"gold_gain":0,"player_choice":"Ignored","damage_taken":0,"max_hp_gain":0,"max_hp_loss":0,"event_name":"Ghosts","floor":29,"gold_loss":0},{"damage_healed":0,"gold_gain":0,"player_choice":"2 cards matched","damage_taken":0,"max_hp_gain":0,"max_hp_loss":0,"event_name":"Match and Keep!","floor":38,"gold_loss":0,"cards_obtained":["Sentinel","Shrug It Off"]},{"damage_healed":0,"gold_gain":0,"player_choice":"Memory 1","damage_taken":0,"max_hp_gain":0,"max_hp_loss":0,"event_name":"SensoryStone","floor":44,"gold_loss":0},{"damage_healed":0,"gold_gain":0,"player_choice":"Paid","damage_taken":0,"relics_obtained":["Red Mask"],"max_hp_gain":0,"max_hp_loss":0,"event_name":"Tomb of Lord Red Mask","floor":47,"gold_loss":301}],"is_beta":false,"boss_relics":[{"not_picked":["ChewingGum","hubris:CrackedHourglass"],"picked":"aspiration:SecretTechniqueScroll"},{"not_picked":["Mark of Pain","infinitespire:Cupcake"],"picked":"aspiration:PoetsPen_weak"}],"items_purged_floors":[],"is_endless":false,"potions_floor_spawned":[5,12,13,18,28,31,33,35,39,42],"killed_by":"conspire:OrnateMirror","ascension_level":0}}