{"host":"ci7ivtocgfxh0ueo","time":1607666054,"event":{"mods":["BaseMod","GifTheSpireLib","Minty Spire (QoL Compilation)","StSLib"],"gold_per_floor":[113,128,128,128,177,206,206,206,206],"floor_reached":8,"playtime":109,"items_purged":[],"score":146,"play_id":"be60e207-8cb0-4fd6-ae80-cc330226d7a5","local_time":"20201211135414","is_ascension_mode":true,"campfire_choices":[],"circlet_count":0,"master_deck":["AscendersBane","Strike_R","Strike_R","Strike_R","Strike_R","Strike_R","Defend_R","Defend_R+1","Defend_R","Defend_R","Bash+1","Blood for Blood+1","Flame Barrier","Cleave"],"relics":["Burning Blood","NeowsBlessing","Ancient Tea Set","Oddly Smooth Stone"],"acts_visited":["Exordium"],"potions_floor_usage":[8],"damage_taken":[{"damage":0,"enemies":"Cultist","floor":1,"turns":1},{"damage":0,"enemies":"Jaw Worm","floor":2,"turns":1},{"damage":0,"enemies":"3 Sentries","floor":6,"turns":2},{"damage":55,"enemies":"Lagavulin","floor":8,"turns":8}],"seed_played":"6056884983993344474","potions_obtained":[{"floor":2,"key":"LiquidMemories"}],"is_trial":false,"path_per_floor":["M","M","?","?","T","E","?","E"],"character_chosen":"IRONCLAD","items_purchased":[],"campfire_rested":0,"item_purchase_floors":[],"current_hp_per_floor":[74,75,75,75,75,75,52,0,0],"gold":206,"neow_bonus":"THREE_ENEMY_KILL","is_daily":false,"chose_seed":false,"campfire_upgraded":0,"win_rate":0.0,"timestamp":1607666054,"path_taken":["M","M","?","?","?","E","?","E"],"items_purchased_type":[],"build_version":"2020-11-30","purchased_purges":0,"victory":false,"max_hp_per_floor":[75,75,75,75,75,75,75,75,75],"card_choices":[{"not_picked":["Body Slam","Cleave"],"picked":"Blood for Blood","floor":1},{"not_picked":["Intimidate","Havoc"],"picked":"Flame Barrier","floor":2},{"not_picked":["Whirlwind","Pommel Strike"],"picked":"Cleave","floor":6}],"player_experience":1249204,"relics_obtained":[{"floor":5,"key":"Ancient Tea Set"},{"floor":6,"key":"Oddly Smooth Stone"}],"event_choices":[{"damage_healed":0,"gold_gain":0,"player_choice":"Leave","damage_taken":0,"max_hp_gain":0,"max_hp_loss":0,"event_name":"The Cleric","floor":3,"gold_loss":0},{"damage_healed":0,"gold_gain":0,"player_choice":"Grow","damage_taken":0,"max_hp_gain":0,"max_hp_loss":0,"event_name":"Living Wall","floor":4,"gold_loss":0,"cards_upgraded":["Blood for Blood"]},{"damage_healed":0,"gold_gain":0,"player_choice":"Entered Light","damage_taken":23,"max_hp_gain":0,"max_hp_loss":0,"event_name":"Shining Light","floor":7,"gold_loss":0,"cards_upgraded":["Defend_R","Bash"]}],"is_beta":false,"boss_relics":[],"items_purged_floors":[],"is_endless":false,"potions_floor_spawned":[2],"killed_by":"Lagavulin","ascension_level":17}}