{"host":"8a3g9edf69u3epoz","time":1607700389,"event":{"mods":["BaseMod","Minty Spire (QoL Compilation)","MostiFishMod","Relic Stats","Remilia_Scarlet Moed（蕾米莉亚・斯卡雷特）3.3.5","Spicy Shops","StSLib","WarShipGirlsR/战舰少女R mod"],"gold_per_floor":[117,128,128,146,60,101,115,144,144,156,197,217,217,244,244,330,330,341,350,80,94,111,139,139,169,169,180,213,239,253,285,285,368,368,383,397,366,391,410,444,454,114,167,193,193,209,238,460,460,460,460],"floor_reached":52,"playtime":1321,"items_purged":["Writhe","Defend_R"],"score":2993,"play_id":"626ca6bd-65ff-4d85-819a-5a4ec3ff0cc3","local_time":"20201211232629","is_ascension_mode":true,"campfire_choices":[{"data":"Armaments","floor":13.0,"key":"SMITH"},{"data":"MostiFishMod:404NotFound","floor":15.0,"key":"SMITH"},{"data":"Reaper","floor":24.0,"key":"SMITH"},{"data":"Double Tap","floor":32.0,"key":"SMITH"},{"data":"Defend_R","floor":45,"key":"PURGE"},{"data":"Strike_R","floor":49,"key":"PURGE"}],"circlet_count":0,"master_deck":["AscendersBane","Strike_R+1","Defend_R","Defend_R","Bash","Double Tap+1","Armaments+1","Carnage+1","MostiFishMod:404NotFound+1","Reaper+1","Fiend Fire","MostiFishMod:HellRitual","MostiFishMod:OrdinaryWorld","MostiFishMod:HellRitual"],"relics":["DaveBox","ShadowXiaoBlade","Snecko Eye","Question Card","ChiLing","Chi","Ling","CeramicFish","Ancient Tea Set","Singing Bowl","FossilizedHelix","Lantern","ImportantClient","RhineSuit","White Beast Statue","Bottled Flame","Pen Nib","Blood Vial","Whetstone","Red Mask","Empty Cage","Dead Branch","ThornShield","Peace Pipe","Happy Flower","Kunai","Bag of Preparation"],"acts_visited":["Exordium","TheCity","TheBeyond"],"potions_floor_usage":[],"damage_taken":[{"damage":0.0,"enemies":"Jaw Worm","floor":1.0,"turns":1.0},{"damage":0.0,"enemies":"Cultist","floor":2.0,"turns":2.0},{"damage":6.0,"enemies":"Small Slimes","floor":4.0,"turns":2.0},{"damage":3.0,"enemies":"Lagavulin","floor":6.0,"turns":2.0},{"damage":9.0,"enemies":"Blue Slaver","floor":7.0,"turns":2.0},{"damage":11.0,"enemies":"Gremlin Nob","floor":8.0,"turns":3.0},{"damage":2.0,"enemies":"Exordium Wildlife","floor":10.0,"turns":1.0},{"damage":18.0,"enemies":"Lagavulin","floor":11.0,"turns":3.0},{"damage":1.0,"enemies":"2 Fungi Beasts","floor":12.0,"turns":1.0},{"damage":1.0,"enemies":"3 Sentries","floor":14.0,"turns":1.0},{"damage":2.0,"enemies":"Hexaghost","floor":16.0,"turns":2.0},{"damage":0.0,"enemies":"3 Byrds","floor":18.0,"turns":1.0},{"damage":1.0,"enemies":"Chosen","floor":21.0,"turns":1.0},{"damage":0.0,"enemies":"Snake Plant","floor":22.0,"turns":1.0},{"damage":1.0,"enemies":"Gremlin Leader","floor":23.0,"turns":1.0},{"damage":0.0,"enemies":"Slavers","floor":25.0,"turns":1.0},{"damage":1.0,"enemies":"Snecko","floor":27.0,"turns":1.0},{"damage":0.0,"enemies":"Gremlin Leader","floor":28.0,"turns":1.0},{"damage":0.0,"enemies":"Centurion and Healer","floor":29.0,"turns":1.0},{"damage":0.0,"enemies":"Chosen and Byrds","floor":30.0,"turns":1.0},{"damage":0.0,"enemies":"Masked Bandits","floor":31.0,"turns":1.0},{"damage":1.0,"enemies":"Champ","floor":33.0,"turns":1.0},{"damage":0.0,"enemies":"3 Darklings","floor":35.0,"turns":1.0},{"damage":0.0,"enemies":"3 Shapes","floor":36.0,"turns":1.0},{"damage":2.0,"enemies":"Mind Bloom Boss Battle","floor":38.0,"turns":1.0},{"damage":0.0,"enemies":"Jaw Worm Horde","floor":39.0,"turns":1.0},{"damage":0.0,"enemies":"Giant Head","floor":40.0,"turns":1.0},{"damage":0.0,"enemies":"Maw","floor":41.0,"turns":1.0},{"damage":0,"enemies":"Nemesis","floor":44,"turns":1},{"damage":0,"enemies":"Writhing Mass","floor":46,"turns":1},{"damage":1,"enemies":"Giant Head","floor":47,"turns":1},{"damage":44,"enemies":"Awakened One","floor":50,"turns":3},{"damage":1,"enemies":"Donu and Deca","floor":51,"turns":1}],"seed_played":"-6093754170014117797","potions_obtained":[{"floor":1.0,"key":"ColorlessPotion"},{"floor":2.0,"key":"SkillPotion"},{"floor":8.0,"key":"BloodPotion"},{"floor":10.0,"key":"ElixirPotion"}],"is_trial":false,"path_per_floor":["M","M","?","M","$","E","M","E","T","M","E","M","R","E","R","B",null,"M","?","$","M","M","E","R","E","T","M","E","M","M","?","R","B",null,"M","M","?","?","M","E","M","$","T","E","R","M","E","?","R","B","B",null],"character_chosen":"IRONCLAD","items_purchased":["ChiLing","Bottled Flame","Peace Pipe"],"campfire_rested":0,"item_purchase_floors":[5,20,42],"current_hp_per_floor":[68,68,68,62,62,59,50,39,39,54,36,37,37,38,38,36,70,72,72,72,73,75,76,76,78,78,93,95,95,97,99,99,98,99,101,103,111,111,113,113,115,115,115,117,117,119,120,120,120,212,213],"gold":460,"neow_bonus":"BOSS_RELIC","is_daily":false,"chose_seed":false,"campfire_upgraded":4,"win_rate":0.0,"timestamp":1607700389,"path_taken":["M","M","?","?","$","E","M","E","T","M","E","M","R","E","R","BOSS","M","?","$","M","M","E","R","E","T","M","E","M","M","?","R","BOSS","M","M","?","?","M","E","M","$","T","E","R","M","E","?","R","BOSS","BOSS"],"items_purchased_type":["Relic","Relic","Relic"],"build_version":"2020-11-30","purchased_purges":2,"victory":true,"max_hp_per_floor":[75,75,75,75,75,75,75,75,75,77,77,79,79,81,81,81,81,83,83,83,85,87,89,89,91,91,93,95,95,97,99,99,99,99,101,103,111,113,113,113,115,115,115,117,117,119,121,121,121,256,256],"relic_stats":{"Singing Bowl":46,"Happy Flower":[2],"counters":[33,44],"CeramicFish":81,"Dead Branch":[45],"Pen Nib":[2],"Bag of Preparation":[4],"Whetstone":["Strike_R","Carnage"],"Question Card":30,"Blood Vial":7,"Peace Pipe":2,"Snecko Eye":[53,87,68,80],"Kunai":[0],"obtain_stats":[{"Lantern":14,"DaveBox":0,"Singing Bowl":9,"Chi":5,"CeramicFish":6,"RhineSuit":17,"Bag of Preparation":47,"Whetstone":28,"Ancient Tea Set":8,"Empty Cage":34,"Burning Blood":0,"Blood Vial":25,"Red Mask":31,"Kunai":44,"ImportantClient":16,"Happy Flower":43,"Dead Branch":38,"ShadowXiaoBlade":0,"Pen Nib":23,"Question Card":1,"ThornShield":40,"White Beast Statue":19,"Peace Pipe":42,"Ling":5,"Bottled Flame":20,"Snecko Eye":0,"FossilizedHelix":11,"ChiLing":5},{"Lantern":10,"DaveBox":0,"Singing Bowl":6,"Chi":3,"CeramicFish":4,"RhineSuit":11,"Bag of Preparation":31,"Whetstone":18,"Ancient Tea Set":6,"Empty Cage":22,"Burning Blood":0,"Blood Vial":16,"Red Mask":21,"Kunai":29,"ImportantClient":11,"Happy Flower":28,"Dead Branch":25,"ShadowXiaoBlade":0,"Pen Nib":15,"Question Card":1,"ThornShield":27,"White Beast Statue":12,"Peace Pipe":28,"Ling":3,"Bottled Flame":12,"Snecko Eye":0,"FossilizedHelix":8,"ChiLing":3},{"Lantern":18,"DaveBox":0,"Singing Bowl":12,"Chi":5,"CeramicFish":7,"RhineSuit":20,"Bag of Preparation":40,"Whetstone":27,"Ancient Tea Set":12,"Empty Cage":31,"Burning Blood":0,"Blood Vial":25,"Red Mask":30,"Kunai":38,"ImportantClient":20,"Happy Flower":37,"Dead Branch":34,"ShadowXiaoBlade":0,"Pen Nib":24,"Question Card":1,"ThornShield":36,"White Beast Statue":21,"Peace Pipe":37,"Ling":5,"Bottled Flame":21,"Snecko Eye":0,"FossilizedHelix":16,"ChiLing":5}]},"card_choices":[{"not_picked":["Inflame","Power Through","Wild Strike"],"picked":"SKIP","floor":1.0},{"not_picked":["Anger","Cleave","Twin Strike"],"picked":"Double Tap","floor":2.0},{"not_picked":["True Grit","Disarm","Spot Weakness"],"picked":"Armaments","floor":4.0},{"not_picked":["Clash","True Grit","Body Slam"],"picked":"Carnage","floor":6.0},{"not_picked":["True Grit","Feel No Pain","Thunderclap","Heavy Blade"],"picked":"SKIP","floor":7.0},{"not_picked":["Shrug It Off","Corruption","Flex","Wild Strike"],"picked":"SKIP","floor":8.0},{"not_picked":["Thunderclap","Clothesline","Havoc","Armaments"],"picked":"Singing Bowl","floor":10.0},{"not_picked":["Hemokinesis","Perfected Strike","Cleave"],"picked":"MostiFishMod:404NotFound","floor":11.0},{"not_picked":["Power Through","Armaments","Sentinel","Iron Wave"],"picked":"Singing Bowl","floor":12.0},{"not_picked":["Evolve","MostiFishMod:UltimateDefense","Pommel Strike","True Grit"],"picked":"Singing Bowl","floor":14.0},{"not_picked":["Bludgeon","MostiFishMod:TemporaryOutbreak","Limit Break"],"picked":"Reaper","floor":16.0},{"not_picked":["Perfected Strike","Dark Embrace+1","Shrug It Off","Pommel Strike"],"picked":"Singing Bowl","floor":18.0},{"not_picked":["Clothesline","Flex","Clash","Rage"],"picked":"Singing Bowl","floor":21.0},{"not_picked":["Warcry","Sword Boomerang","Heavy Blade","Clothesline"],"picked":"Singing Bowl","floor":22.0},{"not_picked":["Second Wind","Body Slam","Bludgeon","Clothesline"],"picked":"Singing Bowl","floor":23.0},{"not_picked":["Heavy Blade","Twin Strike","Pommel Strike","Uppercut"],"picked":"Singing Bowl","floor":25.0},{"not_picked":["Shrug It Off","MostiFishMod:BrandingRite","Shockwave","Uppercut+1"],"picked":"Singing Bowl","floor":27.0},{"not_picked":["Combust","Headbutt","Wild Strike","Anger"],"picked":"Singing Bowl","floor":28.0},{"not_picked":["Power Through+1","Shockwave","Ghostly Armor"],"picked":"Fiend Fire","floor":29.0},{"not_picked":["Anger+1","Shrug It Off","Body Slam+1","Heavy Blade"],"picked":"Singing Bowl","floor":30.0},{"not_picked":["Twin Strike","Perfected Strike","Feel No Pain","Searing Blow"],"picked":"Singing Bowl","floor":31.0},{"not_picked":["Feed","Demon Form","MostiFishMod:#F4004"],"picked":"MostiFishMod:HellRitual","floor":33.0},{"not_picked":["Second Wind","Sever Soul","Headbutt","Intimidate+1"],"picked":"Singing Bowl","floor":35.0},{"not_picked":["Clash","Flame Barrier+1","Armaments","Wild Strike+1"],"picked":"Singing Bowl","floor":36.0},{"not_picked":["Heavy Blade"],"picked":"Singing Bowl","floor":37.0},{"not_picked":["Sword Boomerang"],"picked":"Singing Bowl","floor":37.0},{"not_picked":["Rampage"],"picked":"Singing Bowl","floor":37.0},{"not_picked":["MostiFishMod:BrandingRite"],"picked":"Singing Bowl","floor":37.0},{"not_picked":[],"picked":"MostiFishMod:OrdinaryWorld","floor":37.0},{"not_picked":["Flex","Perfected Strike+1","Carnage+1","Thunderclap"],"picked":"Singing Bowl","floor":38.0},{"not_picked":["Iron Wave","Flame Barrier+1","Wild Strike"],"picked":"MostiFishMod:NeverNightCountry","floor":39.0},{"not_picked":["Battle Trance+1","Warcry","Shockwave"],"picked":"MostiFishMod:HellRitual","floor":40.0},{"not_picked":["Twin Strike","Thunderclap+1","Wild Strike","Shrug It Off+1"],"picked":"Singing Bowl","floor":41.0},{"not_picked":["Sentinel","Headbutt","Bloodletting","Perfected Strike"],"picked":"Singing Bowl","floor":44},{"not_picked":["Ghostly Armor","Perfected Strike","Disarm+1","Twin Strike"],"picked":"Singing Bowl","floor":46},{"not_picked":["Intimidate+1","Pommel Strike+1","Cleave+1","Infernal Blade"],"picked":"Singing Bowl","floor":47}],"player_experience":189830,"relics_obtained":[{"floor":1.0,"key":"Question Card"},{"floor":6.0,"key":"CeramicFish"},{"floor":8.0,"key":"Ancient Tea Set"},{"floor":9.0,"key":"Singing Bowl"},{"floor":11.0,"key":"FossilizedHelix"},{"floor":14.0,"key":"Lantern"},{"floor":16.0,"key":"ImportantClient"},{"floor":23.0,"key":"Pen Nib"},{"floor":25.0,"key":"Blood Vial"},{"floor":28.0,"key":"Whetstone"},{"floor":31.0,"key":"Red Mask"},{"floor":38.0,"key":"Dead Branch"},{"floor":40.0,"key":"ThornShield"},{"floor":43,"key":"Happy Flower"},{"floor":44,"key":"Kunai"},{"floor":47,"key":"Bag of Preparation"}],"event_choices":[{"cards_removed":["Strike_R"],"damage_healed":0.0,"max_hp_gain":0.0,"max_hp_loss":0.0,"gold_gain":0.0,"event_name":"Bonfire Elementals","player_choice":"Offered Basic","floor":3.0,"gold_loss":0.0,"damage_taken":0.0},{"damage_healed":0.0,"max_hp_gain":0.0,"max_hp_loss":0.0,"gold_gain":0.0,"event_name":"The Mausoleum","player_choice":"Opened","floor":19.0,"gold_loss":0.0,"damage_taken":0.0,"relics_obtained":["White Beast Statue"],"cards_obtained":["Writhe"]},{"damage_healed":0.0,"max_hp_gain":0.0,"max_hp_loss":0.0,"gold_gain":0.0,"event_name":"Masked Bandits","player_choice":"Fought Bandits","floor":31.0,"gold_loss":0.0,"damage_taken":0.0},{"damage_healed":0.0,"max_hp_gain":0.0,"max_hp_loss":0.0,"gold_gain":0.0,"event_name":"MindBloom","player_choice":"Fight","floor":38.0,"gold_loss":0.0,"damage_taken":0.0},{"damage_healed":0,"gold_gain":222,"player_choice":"Wore Mask","damage_taken":0,"max_hp_gain":0,"max_hp_loss":0,"event_name":"Tomb of Lord Red Mask","floor":48,"gold_loss":0}],"is_beta":false,"boss_relics":[{"not_picked":["Calling Bell","ExusiaiGun"],"picked":"RhineSuit"},{"not_picked":["Runic Cube","RhineCircuit"],"picked":"Empty Cage"}],"items_purged_floors":[20,42],"is_endless":false,"potions_floor_spawned":[1,2,8,10,14,21,22,23,25,27,28,29,30,31,33,35,36,38,39,40,41,44,46,47],"ascension_level":20}}