{"host":"q5ywcqpu34kfjllv","time":1607663478,"event":{"mods":["AchievementEnabler","Aspiration","BaseMod","Better Note","Better Third Choice","BetterRewards","Card Forge","Colored Powertips","Disable Question Mark Monsters","Downfall","GungeonMod","Hermit","Hubris","Lobotomy","LobotomyExtend","Mad Scientist","Minty Spire (QoL Compilation)","Quick Restart","Rare Cards Sparkle","Replay The Spire","Shop Mod","StSLib","Synergy Search","The Construct","The Forsaken","The Hierophant","The Kombatant","The Runesmith","The Showman","TheLocksmith","TheVacant","Transform Curses","slay the spire mod where everything is the same but ironclad has a cowboy hat","????"],"gold_per_floor":[109,109,139,139,64,64,81,32,32,49,49,82,82,99,99,99,274,274,274,274],"floor_reached":13,"playtime":1321,"items_purged":["Strike_G"],"score":108,"play_id":"2010d877-8d31-4f7f-bb73-9e0c7887afa2","local_time":"20201210231118","is_ascension_mode":false,"campfire_choices":[{"floor":6,"key":"REST"},{"floor":7,"key":"REST"}],"circlet_count":0,"master_deck":["Strike_G","Strike_G","Strike_G","Defend_G","Defend_G","Defend_G","Defend_G","Survivor+1","Neutralize","Blade Dance+1","Dazed","Blade Dance+1","DespairKnight","Hidden Blade","Well Laid Plans","MHz","OSAHOGD","Doubt"],"relics":["Ring of the Snake","Hammer of Thor","Seething Fire","Anvil of the Gods","CogitoBucket","Unceasing Top","LetterFromLob","Amita_r","Replay:WaspNest","Molten Egg 2"],"acts_visited":["Exordium"],"potions_floor_usage":[],"damage_taken":[{"damage":8,"enemies":"Jaw Worm","floor":1,"turns":7},{"damage":0,"enemies":"Small Slimes","floor":1,"turns":4},{"damage":2,"enemies":"Jaw Worm","floor":4,"turns":2},{"damage":0,"enemies":"Lagavulin","floor":6,"turns":1},{"damage":0,"enemies":"Cultist","floor":8,"turns":3},{"damage":23,"enemies":"3 Louse","floor":13,"turns":3}],"seed_played":"-9172191679590193231","potions_obtained":[{"floor":4,"key":"Milkshake"},{"floor":4,"key":"Guardian:BlockOnCardUsePotion"},{"floor":4,"key":"DemoMod:BlankPotion"}],"is_trial":false,"path_per_floor":["M","?","?","?","$","R","M","M","$","?","M","?","E","R","M","T","?","?","?","M"],"character_chosen":"THE_SILENT","items_purchased":["Blade Dance"],"campfire_rested":2,"item_purchase_floors":[2],"current_hp_per_floor":[62,62,34,34,34,55,70,70,70,68,68,1,22,22,22,22,22,22,0,0],"gold":274,"neow_bonus":"","is_daily":false,"chose_seed":false,"campfire_upgraded":0,"win_rate":0.0,"timestamp":1607663478,"path_taken":["M","?","?","?","$","R","M","M","$","?","M","?","E","R","M","T","?","?","?","M"],"items_purchased_type":["Card"],"build_version":"2020-11-30","purchased_purges":1,"victory":false,"max_hp_per_floor":[70,70,70,70,70,70,70,70,70,70,70,70,70,71,71,71,71,71,73,73],"card_choices":[{"not_picked":["OSAHOGD","HappyTeddy"],"picked":"Yin","floor":1},{"not_picked":["Underhanded Strike","Cloak And Dagger"],"picked":"Blade Dance","floor":1},{"not_picked":["Well Laid Plans","Atom Bomb"],"picked":"hubris:SlightOfHand","floor":3},{"not_picked":["Quick Slash","Outmaneuver","Dodge and Roll"],"picked":"SKIP","floor":1},{"not_picked":["Variant","CrumblingArmor"],"picked":"DespairKnight","floor":4},{"not_picked":["Terror","Concentrate"],"picked":"Hidden Blade","floor":4},{"not_picked":["Crippling Poison","aspiration:Lunge"],"picked":"Well Laid Plans","floor":6},{"not_picked":["OldLady","WallGazer"],"picked":"MHz","floor":6},{"not_picked":["ShyLook","BeautyBeast"],"picked":"OSAHOGD","floor":8},{"not_picked":["Dagger Spray","Riddle With Holes","Deflect"],"picked":"SKIP","floor":8}],"player_experience":493842,"relics_obtained":[{"floor":1,"key":"LetterFromLob"},{"floor":3,"key":"Unceasing Top"},{"floor":1,"key":"LetterFromLob"},{"floor":6,"key":"Replay:WaspNest"},{"floor":9,"key":"Molten Egg 2"}],"event_choices":[{"damage_healed":0,"gold_gain":0,"player_choice":"Got Potions","damage_taken":0,"max_hp_gain":0,"max_hp_loss":0,"event_name":"Lab","floor":4,"gold_loss":0},{"cards_removed":["Strike_G"],"damage_healed":0,"gold_gain":0,"player_choice":"Offered Basic","damage_taken":0,"max_hp_gain":0,"max_hp_loss":0,"event_name":"Bonfire Elementals","floor":3,"gold_loss":0},{"damage_healed":0,"gold_gain":0,"player_choice":"Ignored","damage_taken":0,"max_hp_gain":0,"max_hp_loss":0,"event_name":"betterNote:BetterNote","floor":5,"gold_loss":0,"cards_obtained":["Iron Wave"]},{"damage_healed":0,"gold_gain":0,"player_choice":"Grow","damage_taken":0,"max_hp_gain":0,"max_hp_loss":0,"event_name":"Living Wall","floor":10,"gold_loss":0,"cards_upgraded":["Blade Dance"]},{"damage_healed":0,"gold_gain":175,"player_choice":"AGREE","damage_taken":99,"max_hp_gain":0,"max_hp_loss":0,"event_name":"betterThird:BetterSerpent","floor":11,"gold_loss":0},{"damage_healed":0,"gold_gain":0,"player_choice":"Ignored","damage_taken":0,"max_hp_gain":0,"max_hp_loss":0,"event_name":"Golden Wing","floor":12,"gold_loss":0}],"is_beta":false,"boss_relics":[],"items_purged_floors":[5],"is_endless":false,"potions_floor_spawned":[8],"killed_by":"3 Louse","ascension_level":0}}