{"host":"ceopyqoizwrgii5g","time":1607704531,"event":{"mods":["Act Like it!","Aspiration","BaseMod","BetterRewards","CapriCore","Conspire","Dota2Spire","GungeonMod","Hallownest","Hermit","Infinite Spire","Luminous","Marisa（霧雨　魔理沙）","Minty Spire (QoL Compilation)","Permanent Neow","Quick Restart","Replay The Spire","RumiaBox-露米?的神秘盒子","Shop Mod","Spicy Shops","StSLib","SuperFastMode","TheWitcher","Transform Curses","WarShipGirlsR/??少女R mod","【?方二次?作】八云紫mod","【功能Mod】混沌之?修复?丁"],"gold_per_floor":[112,287,106,122,122,122,149,149,149,149,149,149,184,184,184,281,281,292,314,314,314,314,342,342,342,342,342,361,381,403,420,435,435,435,435,435],"floor_reached":35,"playtime":1232,"items_purged":["Doubt"],"score":283,"play_id":"1a46996d-021e-4f04-a59a-048538548039","local_time":"20201212003531","is_ascension_mode":false,"campfire_choices":[{"data":"1","floor":6,"key":"LIFT"},{"data":"2","floor":8,"key":"LIFT"},{"floor":10,"key":"REST"},{"data":"3","floor":12,"key":"LIFT"},{"floor":15,"key":"REST"},{"data":"DemoMod:BalloonGun","floor":25,"key":"SMITH"},{"data":"DemoMod:MachoBrace","floor":27,"key":"SMITH"},{"data":"DemoMod:CursedBullets","floor":33,"key":"SMITH"}],"circlet_count":0,"master_deck":["DemoMod:Strike_Huntress+1","DemoMod:Strike_Huntress+1","DemoMod:Strike_Huntress+1","DemoMod:Defend_Huntress+1","DemoMod:Defend_Huntress+1","DemoMod:Defend_Huntress+1","DemoMod:Defend_Huntress+1","DemoMod:Roll","DemoMod:ManualReload","DemoMod:RustySidearm","DemoMod:CrossBow","DemoMod:Camera","DemoMod:MachoBrace+1","DemoMod:Purify","Regret","DemoMod:MachoBrace","DemoMod:BalloonGun+1","DemoMod:CursedBullets+1","DemoMod:RadGun+1","DemoMod:ConditionalReflex+1","DemoMod:SAA+1","DemoMod:HuntsMan","DemoMod:PotionOfGunFriendShip+1","DemoMod:FightSabre","DemoMod:SniperShot","DemoMod:HuntsMan+1","DemoMod:HungryBullets","DemoMod:BalloonGun","DemoMod:HungryBullets+1","DemoMod:AWP","DemoMod:TeaPot+1"],"relics":["DemoMod:Dog","Membership Card","MerchantsRug","DemoMod:LamentConfigurum","Girya","DemoMod:GreenGuonStone","Prayer Wheel","Ice Cream","Pen Nib","Centennial Puzzle","ReplayTheSpireMod:Ninjato","infinitespire:Broken Mirror","Divine Protection","Cursed Key","Memoryfragments_purpleEX","Unceasing Top","Replay:Bottled Flurry"],"acts_visited":["Exordium","TheCity","TheCity"],"potions_floor_usage":[16,19,31,34],"damage_taken":[{"damage":1,"enemies":"Jaw Worm","floor":1,"turns":6},{"damage":8,"enemies":"conspire:RoseBush","floor":4,"turns":3},{"damage":34,"enemies":"Gremlin Nob","floor":7,"turns":5},{"damage":24,"enemies":"Lagavulin","floor":13,"turns":5},{"damage":9,"enemies":"Slime Boss","floor":16,"turns":6},{"damage":0,"enemies":"Spheric Guardian","floor":18,"turns":2},{"damage":0,"enemies":"conspire:FuzzyDice","floor":19,"turns":4},{"damage":23,"enemies":"conspire:SneckoGhost","floor":23,"turns":5},{"damage":0,"enemies":"DemoMod:2_Veteran_bullet_kins_and_red_shotgun_kin","floor":28,"turns":2},{"damage":3,"enemies":"DemoMod:Red_and_blue_shotgun_kin","floor":29,"turns":2},{"damage":10,"enemies":"DemoMod:Red_and_blue_shotgun_kin_with_gunsinger","floor":30,"turns":2},{"damage":0,"enemies":"DemoMod:2_Mousers","floor":31,"turns":3},{"damage":0,"enemies":"DemoMod:Veteran_shot_gun_kin_and_blue_shotgun_kin","floor":32,"turns":1},{"damage":14,"enemies":"DemoMod:ResourcefulRat","floor":35,"turns":5}],"seed_played":"7688460855474290779","potions_obtained":[{"floor":13,"key":"AttackPotion"},{"floor":16,"key":"Energy Potion"},{"floor":30,"key":"Fire Potion"},{"floor":32,"key":"PowerPotion"}],"is_trial":false,"path_per_floor":["M","?","$","M","?","R","E","R","T","R","?","R","E","?","R","B",null,"M","M","?","?","?","E","?","R","T","R","M","M","M","M","M","R","B","B"],"character_chosen":"HUNTRESS","items_purchased":["DemoMod:GnawedKey","Membership Card","MerchantsRug","DemoMod:LamentConfigurum","DemoMod:GreenGuonStone","DemoMod:Camera","Prayer Wheel","Ice Cream"],"campfire_rested":2,"item_purchase_floors":[0,0,0,0,0,0,3,3],"current_hp_per_floor":[69,69,69,61,61,61,27,27,27,48,45,45,21,21,42,33,70,70,70,70,70,70,47,47,47,70,70,70,67,57,57,57,57,11,0,0],"gold":435,"neow_bonus":"","is_daily":false,"chose_seed":false,"campfire_upgraded":3,"win_rate":0.0,"timestamp":1607704531,"path_taken":["M","?","$","M","?","R","E","R","T","R","?","R","E","?","R","BOSS","M","?","?","?","?","E","?","R","T","R","M","M","M","M","M","R","BOSS","BOSS"],"items_purchased_type":["Relic","Relic","Relic","Relic","Relic","Card","Relic","Relic"],"build_version":"2020-11-30","purchased_purges":1,"victory":false,"max_hp_per_floor":[70,70,70,70,70,70,70,70,70,70,70,70,70,70,70,70,70,70,70,70,70,70,70,70,70,70,70,70,70,70,70,70,70,70,70,70],"card_choices":[{"not_picked":["DemoMod:ZorGun","DemoMod:Polaris"],"picked":"DemoMod:MachoBrace","floor":1},{"not_picked":["DemoMod:ConditionalReflex","DemoMod:FastSwitch"],"picked":"DemoMod:Purify","floor":4},{"not_picked":["DemoMod:Unmoved","DemoMod:StickyCrossBow","DemoMod:ConditionalReflex"],"picked":"SKIP","floor":4},{"not_picked":["DemoMod:FeignSurrender","DemoMod:GunstockTap","DemoMod:JK47"],"picked":"SKIP","floor":7},{"not_picked":["DemoMod:AC15","DemoMod:BoxingGlove"],"picked":"DemoMod:MachoBrace","floor":13},{"not_picked":["DemoMod:DarkMarker","DemoMod:BlankBullets"],"picked":"DemoMod:BalloonGun","floor":16},{"not_picked":["DemoMod:BoxingGlove","DemoMod:Camera"],"picked":"DemoMod:CursedBullets","floor":18},{"not_picked":["DemoMod:DirectionalPad","DemoMod:DoubleSwitch+1","DemoMod:AC15"],"picked":"SKIP","floor":18},{"not_picked":["DemoMod:MachoBrace","DemoMod:DirectionalPad"],"picked":"DemoMod:RadGun+1","floor":19},{"not_picked":["DemoMod:Purify","DemoMod:ProbeStrike"],"picked":"DemoMod:ConditionalReflex+1","floor":19},{"not_picked":["DemoMod:JK47","DemoMod:FastSwitch"],"picked":"DemoMod:SAA+1","floor":23},{"not_picked":["DemoMod:DirectionalPad+1","DemoMod:FastSwitch+1"],"picked":"DemoMod:HuntsMan","floor":28},{"not_picked":["DemoMod:SAA+1","DemoMod:AC15"],"picked":"DemoMod:PotionOfGunFriendShip+1","floor":28},{"not_picked":["DemoMod:SniperShot","DemoMod:MegaHand+1"],"picked":"DemoMod:FightSabre","floor":29},{"not_picked":["DemoMod:Ejector","DemoMod:Polaris"],"picked":"DemoMod:SniperShot","floor":29},{"not_picked":["DemoMod:HardPowerCard","DemoMod:AC15"],"picked":"DemoMod:HuntsMan+1","floor":30},{"not_picked":["DemoMod:DirectionalPad","DemoMod:StickyCrossBow+1"],"picked":"DemoMod:HungryBullets","floor":30},{"not_picked":["DemoMod:BattleInHaste+1","DemoMod:Ejector+1"],"picked":"DemoMod:BalloonGun","floor":31},{"not_picked":["DemoMod:ConditionalReflex+1","DemoMod:SAA"],"picked":"DemoMod:HungryBullets+1","floor":31},{"not_picked":["DemoMod:ConditionalReflex","DemoMod:StickyCrossBow"],"picked":"DemoMod:AWP","floor":32},{"not_picked":["DemoMod:FortunesFavor","DemoMod:HuntsMan"],"picked":"DemoMod:TeaPot+1","floor":32}],"player_experience":177396,"relics_obtained":[{"floor":7,"key":"Centennial Puzzle"},{"floor":9,"key":"ReplayTheSpireMod:Ninjato"},{"floor":13,"key":"Divine Protection"},{"floor":23,"key":"Replay:Bottled Flurry"}],"event_choices":[{"damage_healed":0,"gold_gain":175,"player_choice":"AGREE","damage_taken":0,"max_hp_gain":0,"max_hp_loss":0,"event_name":"Liars Game","floor":2,"gold_loss":0,"cards_obtained":["Doubt"]},{"damage_healed":0,"gold_gain":0,"player_choice":"Box","damage_taken":0,"relics_obtained":["Pen Nib"],"max_hp_gain":0,"max_hp_loss":0,"event_name":"Big Fish","floor":5,"gold_loss":0,"cards_obtained":["Regret"]},{"damage_healed":0,"gold_gain":0,"player_choice":"Success","damage_taken":3,"relics_obtained":["infinitespire:Broken Mirror"],"max_hp_gain":0,"max_hp_loss":0,"event_name":"Scrap Ooze","floor":11,"gold_loss":0},{"damage_healed":0,"gold_gain":0,"player_choice":"Ignored","damage_taken":0,"max_hp_gain":0,"max_hp_loss":0,"event_name":"NoteForYourself","floor":14,"gold_loss":0},{"damage_healed":0,"gold_gain":0,"player_choice":"Ignored","damage_taken":0,"max_hp_gain":0,"max_hp_loss":0,"event_name":"Vampires","floor":21,"gold_loss":0},{"damage_healed":0,"gold_gain":0,"player_choice":"Simplicity","damage_taken":0,"max_hp_gain":0,"max_hp_loss":0,"event_name":"Back to Basics","floor":24,"gold_loss":0,"cards_upgraded":["DemoMod:Strike_Huntress","DemoMod:Strike_Huntress","DemoMod:Strike_Huntress","DemoMod:Defend_Huntress","DemoMod:Defend_Huntress","DemoMod:Defend_Huntress","DemoMod:Defend_Huntress"]}],"is_beta":false,"boss_relics":[{"not_picked":["Tiny House","Ectoplasm"],"picked":"Cursed Key"}],"items_purged_floors":[3],"is_endless":false,"potions_floor_spawned":[13,16,30,32],"killed_by":"DemoMod:ResourcefulRat","ascension_level":0}}