{"host":"mszes4kzl3qk0fcx","time":1607703851,"event":{"mods":["BaseMod","Minty Spire (QoL Compilation)","StSLib","The Administrix","The Animator"],"gold_per_floor":[99,99,99,99,99,99,99,99,99,99,99],"floor_reached":10,"playtime":907,"items_purged":[],"score":107,"play_id":"513dd05a-5cc3-4e92-8ab7-8f45d9d63441","local_time":"20201211112411","is_ascension_mode":true,"campfire_choices":[{"data":"animator:NarberalGamma","floor":7,"key":"SMITH"}],"circlet_count":0,"master_deck":["animator:Strike_Overlord","animator:Defend_Overlord","animator:Strike","animator:Strike","animator:Strike","animator:Defend","animator:Defend","animator:Defend","animator:Cocytus","animator:Demiurge","animator:MamiTomoe","animator:YuiTsuruno","animator:Vesta","animator:NarberalGamma+1","animator:MadokaKaname"],"relics":["animator:TheMissingPiece","animator:PurgingStone","Ectoplasm","MealTicket","Mango","Blue Candle"],"acts_visited":["Exordium"],"potions_floor_usage":[6],"damage_taken":[{"damage":1,"enemies":"Jaw Worm","floor":1,"turns":4},{"damage":0,"enemies":"2 Louse","floor":2,"turns":2},{"damage":0,"enemies":"Small Slimes","floor":3,"turns":3},{"damage":9,"enemies":"Exordium Wildlife","floor":5,"turns":4},{"damage":15,"enemies":"3 Sentries","floor":6,"turns":7},{"damage":35,"enemies":"Gremlin Nob","floor":8,"turns":4},{"damage":25,"enemies":"Lagavulin","floor":10,"turns":3}],"seed_played":"-8068397059607783010","potions_obtained":[{"floor":3,"key":"Energy Potion"},{"floor":8,"key":"Ancient Potion"}],"is_trial":false,"path_per_floor":["M","M","M","?","M","E","R","E","T","E"],"character_chosen":"THE_ANIMATOR","items_purchased":[],"campfire_rested":0,"item_purchase_floors":[],"current_hp_per_floor":[65,66,66,66,57,42,42,21,21,0,0],"gold":99,"neow_bonus":"BOSS_RELIC","is_daily":false,"chose_seed":false,"campfire_upgraded":1,"win_rate":0.0,"timestamp":1607703851,"path_taken":["M","M","M","?","M","E","R","E","T","E"],"items_purchased_type":[],"build_version":"2020-11-30","purchased_purges":0,"victory":false,"max_hp_per_floor":[66,67,67,67,67,67,67,81,81,81,81],"card_choices":[{"not_picked":["animator:YuiTsuruno","animator:Yoichi"],"picked":"animator:MamiTomoe","floor":1},{"not_picked":["animator:Demiurge","animator:ZankiKiguchi"],"picked":"animator:YuiTsuruno","floor":2},{"not_picked":["animator:Shuna","animator:Viivi"],"picked":"animator:Vesta","floor":3},{"not_picked":["animator:Sebas","animator:Entoma"],"picked":"animator:NarberalGamma","floor":5},{"not_picked":["animator:Megumin","animator:GuildGirl","animator:Konayuki"],"picked":"SKIP","floor":6},{"not_picked":["animator:Vanir","animator:MaesHughes"],"picked":"animator:MadokaKaname","floor":8}],"player_experience":476282,"relics_obtained":[{"floor":6,"key":"MealTicket"},{"floor":8,"key":"Mango"},{"floor":9,"key":"Blue Candle"}],"event_choices":[{"damage_healed":0,"gold_gain":0,"player_choice":"Ignored","damage_taken":0,"max_hp_gain":0,"max_hp_loss":0,"event_name":"Golden Idol","floor":4,"gold_loss":0}],"is_beta":false,"boss_relics":[],"items_purged_floors":[],"is_endless":false,"potions_floor_spawned":[3,8],"killed_by":"Lagavulin","ascension_level":1}}