{"host":"n529wyrjhujcvty3","time":1607663635,"event":{"mods":["Act Like it!","BaseMod","Better Third Choice","Hermit","Minty Spire (QoL Compilation)","Shop Mod","StSLib","The Hierophant","The Poker Player"],"gold_per_floor":[20,20,39,53,53,53,81,81,81,81,108,108,173,27,27,27,27],"floor_reached":16,"playtime":2211,"items_purged":["hermit:Defend_Hermit"],"score":124,"play_id":"31205b4a-ddd4-45fb-9f5e-97fcfa6d3fbc","local_time":"20201211131355","is_ascension_mode":true,"campfire_choices":[{"data":"hermit:Strike_Hermit","floor":6.0,"key":"PURGE"},{"data":"hermit:Strike_Hermit","floor":8.0,"key":"PURGE"},{"floor":12,"key":"REST"},{"floor":15,"key":"REST"}],"circlet_count":0,"master_deck":["hermit:Strike_Hermit","hermit:Strike_Hermit","hermit:Defend_Hermit+1","hermit:Defend_Hermit","hermit:Defend_Hermit","hermit:Snapshot","hermit:Covet","Apotheosis+1","hermit:GhostlyPresence","hermit:DeadOrAlive","hermit:Cheat+1","hermit:SprayPray","hermit:RoundhouseKick","hermit:TakeAim","hermit:ShadowCloak"],"relics":["hermit:Momento","Peace Pipe","The Courier","HornCleat","Regal Pillow"],"acts_visited":["Exordium"],"potions_floor_usage":[11,13],"damage_taken":[{"damage":4.0,"enemies":"Jaw Worm","floor":1.0,"turns":2.0},{"damage":6.0,"enemies":"Cultist","floor":3.0,"turns":3.0},{"damage":0.0,"enemies":"2 Louse","floor":4.0,"turns":2.0},{"damage":11.0,"enemies":"Looter","floor":7.0,"turns":3.0},{"damage":36,"enemies":"Gremlin Nob","floor":11,"turns":5},{"damage":10,"enemies":"Lagavulin","floor":13,"turns":7},{"damage":52,"enemies":"Hexaghost","floor":16,"turns":22}],"seed_played":"6318564216686321606","potions_obtained":[{"floor":1.0,"key":"Fire Potion"},{"floor":11,"key":"CultistPotion"}],"is_trial":false,"path_per_floor":["M","?","M","M","T","R","M","R","T","?","E","R","E","$","R","B"],"character_chosen":"HERMIT","items_purchased":["hermit:TakeAim","hermit:ShadowCloak"],"campfire_rested":2,"item_purchase_floors":[14,14],"current_hp_per_floor":[71,71,65,65,65,65,54,54,54,39,3,25,15,15,52,0,0],"gold":27,"neow_bonus":"RANDOM_COLORLESS_2","is_daily":false,"chose_seed":false,"campfire_upgraded":0,"win_rate":0.0,"timestamp":1607663635,"path_taken":["M","?","M","M","?","R","?","R","T","?","E","R","E","?","R","BOSS"],"items_purchased_type":["Card","Card"],"build_version":"2020-11-30","purchased_purges":1,"victory":false,"max_hp_per_floor":[75,75,75,75,75,75,75,75,75,75,75,75,75,75,75,75,75],"card_choices":[{"not_picked":["Violence","Secret Weapon"],"picked":"Apotheosis","floor":0.0},{"not_picked":["hermit:ItchyTrigger","hermit:Ricochet","hermit:Vantage"],"picked":"SKIP","floor":1.0},{"not_picked":["hermit:Coalescence","hermit:Manifest"],"picked":"hermit:GhostlyPresence","floor":3.0},{"not_picked":["hermit:Malice","hermit:BodyArmor"],"picked":"hermit:DeadOrAlive","floor":4.0},{"not_picked":["hermit:FullyLoaded","hermit:Maintenance"],"picked":"hermit:Cheat","floor":7.0},{"not_picked":["hermit:BigShot","hermit:Snipe"],"picked":"hermit:SprayPray","floor":11},{"not_picked":["hermit:Headshot","hermit:LoneWolf"],"picked":"hermit:RoundhouseKick","floor":13}],"player_experience":439377,"relics_obtained":[{"floor":5.0,"key":"Peace Pipe"},{"floor":9.0,"key":"The Courier"},{"floor":11,"key":"HornCleat"},{"floor":13,"key":"Regal Pillow"}],"event_choices":[{"damage_healed":0.0,"max_hp_gain":0.0,"max_hp_loss":0.0,"gold_gain":0.0,"event_name":"Living Wall","player_choice":"Grow","floor":2.0,"gold_loss":0.0,"damage_taken":0.0,"cards_upgraded":["Apotheosis"]},{"damage_healed":54,"gold_gain":0,"player_choice":"Upgrade","damage_taken":15,"max_hp_gain":0,"max_hp_loss":75,"event_name":"betterThird:BetterShining","floor":10,"gold_loss":0,"cards_upgraded":["hermit:Defend_Hermit","hermit:Cheat"]}],"is_beta":false,"boss_relics":[],"items_purged_floors":[14],"is_endless":false,"potions_floor_spawned":[1,11],"killed_by":"Hexaghost","ascension_level":3}}