{"host":"7k7fhzlbqzyu5ijh","time":1607710410,"event":{"mods":["AchievementEnabler","BaseMod","Bestiary","Colored Map","Colored Powertips","Filter the Spire","Minty Spire (QoL Compilation)","RNG Fix","Relic Stats"],"gold_per_floor":[113,113,38,49,67,101,101,119,119,139,155,189,189,216,216,319,319,338,355,355,355,366,366,366],"floor_reached":23,"playtime":2643,"items_purged":["Pain"],"score":354,"play_id":"fcd10615-edd9-4221-b224-5fefd5ff6d80","local_time":"20201211131330","is_ascension_mode":true,"campfire_choices":[{"data":"True Grit","floor":7.0,"key":"SMITH"},{"floor":13.0,"key":"REST"},{"data":"Bludgeon","floor":15.0,"key":"SMITH"}],"circlet_count":0,"master_deck":["Strike_R","Strike_R","Strike_R","Strike_R","Strike_R","Defend_R","Defend_R","Defend_R","Defend_R","Bash","Cleave","Battle Trance","True Grit+1","Dual Wield","Inflame","Feed","Uppercut","Bludgeon+1","Limit Break","True Grit","Whirlwind","Shockwave","Seeing Red"],"relics":["Sozu","WarpedTongs","Akabeko","Toy Ornithopter","Potion Belt","Runic Pyramid"],"acts_visited":["Exordium","TheCity"],"potions_floor_usage":[],"damage_taken":[{"damage":2.0,"enemies":"Small Slimes","floor":1.0,"turns":3.0},{"damage":0.0,"enemies":"Cultist","floor":4.0,"turns":2.0},{"damage":2.0,"enemies":"Jaw Worm","floor":5.0,"turns":3.0},{"damage":18.0,"enemies":"3 Sentries","floor":6.0,"turns":9.0},{"damage":0.0,"enemies":"Blue Slaver","floor":8.0,"turns":2.0},{"damage":0.0,"enemies":"2 Fungi Beasts","floor":10.0,"turns":2.0},{"damage":0.0,"enemies":"Gremlin Gang","floor":11.0,"turns":1.0},{"damage":34.0,"enemies":"Lagavulin","floor":12.0,"turns":6.0},{"damage":13.0,"enemies":"Gremlin Nob","floor":14.0,"turns":4.0},{"damage":0.0,"enemies":"Slime Boss","floor":16.0,"turns":5.0},{"damage":6.0,"enemies":"Spheric Guardian","floor":18.0,"turns":3.0},{"damage":0.0,"enemies":"Chosen","floor":19.0,"turns":3.0},{"damage":26.0,"enemies":"Centurion and Healer","floor":22.0,"turns":4.0},{"damage":39,"enemies":"Slavers","floor":23,"turns":5}],"seed_played":"-6285642672594711977","potions_obtained":[],"is_trial":false,"path_per_floor":["M","?","$","M","M","E","R","M","T","M","M","E","R","E","R","B",null,"M","M","?","?","M","E"],"character_chosen":"IRONCLAD","items_purchased":[],"campfire_rested":1,"item_purchase_floors":[],"current_hp_per_floor":[78,78,78,78,76,58,58,58,58,58,58,28,53,40,40,44,77,74,77,58,58,35,0,0],"gold":366,"neow_bonus":"BOSS_RELIC","is_daily":false,"chose_seed":false,"campfire_upgraded":2,"win_rate":0.0,"timestamp":1607710410,"path_taken":["M","?","$","M","M","E","R","M","T","M","?","E","R","E","R","BOSS","M","M","?","?","M","E"],"items_purchased_type":[],"build_version":"2020-11-30","purchased_purges":1,"victory":false,"max_hp_per_floor":[80,80,80,80,80,80,80,80,80,80,80,84,84,84,84,88,88,91,94,99,99,102,106,106],"relic_stats":{"Sozu":4,"counters":[14,52],"obtain_stats":[{"Sozu":0,"Potion Belt":14,"Burning Blood":0,"Akabeko":6,"Toy Ornithopter":12,"WarpedTongs":2,"Runic Pyramid":17},{"Sozu":0,"Potion Belt":9,"Burning Blood":0,"Akabeko":4,"Toy Ornithopter":8,"WarpedTongs":1,"Runic Pyramid":10},{"Sozu":0,"Potion Belt":32,"Burning Blood":0,"Akabeko":17,"Toy Ornithopter":28,"WarpedTongs":3,"Runic Pyramid":37}],"Toy Ornithopter":0,"WarpedTongs":[48]},"card_choices":[{"not_picked":["Shrug It Off","Twin Strike"],"picked":"Cleave","floor":1.0},{"not_picked":["Iron Wave","Cleave"],"picked":"Battle Trance","floor":4.0},{"not_picked":["Evolve","Clash"],"picked":"True Grit","floor":5.0},{"not_picked":["Metallicize","Sever Soul"],"picked":"Dual Wield","floor":6.0},{"not_picked":["Flex","Headbutt","Sword Boomerang"],"picked":"SKIP","floor":8.0},{"not_picked":["Dropkick","Rampage"],"picked":"Inflame","floor":10.0},{"not_picked":["Clothesline","Entrench"],"picked":"Feed","floor":11.0},{"not_picked":["Heavy Blade","Pummel"],"picked":"Uppercut","floor":12.0},{"not_picked":["Combust","Power Through"],"picked":"Bludgeon","floor":14.0},{"not_picked":["Exhume","Juggernaut"],"picked":"Limit Break","floor":16.0},{"not_picked":["Pommel Strike+1","Infernal Blade"],"picked":"True Grit","floor":18.0},{"not_picked":["Clothesline","Cleave"],"picked":"Whirlwind","floor":19.0},{"not_picked":["Blood for Blood","Dropkick"],"picked":"Seeing Red","floor":22.0}],"player_experience":353354,"relics_obtained":[{"floor":6.0,"key":"Akabeko"},{"floor":12.0,"key":"Toy Ornithopter"},{"floor":14.0,"key":"Potion Belt"}],"event_choices":[{"damage_healed":0.0,"max_hp_gain":0.0,"max_hp_loss":0.0,"gold_gain":0.0,"event_name":"Accursed Blacksmith","player_choice":"Rummage","floor":2.0,"gold_loss":0.0,"damage_taken":0.0,"relics_obtained":["WarpedTongs"],"cards_obtained":["Pain"]},{"damage_healed":0.0,"max_hp_gain":5.0,"max_hp_loss":0.0,"gold_gain":0.0,"event_name":"Forgotten Altar","player_choice":"Shed Blood","floor":20.0,"gold_loss":0.0,"damage_taken":24.0},{"damage_healed":0.0,"max_hp_gain":0.0,"max_hp_loss":0.0,"gold_gain":0.0,"event_name":"The Library","player_choice":"Read","floor":21.0,"gold_loss":0.0,"damage_taken":0.0,"cards_obtained":["Shockwave"]}],"is_beta":false,"boss_relics":[{"not_picked":["Tiny House","Runic Cube"],"picked":"Runic Pyramid"}],"items_purged_floors":[3],"is_endless":false,"potions_floor_spawned":[6,11,14,16,18,19],"killed_by":"Slavers","ascension_level":5}}