{"host":"8z9pdspl1iu3cd7i","time":1607705180,"event":{"mods":["BaseMod","Colored Powertips","Highlight Path","Minty Spire (QoL Compilation)","StSLib"],"gold_per_floor":[364,379,205,224,238,266,266,266,266,276,276,301,315,342,342,438,438,458,161,179,179,239,266,316,316,339,389,121,156,168,193,193,298,298,317,330,380,430,480,509,509,537,561,591,607,13,13,25,25,25,25,25,25,59,59],"floor_reached":56,"playtime":4346,"items_purged":["Parasite","WreathOfFlame+1","Defend_P"],"score":2038,"play_id":"ac254b97-4452-49fd-ab8b-2cd74cc7672c","local_time":"20201212004620","is_ascension_mode":true,"campfire_choices":[{"data":"Eruption","floor":11.0,"key":"SMITH"},{"data":"Scrawl","floor":15.0,"key":"SMITH"},{"floor":25.0,"key":"REST"},{"data":"Calculated Gamble","floor":32.0,"key":"SMITH"},{"data":"Apotheosis","floor":41.0,"key":"SMITH"},{"floor":47.0,"key":"RECALL"},{"data":"Enlightenment","floor":49.0,"key":"SMITH"},{"floor":52.0,"key":"REST"}],"circlet_count":0,"master_deck":["Strike_P+1","Defend_P+1","Defend_P+1","Eruption+1","Vigilance+1","Wallop+1","InnerPeace+1","SignatureMove+1","Scrawl+1","FearNoEvil+1","LessonLearned+1","Pray+1","Vault+1","EmptyBody+1","Perseverance+1","Calculated Gamble+1","Malaise+1","MasterReality","Enlightenment+1","Apotheosis+1","Acrobatics+1","Tactician+1","Ragnarok+1"],"relics":["PureWater","Oddly Smooth Stone","TungstenRod","Pear","StrikeDummy","Ornamental Fan","Astrolabe","PreservedInsect","SsserpentHead","Tiny Chest","Nilry\u0027s Codex","Lantern","PrismaticShard","Pen Nib","CaptainsWheel","VioletLotus","Strawberry","Molten Egg 2","Boot","Vajra","TeardropLocket","Lee\u0027s Waffle","Whetstone"],"acts_visited":["Exordium","TheCity","TheBeyond","TheEnding"],"potions_floor_usage":[55,55],"damage_taken":[{"damage":0.0,"enemies":"Small Slimes","floor":1.0,"turns":2.0},{"damage":7.0,"enemies":"Jaw Worm","floor":2.0,"turns":3.0},{"damage":1.0,"enemies":"Cultist","floor":4.0,"turns":4.0},{"damage":1.0,"enemies":"Lots of Slimes","floor":5.0,"turns":2.0},{"damage":24.0,"enemies":"Gremlin Nob","floor":6.0,"turns":5.0},{"damage":1.0,"enemies":"Blue Slaver","floor":10.0,"turns":5.0},{"damage":4.0,"enemies":"Lagavulin","floor":12.0,"turns":4.0},{"damage":0.0,"enemies":"Exordium Thugs","floor":13.0,"turns":3.0},{"damage":0.0,"enemies":"Gremlin Nob","floor":14.0,"turns":2.0},{"damage":0.0,"enemies":"Slime Boss","floor":16.0,"turns":2.0},{"damage":1.0,"enemies":"Spheric Guardian","floor":18.0,"turns":4.0},{"damage":9.0,"enemies":"Shell Parasite","floor":20.0,"turns":9.0},{"damage":9.0,"enemies":"Snake Plant","floor":22.0,"turns":4.0},{"damage":5.0,"enemies":"Book of Stabbing","floor":23.0,"turns":6.0},{"damage":0.0,"enemies":"Gremlin Leader","floor":29.0,"turns":6.0},{"damage":0.0,"enemies":"Sentry and Sphere","floor":30.0,"turns":4.0},{"damage":0.0,"enemies":"Book of Stabbing","floor":31.0,"turns":1.0},{"damage":48.0,"enemies":"Automaton","floor":33.0,"turns":13.0},{"damage":20.0,"enemies":"3 Darklings","floor":35.0,"turns":4.0},{"damage":0.0,"enemies":"3 Shapes","floor":36.0,"turns":5.0},{"damage":0.0,"enemies":"Reptomancer","floor":40.0,"turns":5.0},{"damage":0.0,"enemies":"Nemesis","floor":42.0,"turns":4.0},{"damage":0.0,"enemies":"Reptomancer","floor":44.0,"turns":5.0},{"damage":0.0,"enemies":"Transient","floor":45.0,"turns":6.0},{"damage":0.0,"enemies":"4 Shapes","floor":48.0,"turns":2.0},{"damage":55.0,"enemies":"Time Eater","floor":50.0,"turns":10.0},{"damage":38.0,"enemies":"Shield and Spear","floor":54.0,"turns":4.0},{"damage":39,"enemies":"The Heart","floor":55,"turns":10}],"seed_played":"1020659358821514255","potions_obtained":[{"floor":4.0,"key":"Weak Potion"},{"floor":5.0,"key":"DuplicationPotion"},{"floor":10.0,"key":"FearPotion"},{"floor":14.0,"key":"CultistPotion"},{"floor":18.0,"key":"ColorlessPotion"},{"floor":30.0,"key":"BlessingOfTheForge"},{"floor":31.0,"key":"LiquidBronze"},{"floor":33.0,"key":"AttackPotion"},{"floor":44.0,"key":"Block Potion"}],"is_trial":false,"path_per_floor":["M","M","$","M","M","E","?","?","T","M","R","E","M","E","R","B",null,"M","$","M","?","M","E","?","R","T","$","$","E","M","E","R","B",null,"M","M","?","T","?","E","R","E","T","E","M","$","R","M","R","B",null,"R","$","E","B",null],"character_chosen":"WATCHER","items_purchased":["BottledMiracle","ColorlessPotion","PreservedInsect","EmptyBody","PrismaticShard","TeardropLocket","FairyPotion","Lee\u0027s Waffle","Ragnarok+1"],"campfire_rested":2,"item_purchase_floors":[3,3,19,19,28,46,46,46,46],"current_hp_per_floor":[65,58,58,57,56,32,29,29,39,38,38,34,34,34,34,34,68,67,67,58,58,49,44,32,55,55,55,55,55,55,55,55,7,61,41,41,41,41,37,44,44,44,44,44,44,93,93,93,93,38,79,93,93,55,16],"gold":59,"neow_bonus":"TWO_FIFTY_GOLD","is_daily":false,"chose_seed":false,"campfire_upgraded":5,"win_rate":0.0,"timestamp":1607705180,"path_taken":["M","M","$","M","M","E","?","?","T","M","R","E","M","E","R","BOSS","M","?","?","?","?","E","?","R","T","?","$","E","M","E","R","BOSS","M","M","?","?","?","E","R","E","T","E","M","?","R","M","R","BOSS","R","$","E","BOSS"],"items_purchased_type":["Potion","Potion","Relic","Card","Relic","Relic","Potion","Relic","Card"],"build_version":"2020-11-30","purchased_purges":3,"victory":true,"max_hp_per_floor":[72,72,69,69,69,69,69,69,79,79,79,79,79,79,79,79,79,79,79,79,79,79,79,79,79,79,79,79,79,79,79,79,79,79,79,79,79,79,79,86,86,86,86,86,86,93,93,93,93,93,93,93,93,93,93],"card_choices":[{"not_picked":["Protect","Consecrate"],"picked":"Wallop","floor":1.0},{"not_picked":["Wallop","Fasting2"],"picked":"InnerPeace","floor":2.0},{"not_picked":["Consecrate","TalkToTheHand","EmptyFist"],"picked":"SKIP","floor":4.0},{"not_picked":["Protect","JustLucky","Establishment"],"picked":"SKIP","floor":5.0},{"not_picked":["Wireheading","TalkToTheHand"],"picked":"SignatureMove","floor":6.0},{"not_picked":["SashWhip","Conclude","FlurryOfBlows"],"picked":"SKIP","floor":10.0},{"not_picked":["ThirdEye","Protect"],"picked":"Scrawl","floor":12.0},{"not_picked":["FlyingSleeves","EmptyFist"],"picked":"FearNoEvil","floor":13.0},{"not_picked":["Sanctity","EmptyFist","ClearTheMind"],"picked":"SKIP","floor":14.0},{"not_picked":["Blasphemy","SpiritShield"],"picked":"LessonLearned","floor":16.0},{"not_picked":["WheelKick+1","InnerPeace","Consecrate"],"picked":"SKIP","floor":18.0},{"not_picked":["BowlingBash","Nirvana+1","ClearTheMind"],"picked":"SKIP","floor":20.0},{"not_picked":["ClearTheMind+1","BattleHymn"],"picked":"Perseverance+1","floor":22.0},{"not_picked":["SignatureMove+1","Prostrate+1","WheelKick+1"],"picked":"SKIP","floor":23.0},{"not_picked":["Compile Driver","Sanctity+1"],"picked":"Calculated Gamble","floor":29.0},{"not_picked":["Dagger Spray","WheelKick","TalkToTheHand"],"picked":"SKIP","floor":30.0},{"not_picked":["Headbutt","Outmaneuver"],"picked":"Malaise","floor":31.0},{"not_picked":["Violence","Secret Weapon"],"picked":"MasterReality","floor":33.0},{"not_picked":["Rebound","Disarm","Dash+1"],"picked":"SKIP","floor":35.0},{"not_picked":["Reinforced Body","Eviscerate","Fasting2+1"],"picked":"SKIP","floor":36.0},{"not_picked":["Swift Strike","Enlightenment"],"picked":"Apotheosis","floor":39.0},{"not_picked":["Metallicize+1","Ragnarok"],"picked":"Acrobatics+1","floor":40.0},{"not_picked":["Capacitor","Blur"],"picked":"Tactician+1","floor":42.0},{"not_picked":["Battle Trance+1","SashWhip+1","Warcry"],"picked":"SKIP","floor":44.0},{"not_picked":["Masterful Stab+1","Rebound+1","Trip+1"],"picked":"SKIP","floor":45.0},{"not_picked":["Enlightenment+1","EmptyFist+1","Body Slam+1"],"picked":"SKIP","floor":48.0},{"not_picked":["Thunderclap+1","Dagger Throw+1","Blood for Blood+1"],"picked":"SKIP","floor":54.0}],"player_experience":77509,"relics_obtained":[{"floor":6.0,"key":"Oddly Smooth Stone"},{"floor":9.0,"key":"Pear"},{"floor":12.0,"key":"StrikeDummy"},{"floor":14.0,"key":"Ornamental Fan"},{"floor":23.0,"key":"Tiny Chest"},{"floor":24.0,"key":"Nilry\u0027s Codex"},{"floor":26.0,"key":"Lantern"},{"floor":29.0,"key":"Pen Nib"},{"floor":31.0,"key":"CaptainsWheel"},{"floor":40.0,"key":"Strawberry"},{"floor":42.0,"key":"Molten Egg 2"},{"floor":43.0,"key":"Boot"},{"floor":44.0,"key":"Vajra"},{"floor":54.0,"key":"Whetstone"}],"event_choices":[{"damage_healed":0.0,"max_hp_gain":0.0,"max_hp_loss":0.0,"gold_gain":0.0,"event_name":"Scrap Ooze","player_choice":"Success","floor":7.0,"gold_loss":0.0,"damage_taken":3.0,"relics_obtained":["TungstenRod"]},{"cards_removed":["Strike_P"],"damage_healed":0.0,"max_hp_gain":0.0,"max_hp_loss":0.0,"gold_gain":0.0,"event_name":"Purifier","player_choice":"Purged","floor":8.0,"gold_loss":0.0,"damage_taken":0.0},{"damage_healed":0.0,"max_hp_gain":0.0,"max_hp_loss":0.0,"gold_gain":0.0,"event_name":"FaceTrader","player_choice":"Trade","floor":21.0,"gold_loss":0.0,"damage_taken":0.0,"relics_obtained":["SsserpentHead"]},{"damage_healed":0.0,"max_hp_gain":0.0,"max_hp_loss":0.0,"gold_gain":0.0,"event_name":"Cursed Tome","player_choice":"Obtained Book","floor":24.0,"gold_loss":0.0,"damage_taken":16.0},{"damage_healed":0.0,"max_hp_gain":0.0,"max_hp_loss":0.0,"gold_gain":0.0,"event_name":"Match and Keep!","player_choice":"1 cards matched","floor":37.0,"gold_loss":0.0,"damage_taken":0.0,"cards_obtained":["Enlightenment"]},{"damage_healed":0.0,"max_hp_gain":0.0,"max_hp_loss":0.0,"gold_gain":0.0,"event_name":"SensoryStone","player_choice":"Memory 2","floor":39.0,"gold_loss":0.0,"damage_taken":5.0}],"is_beta":false,"boss_relics":[{"not_picked":["Snecko Eye","SlaversCollar"],"picked":"Astrolabe"},{"not_picked":["SacredBark","Runic Dome"],"picked":"VioletLotus"}],"items_purged_floors":[3,19,28],"is_endless":false,"potions_floor_spawned":[4,5,10,14,18,22,30,31,33,35,42,44,54],"ascension_level":7}}