{"host":"msepye59htvs4aw4","time":1607725577,"event":{"mods":["BaseMod","Colored Map","DeckTracker","Highlight Path","Minty Spire (QoL Compilation)","Shop Mod","StSLib","SuperFastMode"],"gold_per_floor":[118,132,142,142,66,95,95,122,122,122,135,135,135,163,163,240,240,230,230,245,245,257,257,273,273,273,273,273,273,273],"floor_reached":29,"playtime":946,"items_purged":[],"score":423,"play_id":"09206891-edca-4746-aa21-5928d39c70b5","local_time":"20201211232617","is_ascension_mode":true,"campfire_choices":[{"floor":7,"key":"REST"},{"floor":10,"key":"REST"},{"floor":12,"key":"REST"},{"floor":15,"key":"REST"},{"floor":23,"key":"REST"},{"floor":25,"key":"REST"}],"circlet_count":0,"master_deck":["AscendersBane","Strike_G+1","Strike_G+1","Strike_G+1","Strike_G+1","Defend_G+1","Defend_G+1","Defend_G+1","Defend_G+1","Defend_G+1","Survivor","Neutralize","Bouncing Flask","Catalyst","Dagger Spray","Caltrops+1","Well Laid Plans+1","Adrenaline","Poisoned Stab","Catalyst","Ghostly","Ghostly","Ghostly","Ghostly","Ghostly","Necronomicurse"],"relics":["Ring of the Snake","Frozen Egg 2","White Beast Statue","Darkstone Periapt","HornCleat","HoveringKite","Bottled Flame","Necronomicon"],"acts_visited":["Exordium","TheCity"],"potions_floor_usage":[6,8,11,14,18,22,24,29,29],"damage_taken":[{"damage":3,"enemies":"Jaw Worm","floor":1,"turns":8},{"damage":1,"enemies":"2 Louse","floor":2,"turns":3},{"damage":2,"enemies":"Small Slimes","floor":3,"turns":4},{"damage":22,"enemies":"Lagavulin","floor":6,"turns":6},{"damage":7,"enemies":"Gremlin Nob","floor":8,"turns":3},{"damage":6,"enemies":"Looter","floor":11,"turns":3},{"damage":29,"enemies":"3 Sentries","floor":14,"turns":8},{"damage":47,"enemies":"Hexaghost","floor":16,"turns":10},{"damage":9,"enemies":"2 Thieves","floor":18,"turns":4},{"damage":16,"enemies":"Chosen","floor":20,"turns":5},{"damage":26,"enemies":"Snecko","floor":22,"turns":5},{"damage":21,"enemies":"Centurion and Healer","floor":24,"turns":6},{"damage":29,"enemies":"Cultist and Chosen","floor":29,"turns":6}],"seed_played":"7775100899703977511","potions_obtained":[{"floor":2,"key":"LiquidBronze"},{"floor":6,"key":"SkillPotion"},{"floor":8,"key":"AttackPotion"},{"floor":11,"key":"Block Potion"},{"floor":14,"key":"SpeedPotion"},{"floor":16,"key":"Dexterity Potion"},{"floor":18,"key":"LiquidBronze"},{"floor":20,"key":"ColorlessPotion"},{"floor":22,"key":"Poison Potion"},{"floor":24,"key":"Energy Potion"}],"is_trial":false,"path_per_floor":["M","M","M","?","$","E","R","E","T","R","M","R","?","E","R","B",null,"M","?","M","?","M","R","M","R","T","?","?","M"],"character_chosen":"THE_SILENT","items_purchased":["Bouncing Flask"],"campfire_rested":6,"item_purchase_floors":[5],"current_hp_per_floor":[67,66,64,49,49,27,50,43,43,66,60,77,70,41,64,17,62,53,53,37,77,51,74,53,76,76,38,28,0,0],"gold":273,"neow_bonus":"TEN_PERCENT_HP_BONUS","is_daily":false,"chose_seed":false,"campfire_upgraded":0,"win_rate":0.0,"timestamp":1607725577,"path_taken":["M","M","M","?","$","E","R","E","T","R","M","R","?","E","R","BOSS","M","?","M","?","?","R","M","R","T","?","?","M"],"items_purchased_type":["Card"],"build_version":"2020-11-30","purchased_purges":0,"victory":false,"max_hp_per_floor":[77,77,77,77,77,77,77,77,77,77,77,77,77,77,77,77,77,77,77,77,77,77,77,77,77,77,38,44,44,44],"card_choices":[{"not_picked":["Outmaneuver","Prepared","Accuracy"],"picked":"SKIP","floor":1},{"not_picked":["Slice","Acrobatics","Deflect"],"picked":"SKIP","floor":2},{"not_picked":["Dodge and Roll","Blade Dance","Endless Agony"],"picked":"SKIP","floor":3},{"not_picked":["Slice","Flying Knee"],"picked":"Catalyst","floor":6},{"not_picked":["Underhanded Strike","Bane"],"picked":"Dagger Spray","floor":8},{"not_picked":["Choke","Concentrate"],"picked":"Caltrops+1","floor":11},{"not_picked":["Unload","Poisoned Stab"],"picked":"Well Laid Plans+1","floor":14},{"not_picked":["Venomology","After Image+1"],"picked":"Adrenaline","floor":16},{"not_picked":["Blade Dance","Deflect"],"picked":"Poisoned Stab","floor":18},{"not_picked":["Sucker Punch","Cloak And Dagger"],"picked":"Catalyst","floor":20},{"not_picked":["Slice","Underhanded Strike","Acrobatics"],"picked":"SKIP","floor":22},{"not_picked":["Concentrate+1","Flying Knee","Tools of the Trade+1"],"picked":"SKIP","floor":24}],"player_experience":1564931,"relics_obtained":[{"floor":6,"key":"Frozen Egg 2"},{"floor":8,"key":"White Beast Statue"},{"floor":9,"key":"Darkstone Periapt"},{"floor":14,"key":"HornCleat"},{"floor":26,"key":"Bottled Flame"},{"floor":28,"key":"Necronomicon"}],"event_choices":[{"damage_healed":0,"gold_gain":0,"player_choice":"Entered Light","damage_taken":15,"max_hp_gain":0,"max_hp_loss":0,"event_name":"Shining Light","floor":4,"gold_loss":0,"cards_upgraded":["Strike_G","Defend_G"]},{"cards_removed":["Strike_G"],"damage_healed":0,"gold_gain":0,"player_choice":"Card Removal","damage_taken":7,"max_hp_gain":0,"max_hp_loss":0,"event_name":"Golden Wing","floor":13,"gold_loss":0},{"damage_healed":0,"gold_gain":0,"player_choice":"Simplicity","damage_taken":0,"max_hp_gain":0,"max_hp_loss":0,"event_name":"Back to Basics","floor":19,"gold_loss":0,"cards_upgraded":["Strike_G","Strike_G","Strike_G","Defend_G","Defend_G","Defend_G","Defend_G"]},{"damage_healed":40,"gold_gain":0,"player_choice":"Full Heal","damage_taken":0,"max_hp_gain":0,"max_hp_loss":0,"event_name":"Wheel of Change","floor":21,"gold_loss":0},{"damage_healed":0,"gold_gain":0,"player_choice":"Became a Ghost","damage_taken":0,"max_hp_gain":0,"max_hp_loss":39,"event_name":"Ghosts","floor":27,"gold_loss":0,"cards_obtained":["Ghostly","Ghostly","Ghostly","Ghostly","Ghostly"]},{"damage_healed":0,"gold_gain":0,"player_choice":"Obtained Book","damage_taken":16,"max_hp_gain":0,"max_hp_loss":0,"event_name":"Cursed Tome","floor":28,"gold_loss":0}],"is_beta":false,"boss_relics":[{"not_picked":["Astrolabe","Empty Cage"],"picked":"HoveringKite"}],"items_purged_floors":[],"is_endless":false,"potions_floor_spawned":[2,6,8,11,14,16,18,20,22,24],"killed_by":"Cultist and Chosen","ascension_level":13}}