{"host":"f7oa3d5f3fx74imu","time":1607648500,"event":{"mods":["AchievementEnabler","Aspiration","BaseMod","Better Altar","Better Third Choice","BetterRewards","Conspire","Downfall","Hubris","Infinite Spire","Lobotomy","Minty Spire (QoL Compilation)","Replay The Spire","Shop Mod","Spicy Shops","StSLib"],"gold_per_floor":[118,393,410,410,428,428,428,428],"floor_reached":7,"playtime":210,"items_purged":[],"score":59,"play_id":"96a62680-1a75-40f3-9a0c-38375f4412c5","local_time":"20201210170140","is_ascension_mode":true,"campfire_choices":[{"data":"Zap","floor":6,"key":"SMITH"}],"circlet_count":0,"master_deck":["Strike_B","Strike_B","Strike_B","Defend_B","Defend_B","Defend_B","Defend_B","Zap+1","Dualcast","Auto Shields","ShyLook","Regret","Panic Button","FairyFestival","Sweeping Beam","Gash","PunishingBird"],"relics":["Cracked Core","CogitoBucket"],"acts_visited":["Exordium"],"potions_floor_usage":[],"damage_taken":[{"damage":4,"enemies":"2 Louse","floor":1,"turns":2},{"damage":9,"enemies":"Cultist","floor":3,"turns":4},{"damage":10,"enemies":"Small Slimes","floor":5,"turns":3},{"damage":102,"enemies":"Lagavulin","floor":7,"turns":3}],"seed_played":"7658148571922420059","potions_obtained":[{"floor":3,"key":"Energy Potion"},{"floor":5,"key":"PowerPotion"}],"is_trial":false,"path_per_floor":["M","?","M","?","M","R","E"],"character_chosen":"DEFECT","items_purchased":[],"campfire_rested":0,"item_purchase_floors":[],"current_hp_per_floor":[64,64,55,55,46,46,0,0],"gold":428,"neow_bonus":"","is_daily":false,"chose_seed":false,"campfire_upgraded":1,"win_rate":0.0,"timestamp":1607648500,"path_taken":["M","?","?","?","M","R","E"],"items_purchased_type":[],"build_version":"2020-11-30","purchased_purges":0,"victory":false,"max_hp_per_floor":[75,75,75,75,75,75,75,75],"card_choices":[{"not_picked":["Compile Driver","ReplayTheSpireMod:Reroute Power"],"picked":"Auto Shields","floor":1},{"not_picked":["SpiderBud","CrumblingArmor"],"picked":"ShyLook","floor":1},{"not_picked":["Rebound","Redo"],"picked":"Panic Button","floor":3},{"not_picked":["BeautyBeast","CherryBlossoms"],"picked":"FairyFestival","floor":3},{"not_picked":["Reprogram","Streamline"],"picked":"Gash","floor":5},{"not_picked":["Scorched","Wellcheers","GreedKing"],"picked":"Singing Bowl","floor":5},{"not_picked":["SpiderBud","BeautyBeast"],"picked":"PunishingBird","floor":5}],"player_experience":201642,"relics_obtained":[],"event_choices":[{"damage_healed":0,"gold_gain":275,"player_choice":"Desecrate","damage_taken":0,"max_hp_gain":0,"max_hp_loss":0,"event_name":"Golden Shrine","floor":2,"gold_loss":0,"cards_obtained":["Regret"]},{"damage_healed":0,"gold_gain":0,"cards_transformed":["Strike_B"],"player_choice":"Transformed","damage_taken":0,"max_hp_gain":0,"max_hp_loss":0,"event_name":"Transmorgrifier","floor":4,"gold_loss":0,"cards_obtained":["Sweeping Beam"]}],"is_beta":false,"boss_relics":[],"items_purged_floors":[],"is_endless":false,"potions_floor_spawned":[3,5],"killed_by":"Lagavulin","ascension_level":9}}