{"host":"7zb9v22qptw5vuf6","time":1607680772,"event":{"mods":["BaseMod","Luminous","Marisa£¨ìFÓê¡¡Ä§ÀíÉ³£©","Minty Spire (QoL Compilation)","Reimu£¨²©ÀöÁéÃÎ£©","Replay The Spire","Say the Spire","StSLib","The Jungle","Yuyuko","¡¾¶«·½¶þ´Î´´×÷¡¿°ËÔÆ×Ïmod"],"gold_per_floor":[111,71,71,87,87,118,118,132,184,184,203,47,62,93,93,189,189,189,189],"floor_reached":18,"playtime":1572,"items_purged":[],"score":195,"play_id":"ad6d29af-3c30-4df8-8a89-3e8a4fa7ff4c","local_time":"20201211175932","is_ascension_mode":false,"campfire_choices":[{"data":"Revive The Butterflies","floor":7.0,"key":"SMITH"},{"floor":10.0,"key":"REST"},{"data":"Faramita\u0027s Temptation","floor":15.0,"key":"SMITH"}],"circlet_count":0,"master_deck":["Fantasy Butterflies","Fantasy Butterflies","Fantasy Butterflies","Fantasy Butterflies+1","Fantasy Butterflies","Dreamy Sakura","Dreamy Sakura","Dreamy Sakura","Dreamy Sakura","Dreamy Sakura","Deathly Ground+1","Faramita\u0027s Temptation+1","Ghostdom Sakura","Infinite Sin","Revive The Butterflies+1","Sakura Ward","Wandering Soul","Sweet of Phantom","Phantom Gift","Become Phantom","The Forgotten Winter","Open The Fan","Dancing Butterflies","Ticket to Heaven"],"relics":["Coronal","Yuyuko\u0027s fan","NeowsBlessing","PaintedHorse:ReiMu","Anchor","ReplayFunnel","Blood Vial","Orrery","Bronze Scales","SacredBark"],"acts_visited":["Exordium","Exordium"],"potions_floor_usage":[16,16,16],"damage_taken":[{"damage":1.0,"enemies":"Jaw Worm","floor":1.0,"turns":1.0},{"damage":1.0,"enemies":"Small Slimes","floor":4.0,"turns":1.0},{"damage":1.0,"enemies":"3 Sentries","floor":6.0,"turns":1.0},{"damage":1.0,"enemies":"Cultist","floor":8.0,"turns":3.0},{"damage":12.0,"enemies":"3 Louse","floor":11.0,"turns":4.0},{"damage":1.0,"enemies":"Blue Slaver","floor":13.0,"turns":1.0},{"damage":20.0,"enemies":"Replay:BlueRogue","floor":14.0,"turns":4.0},{"damage":54,"enemies":"The Guardian","floor":16,"turns":11},{"damage":15,"enemies":"theJungle:Flameango_and_Byrd","floor":18,"turns":3}],"seed_played":"-8699048906993373545","potions_obtained":[{"floor":4.0,"key":"EntropicBrew"},{"floor":13.0,"key":"Weak Potion"},{"floor":16,"key":"Dexterity Potion"}],"is_trial":false,"path_per_floor":["M","?","?","M","?","E","R","M","T","R","M","$","M","E","R","B",null,"M"],"character_chosen":"YUYOKO","items_purchased":["Orrery"],"campfire_rested":1,"item_purchase_floors":[12],"current_hp_per_floor":[39,39,39,38,30,29,29,12,12,24,32,32,33,20,20,14,40,0,0],"gold":189,"neow_bonus":"THREE_ENEMY_KILL","is_daily":false,"chose_seed":false,"campfire_upgraded":2,"win_rate":0.0,"timestamp":1607680772,"path_taken":["M","?","?","?","?","E","R","M","T","R","M","$","M","E","R","BOSS","M"],"items_purchased_type":["Relic"],"build_version":"2020-11-30","purchased_purges":0,"victory":false,"max_hp_per_floor":[40,40,40,40,40,40,40,40,40,40,40,40,40,40,40,40,40,40,40],"card_choices":[{"not_picked":["Unstable Ward","Bloom"],"picked":"Ghostdom Sakura","floor":1.0},{"not_picked":["Steamed Phantom","Bomb"],"picked":"Infinite Sin","floor":4.0},{"not_picked":["The Nether","Mini Ghostdom"],"picked":"Revive The Butterflies","floor":6.0},{"not_picked":["All Wander","Chase The Sukhavati","Trap Lamp"],"picked":"SKIP","floor":8.0},{"not_picked":["Full Moon","Unstable Ward"],"picked":"Sakura Ward","floor":11.0},{"not_picked":["Postpone Bloom","Gauzy Sakura"],"picked":"Wandering Soul","floor":12.0},{"not_picked":["Dying Sakura","Nihility"],"picked":"Sweet of Phantom","floor":12.0},{"not_picked":["Suicide","Unknown Petal"],"picked":"Phantom Gift","floor":12.0},{"not_picked":["Triple Snow","Death Dancing"],"picked":"Become Phantom","floor":12.0},{"not_picked":["End of Faramita","Childlike"],"picked":"The Forgotten Winter","floor":12.0},{"not_picked":["Bury in The Template","Redemption of Death"],"picked":"Open The Fan","floor":13.0},{"not_picked":["Dying Dream","Infinite Sin"],"picked":"Dancing Butterflies","floor":14.0},{"not_picked":["Remain Here","Explore Ghostdom"],"picked":"Ticket to Heaven","floor":16}],"player_experience":193091,"relics_obtained":[{"floor":3.0,"key":"Anchor"},{"floor":6.0,"key":"ReplayFunnel"},{"floor":9.0,"key":"Blood Vial"},{"floor":14.0,"key":"Bronze Scales"}],"event_choices":[{"damage_healed":0.0,"max_hp_gain":0.0,"max_hp_loss":0.0,"gold_gain":0.0,"event_name":"yidonshenshe","player_choice":"ÈûÇ®","floor":2.0,"gold_loss":40.0,"damage_taken":0.0,"relics_obtained":["PaintedHorse:ReiMu"]},{"damage_healed":0.0,"max_hp_gain":0.0,"max_hp_loss":0.0,"gold_gain":0.0,"event_name":"Wheel of Change","player_choice":"Relic","floor":3.0,"gold_loss":0.0,"damage_taken":0.0},{"damage_healed":0.0,"max_hp_gain":0.0,"max_hp_loss":0.0,"gold_gain":0.0,"event_name":"Shining Light","player_choice":"Entered Light","floor":5.0,"gold_loss":0.0,"damage_taken":8.0,"cards_upgraded":["Fantasy Butterflies","Deathly Ground"]}],"is_beta":false,"boss_relics":[{"not_picked":["Coffee Dripper","ChewingGum"],"picked":"SacredBark"}],"items_purged_floors":[],"is_endless":false,"potions_floor_spawned":[4,13,16],"killed_by":"theJungle:Flameango_and_Byrd","ascension_level":0}}