{"host":"npubv26u89aif4fa","time":1607690728,"event":{"mods":["BaseMod","GifTheSpireLib","Hubris","Marisa£®ÏF”Í°°ƒß¿Ì…≥£©","Minty Spire (QoL Compilation)","Remilia£®¿Ÿ√◊¿Ú—«£©","Replay The Spire","StSLib","Td1madao Mod","The Bug Knight","The Construct","The Cursed","The Runesmith","The Senshi"],"gold_per_floor":[118,131,149,149,149,149,164,197,224,224,104,104,104,104,104,54,54,155,155,165,165,165,221,221,249,249,265,265,285,95,195,274,20,20,121,121,139,155,155,173,273,273,600,616,616,633,692,202,233,253,253,253],"floor_reached":53,"playtime":3868,"items_purged":["Strike_RM","Strike_RM","hubris:Gluttony"],"score":830,"play_id":"095b685c-bdea-4495-ab2b-e343801f379c","local_time":"20201211204528","is_ascension_mode":false,"campfire_choices":[{"data":"VampireSweep","floor":12,"key":"SMITH"},{"data":"RedMoon","floor":17,"key":"SMITH"},{"data":"BloodySeventeenLaser","floor":26,"key":"SMITH"},{"data":"MiserableFate","floor":34,"key":"SMITH"},{"data":"EternalNight","floor":42,"key":"SMITH"},{"data":"HunterOfTheNight","floor":51,"key":"SMITH"}],"circlet_count":0,"master_deck":["Strike_RM","Defend_RM","Defend_RM+1","Defend_RM","Defend_RM","RedMoon+1","ScarletShoot","BloodyMagicSquare+1","DiffusionOfMisfortune","StarOfDavid","VampireSweep+1","BloodHunter","BloodySeventeenLaser+1","HunterOfTheNight+1","MiserableFate+1","GlobalNightmare","VampireFantasy+1","BatForm+1","BlasphemousPunishment","KillingBlow+1","EternalNight+1","BatForm+1","ReincarnationDial+1","LeisurelyOfLord+1","TwelveNightmare+1","Dramatic Entrance+1","Septette+1"],"relics":["ScarletHat","Chameleon Ring","hubris:Potato","MealTicket","hubris:Towel","construct:ClawGrip","ReplayTheSpireMod:Ring of Challenge","Golden Egg","theSenshi:SailorFukuRelic","hubris:CrystalStatue","ReplayTheSpireMod:Lightbulb","Bird Faced Urn","Shuriken","hubris:SlimyHat","Chemical X","construct:WeddingRing","DollysMirror","Runesmith:Locket","construct:FoamFinger","Old Coin","Vajra","ReplayTheSpireMod:CursedCoin","Blood Vial","Snack Pack","Centennial Puzzle"],"acts_visited":["Exordium","TheCity","TheBeyond"],"potions_floor_usage":[8],"damage_taken":[{"damage":1,"enemies":"Jaw Worm","floor":1,"turns":3},{"damage":41,"enemies":"Cultist","floor":2,"turns":4},{"damage":22,"enemies":"2 Louse","floor":3,"turns":3},{"damage":0,"enemies":"2 Fungi Beasts","floor":7,"turns":2},{"damage":0,"enemies":"Gremlin Nob","floor":8,"turns":5},{"damage":0,"enemies":"Hexaghost","floor":18,"turns":7},{"damage":0,"enemies":"Spheric Guardian","floor":20,"turns":1},{"damage":0,"enemies":"Snecko","floor":23,"turns":5},{"damage":0,"enemies":"Book of Stabbing","floor":25,"turns":3},{"damage":0,"enemies":"Snake Plant","floor":27,"turns":1},{"damage":0,"enemies":"Sentry and Sphere","floor":29,"turns":4},{"damage":0,"enemies":"Colosseum Slavers","floor":31,"turns":3},{"damage":0,"enemies":"Colosseum Nobs","floor":31,"turns":3},{"damage":0,"enemies":"HollowMod:Nosk","floor":32,"turns":8},{"damage":14,"enemies":"hubris:MusketHawk","floor":35,"turns":6},{"damage":0,"enemies":"3 Darklings","floor":37,"turns":2},{"damage":0,"enemies":"Orb Walker","floor":38,"turns":1},{"damage":0,"enemies":"Sphere and 2 Shapes","floor":40,"turns":2},{"damage":11,"enemies":"Nemesis","floor":43,"turns":3},{"damage":0,"enemies":"4 Shapes","floor":44,"turns":2},{"damage":0,"enemies":"Jaw Worm Horde","floor":46,"turns":2},{"damage":0,"enemies":"Spire Growth","floor":47,"turns":2},{"damage":0,"enemies":"Reptomancer","floor":49,"turns":4},{"damage":0,"enemies":"Sphere and 2 Shapes","floor":50,"turns":1},{"damage":0,"enemies":"Replay:Hell Engine","floor":52,"turns":5}],"seed_played":"-6166112690354208926","potions_obtained":[{"floor":1,"key":"SmokeBomb"},{"floor":6,"key":"LifebloodPotion"},{"floor":6,"key":"Reflective Coating"},{"floor":8,"key":"GamblersBrew"},{"floor":27,"key":"SteroidPotion"},{"floor":31,"key":"Fire Potion"},{"floor":32,"key":"CultistPotion"},{"floor":38,"key":"Swift Potion"}],"is_trial":false,"path_per_floor":["M","M","M","?","T","R","M","E","T","?","$","R","?","PTL","PTL","?","R","B",null,"M","?","?","M","?","E","R","M","T","M","$","?","E","$","R","B",null,"M","M","$","M","?","R","E","M","T","M","M","$","E","M","R","B",null],"character_chosen":"REMILIA","items_purchased":["BloodHunter","ReplayTheSpireMod:Lightbulb","Chemical X","DollysMirror","Runesmith:Locket","construct:FoamFinger","ReplayTheSpireMod:CursedCoin","Blood Vial","Snack Pack","TwelveNightmare","Dramatic Entrance"],"campfire_rested":0,"item_purchase_floors":[11,30,33,39,39,39,48,48,48,48,48],"current_hp_per_floor":[81,43,23,7,7,7,7,8,8,8,23,23,28,28,28,28,28,40,87,87,87,87,87,87,87,87,87,87,87,87,87,87,87,87,85,87,87,87,41,46,46,46,52,60,60,65,73,87,87,87,87,87],"gold":253,"neow_bonus":"TEN_PERCENT_HP_BONUS","is_daily":false,"chose_seed":false,"campfire_upgraded":6,"win_rate":0.0,"timestamp":1607690728,"path_taken":["M","M","M","?","?","R","?","E","T","?","$","R","?","PTL","PTL","?","R","BOSS","M","?","?","M","?","E","R","M","T","M","$","?","E","?","R","BOSS","M","M","?","M","?","R","E","M","T","M","?","$","E","M","R","BOSS"],"items_purchased_type":["Card","Relic","Relic","Relic","Relic","Relic","Relic","Relic","Relic","Card","Card"],"build_version":"2020-11-30","purchased_purges":3,"victory":true,"max_hp_per_floor":[82,82,82,82,82,82,82,82,82,82,82,82,87,87,87,87,87,87,87,87,87,87,87,87,87,87,87,87,87,87,87,87,87,87,87,87,87,87,87,87,87,87,87,87,87,87,87,87,87,87,87,87],"card_choices":[{"not_picked":["BloodyTrap","RedRainbow"],"picked":"BloodyMagicSquare","floor":1},{"not_picked":["CharismaGuard","Stigmanizer"],"picked":"DiffusionOfMisfortune","floor":2},{"not_picked":["RedNightlessCastle","DiffusionOfMisfortune","Stigmanizer"],"picked":"SKIP","floor":3},{"not_picked":["ScarletDevilSign","ScarletDevil"],"picked":"StarOfDavid","floor":7},{"not_picked":["ScarletImprint","CharismaGuard"],"picked":"VampireSweep","floor":8},{"not_picked":["ForecastOfChange","HellCatastrophe"],"picked":"BloodySeventeenLaser","floor":18},{"not_picked":["ChainGang","MastersStateliness+1","NightLord"],"picked":"SKIP","floor":20},{"not_picked":["EndlessAdversity","CharismaGuard"],"picked":"HunterOfTheNight","floor":23},{"not_picked":["VampirishNight+1","ForbiddenFruit"],"picked":"MiserableFate","floor":25},{"not_picked":["ChainGang+1","RedRainbow"],"picked":"GlobalNightmare","floor":27},{"not_picked":["ScarletDevil","BombardNight+1"],"picked":"VampireFantasy+1","floor":29},{"not_picked":["StarOfDavid+1","ChainGang+1"],"picked":"BatForm","floor":31},{"not_picked":["NightLord+1","VampireKiss"],"picked":"BlasphemousPunishment","floor":32},{"not_picked":["CeilingFear","ScarletCoffin"],"picked":"KillingBlow","floor":35},{"not_picked":["VampireClaw","ScarletDevil"],"picked":"EternalNight","floor":37},{"not_picked":["DiffusionOfMisfortune","RedMagic+1","CharismaGuard"],"picked":"SKIP","floor":38},{"not_picked":["StarOfDavid","NightDance+1","NightLord+1"],"picked":"SKIP","floor":40},{"not_picked":["ScarletDevil+1","UltimateOffering+1","BloodHunter+1"],"picked":"SKIP","floor":43},{"not_picked":["NightLord+1","EmergencyRegeneration+1"],"picked":"ReincarnationDial+1","floor":44},{"not_picked":["RedNightlessCastle","MastersStateliness","VampireKiss"],"picked":"SKIP","floor":46},{"not_picked":["DiffusionOfMisfortune+1","RedMagic+1"],"picked":"LeisurelyOfLord+1","floor":47},{"not_picked":["CharismaGuard","Ultimatum+1","ForbiddenFruit"],"picked":"SKIP","floor":49},{"not_picked":["EmergencyRegeneration+1","DiffusionOfMisfortune"],"picked":"Septette+1","floor":50}],"player_experience":25956,"relics_obtained":[{"floor":5,"key":"Chameleon Ring"},{"floor":8,"key":"hubris:Potato"},{"floor":9,"key":"MealTicket"},{"floor":21,"key":"ReplayTheSpireMod:Ring of Challenge"},{"floor":25,"key":"theSenshi:SailorFukuRelic"},{"floor":28,"key":"hubris:CrystalStatue"},{"floor":31,"key":"Bird Faced Urn"},{"floor":31,"key":"Shuriken"},{"floor":32,"key":"hubris:SlimyHat"},{"floor":43,"key":"Old Coin"},{"floor":45,"key":"Vajra"},{"floor":49,"key":"Centennial Puzzle"}],"event_choices":[{"damage_healed":0,"gold_gain":0,"player_choice":"Entered Light","damage_taken":16,"max_hp_gain":0,"max_hp_loss":0,"event_name":"Shining Light","floor":4,"gold_loss":0,"cards_upgraded":["Defend_RM","BloodyMagicSquare"]},{"damage_healed":0,"gold_gain":0,"player_choice":"Donut","damage_taken":0,"max_hp_gain":5,"max_hp_loss":0,"event_name":"Big Fish","floor":13,"gold_loss":0},{"cards_removed":["Strike_RM"],"damage_healed":0,"gold_gain":0,"player_choice":"Card Removal","damage_taken":0,"max_hp_gain":0,"max_hp_loss":0,"event_name":"The Cleric","floor":16,"gold_loss":50},{"damage_healed":0,"gold_gain":0,"player_choice":"Ignored","damage_taken":0,"max_hp_gain":0,"max_hp_loss":0,"event_name":"Ghosts","floor":24,"gold_loss":0},{"damage_healed":0,"gold_gain":0,"player_choice":"Fight","damage_taken":0,"max_hp_gain":0,"max_hp_loss":0,"event_name":"Colosseum","floor":31,"gold_loss":0},{"damage_healed":0,"gold_gain":0,"player_choice":"Fought Nobs","damage_taken":0,"max_hp_gain":0,"max_hp_loss":0,"event_name":"Colosseum","floor":31,"gold_loss":0},{"damage_healed":0,"gold_gain":100,"player_choice":"Pray","damage_taken":0,"max_hp_gain":0,"max_hp_loss":0,"event_name":"Golden Shrine","floor":41,"gold_loss":0}],"is_beta":false,"boss_relics":[{"not_picked":["hubris:TerracottaHorce","Astrolabe"],"picked":"construct:ClawGrip"},{"not_picked":["hubris:VirtuousBlindfold","Cursed Key"],"picked":"construct:WeddingRing"}],"items_purged_floors":[11,33,48],"is_endless":false,"potions_floor_spawned":[1,8,27,31,31,32,35,38,43,44,50],"ascension_level":0}}