{"host":"u2dm6glrpyjr66v9","time":1607671161,"event":{"mods":["AchievementEnabler","BaseMod","CapriCore","Colored Map","Colored Powertips","DeckTracker","Friendly Minions","Minty Spire (QoL Compilation)","Quick Restart","StSLib","SuperFastMode","The Immortal"],"gold_per_floor":[117,292,309,319,33,33,33,33,33,33,44,57,57,77,77,77,77],"floor_reached":16,"playtime":390,"items_purged":[],"score":92,"play_id":"09805630-3f03-4c90-b3bb-7931eaa8bc6b","local_time":"20201211161921","is_ascension_mode":false,"campfire_choices":[{"data":"Dagger Spray","floor":7,"key":"SMITH"},{"data":"Finisher","floor":15,"key":"SMITH"}],"circlet_count":0,"master_deck":["Strike_G+1","Strike_G","Strike_G","Strike_G","Strike_G","Defend_G","Defend_G","Defend_G+1","Defend_G","Defend_G","Survivor","Neutralize","Decay","Accuracy","Dagger Spray+1","Underhanded Strike","Finisher+1"],"relics":["Ring of the Snake","Mango","Bird Faced Urn","Bronze Scales","Bottled Tornado"],"acts_visited":["Exordium"],"potions_floor_usage":[16,16],"damage_taken":[{"damage":0,"enemies":"2 Louse","floor":1,"turns":3},{"damage":13,"enemies":"Small Slimes","floor":3,"turns":7},{"damage":10,"enemies":"Jaw Worm","floor":4,"turns":7},{"damage":4,"enemies":"Looter","floor":11,"turns":3},{"damage":2,"enemies":"Gremlin Gang","floor":12,"turns":2},{"damage":8,"enemies":"Exordium Thugs","floor":14,"turns":4},{"damage":35,"enemies":"Hexaghost","floor":16,"turns":9}],"seed_played":"3378032371023884072","potions_obtained":[{"floor":3,"key":"BlessingOfTheForge"},{"floor":4,"key":"Weak Potion"}],"is_trial":false,"path_per_floor":["M","?","M","M","$","?","R","?","T","$","M","M","T","M","R","B"],"character_chosen":"THE_SILENT","items_purchased":["Bird Faced Urn"],"campfire_rested":0,"item_purchase_floors":[5],"current_hp_per_floor":[84,84,71,61,61,44,44,44,44,44,40,38,38,30,30,0,0],"gold":77,"neow_bonus":"ONE_RARE_RELIC","is_daily":false,"chose_seed":false,"campfire_upgraded":2,"win_rate":0.0,"timestamp":1607671161,"path_taken":["M","?","M","M","$","?","R","?","T","?","M","M","?","M","R","BOSS"],"items_purchased_type":["Relic"],"build_version":"2020-11-30","purchased_purges":0,"victory":false,"max_hp_per_floor":[84,84,84,84,84,84,84,84,84,84,84,84,84,84,84,84,84],"card_choices":[{"not_picked":["Expertise","Predator"],"picked":"Accuracy","floor":1},{"not_picked":["PiercingWail","Acrobatics"],"picked":"Dagger Spray","floor":3},{"not_picked":["Quick Slash","Acrobatics","Skewer"],"picked":"SKIP","floor":4},{"not_picked":["Leg Sweep","Sucker Punch"],"picked":"Underhanded Strike","floor":11},{"not_picked":["Poisoned Stab","Venomology"],"picked":"Finisher","floor":12},{"not_picked":["Dodge and Roll","Noxious Fumes","Blur"],"picked":"SKIP","floor":14}],"player_experience":45601,"relics_obtained":[{"floor":9,"key":"Bronze Scales"},{"floor":13,"key":"Bottled Tornado"}],"event_choices":[{"damage_healed":0,"gold_gain":175,"player_choice":"AGREE","damage_taken":0,"max_hp_gain":0,"max_hp_loss":0,"event_name":"Liars Game","floor":2,"gold_loss":0,"cards_obtained":["Doubt"]},{"damage_healed":0,"gold_gain":0,"player_choice":"Entered Light","damage_taken":17,"max_hp_gain":0,"max_hp_loss":0,"event_name":"Shining Light","floor":6,"gold_loss":0,"cards_upgraded":["Defend_G","Strike_G"]},{"cards_removed":["Doubt"],"damage_healed":0,"gold_gain":0,"player_choice":"Forget","damage_taken":0,"max_hp_gain":0,"max_hp_loss":0,"event_name":"Living Wall","floor":8,"gold_loss":0}],"is_beta":false,"boss_relics":[],"items_purged_floors":[],"is_endless":false,"potions_floor_spawned":[3,4],"killed_by":"Hexaghost","ascension_level":0}}