{"host":"5o2n8gt0sn3szjgb","time":1607678073,"event":{"mods":["BaseMod","BetterRewards","Library of Ruina","Library of Ruina Extra","Minty Spire (QoL Compilation)","StSLib"],"gold_per_floor":[116,135,146,164,164,196,22,56,83,83,101,114,132,159,159,245,245,264,274,189,204,223,251,251,292,292,307,307,324,350,159,159,230,230,249,301,320,320,348,382,400,443,443,472,472,507,516,550,550,550,550,550,550,125,159,159],"floor_reached":57,"playtime":3054,"items_purged":["Dodge","LightDefense","LightAttack","LightDefense","LightAttack","LightDefense","LightDefense","Unlock1+1"],"score":3378,"play_id":"37b7fee7-ffa3-46f3-9b92-429f96a7e9e1","local_time":"20201211171433","is_ascension_mode":true,"campfire_choices":[{"data":"Observe","floor":10.0,"key":"SMITH"},{"floor":15.0,"key":"RECALL"},{"data":"Reload","floor":24.0,"key":"SMITH"},{"data":"ChargeAndCover","floor":32.0,"key":"SMITH"},{"data":"Decapitation","floor":45,"key":"SMITH"},{"data":"Reload","floor":49,"key":"SMITH"},{"data":"Unlock1","floor":53,"key":"SMITH"}],"circlet_count":0,"master_deck":["AscendersBane","FocusedStrikes+1","Observe+1","Decapitation+1","Reload+1","InhaleSmoke+1","ForTheFamily+1","SmokingPipe+1","SmokingPipe+1","Sadistic Nature+1","Reload+1","SunsetBlade+1"],"relics":["PageOfLibrarian","PageOfHappyTeddyBear","Membership Card","PageOfUniverseFragment","PageOfQueenBee","PageOfSnowWhitesApple","Lantern","Whetstone","Akabeko","CeramicFish","Frozen Egg 2","Coffee Dripper","PageOfWrath","PageOfTheQueenOfHatred","PageOfTheKnightOfDespair","PageOfGreed","PageOfNihil","Bag of Preparation","Empty Cage","PageOfTheKnightOfDespair","Strawberry","Centennial Puzzle","PageOfLittleHelper","Pen Nib","Incense Burner","Sundial","Kunai","TheAbacus","Toy Ornithopter","PageOfSingingMachine"],"acts_visited":["Exordium","TheCity","TheBeyond","TheEnding"],"potions_floor_usage":[56],"damage_taken":[{"damage":0.0,"enemies":"2 Louse","floor":1.0,"turns":2.0},{"damage":0.0,"enemies":"Cultist","floor":2.0,"turns":2.0},{"damage":0.0,"enemies":"Jaw Worm","floor":3.0,"turns":3.0},{"damage":0.0,"enemies":"Looter","floor":4.0,"turns":2.0},{"damage":2.0,"enemies":"3 Sentries","floor":6.0,"turns":4.0},{"damage":0.0,"enemies":"Gremlin Nob","floor":8.0,"turns":1.0},{"damage":0.0,"enemies":"Red Slaver","floor":11.0,"turns":1.0},{"damage":0.0,"enemies":"2 Fungi Beasts","floor":12.0,"turns":1.0},{"damage":0.0,"enemies":"Looter","floor":13.0,"turns":1.0},{"damage":0.0,"enemies":"3 Sentries","floor":14.0,"turns":3.0},{"damage":0.0,"enemies":"The Guardian","floor":16.0,"turns":7.0},{"damage":0.0,"enemies":"Shell Parasite","floor":18.0,"turns":1.0},{"damage":0.0,"enemies":"3 Byrds","floor":19.0,"turns":4.0},{"damage":0.0,"enemies":"Centurion and Healer","floor":21.0,"turns":2.0},{"damage":0.0,"enemies":"Sentry and Sphere","floor":22.0,"turns":2.0},{"damage":0.0,"enemies":"Book of Stabbing","floor":23.0,"turns":3.0},{"damage":0.0,"enemies":"Gremlin Leader","floor":25.0,"turns":3.0},{"damage":0.0,"enemies":"Book of Stabbing","floor":27.0,"turns":8.0},{"damage":0.0,"enemies":"Chosen and Byrds","floor":29.0,"turns":1.0},{"damage":0.0,"enemies":"Cultist and Chosen","floor":30.0,"turns":2.0},{"damage":0.0,"enemies":"KingOfGreed","floor":33.0,"turns":9.0},{"damage":0,"enemies":"3 Darklings","floor":35,"turns":2},{"damage":0,"enemies":"2 Orb Walkers","floor":36,"turns":3},{"damage":0,"enemies":"3 Shapes","floor":37,"turns":2},{"damage":0,"enemies":"Writhing Mass","floor":39,"turns":3},{"damage":4,"enemies":"Nemesis","floor":40,"turns":4},{"damage":0,"enemies":"Jaw Worm Horde","floor":41,"turns":2},{"damage":0,"enemies":"Giant Head","floor":42,"turns":6},{"damage":0,"enemies":"Nemesis","floor":44,"turns":5},{"damage":0,"enemies":"Reptomancer","floor":46,"turns":2},{"damage":0,"enemies":"Nemesis","floor":48,"turns":3},{"damage":0,"enemies":"Donu and Deca","floor":50,"turns":5},{"damage":0,"enemies":"Donu and Deca","floor":51,"turns":4},{"damage":0,"enemies":"Shield and Spear","floor":55,"turns":2},{"damage":10,"enemies":"The Heart","floor":56,"turns":5}],"seed_played":"-5770796355139035359","potions_obtained":[{"floor":1.0,"key":"GamblersBrew"},{"floor":3.0,"key":"FearPotion"},{"floor":8.0,"key":"Fire Potion"},{"floor":29.0,"key":"FairyPotion"},{"floor":33.0,"key":"Strength Potion"},{"floor":36,"key":"CultistPotion"}],"is_trial":false,"path_per_floor":["M","M","M","M","?","E","$","E","T","R","M","M","M","E","R","B",null,"M","M","?","M","M","E","R","E","T","E","?","M","M","$","R","B",null,"M","?","M","?","M","E","M","E","T","E","R","E","?","E","R","B",null,null,"R","$","E","B",null],"character_chosen":"Librarian","items_purchased":["PageOfHappyTeddyBear","Membership Card","PageOfUniverseFragment","PageOfQueenBee","PageOfSnowWhitesApple","Akabeko","Bag of Preparation","Kunai","TheAbacus","Toy Ornithopter","SunsetBlade+1"],"campfire_rested":0,"item_purchase_floors":[0,0,0,0,0,7,31,54,54,54,54],"current_hp_per_floor":[36,36,36,36,36,34,34,34,34,34,34,34,34,34,34,34,72,72,72,72,72,72,72,72,72,72,72,72,72,72,72,72,72,81,81,81,81,81,81,84,84,84,84,84,84,84,84,84,84,84,84,89,89,89,89,81],"gold":159,"neow_bonus":"","is_daily":false,"chose_seed":false,"campfire_upgraded":6,"win_rate":0.0,"timestamp":1607678073,"path_taken":["M","M","M","M","?","E","$","E","T","R","M","?","M","E","R","BOSS","M","M","?","M","M","E","R","E","T","E","?","M","?","$","R","BOSS","M","?","M","?","M","E","M","E","T","E","R","E","?","E","R","BOSS","R","$","E","BOSS"],"items_purchased_type":["Relic","Relic","Relic","Relic","Relic","Relic","Relic","Relic","Relic","Relic","Undefined"],"build_version":"2020-11-30","purchased_purges":8,"victory":true,"max_hp_per_floor":[65,70,78,68,68,68,68,84,84,84,84,84,84,84,84,84,84,84,84,84,84,84,84,84,84,84,84,84,84,84,84,84,84,84,84,84,84,84,84,91,91,91,91,91,91,91,91,91,91,91,91,91,91,91,91,91],"card_choices":[{"not_picked":["Faith","FeatherShield","HiddenBlade","BizarreAttack","Parry","WillOfThePrescript","Quickness","Deflect_lor","FierceCharge"],"picked":"SKIP","floor":1.0},{"not_picked":["PreemptiveStrike","StrongStrike","MultiHit","StructuralAnalysis","UnavoidableGaze","SturdyDefense","AutonomousRush","ShockRound"],"picked":"Observe","floor":2.0},{"not_picked":["MultiHit","HandleRequest","BayonetCombat","ShockRound","HighKick","NonstopAssault","StrongStrike","Rewind","Standoff"],"picked":"SKIP","floor":3.0},{"not_picked":["FlowOfTheSword","CutIn","HardRehearsal","SunsetBlade","DarkCloud","HiddenBlade","Thrust","HighKick","QuickAttack"],"picked":"SKIP","floor":4.0},{"not_picked":["GuidanceOfTheGears","FierceCharge","ScratchThat","Multislash","FleetEdge","Diversion","HiddenBlade","NightInTheBackstreets","Wallop_lor"],"picked":"SKIP","floor":6.0},{"not_picked":["SilentMist","FaintMemories","SharpNails","Multislash","FleetEdge","ForcefulGesture","Parry","Ripple","ExtremeEdge"],"picked":"SKIP","floor":8.0},{"not_picked":["CombatPreparation","StrongStrike","FeatherShield","EnergyShield","BladeWhirl","Multislash","SweepTheBackstreets","SparkingSpear","Wallop_lor"],"picked":"SKIP","floor":11.0},{"not_picked":["ToWhereThePrescriptPoints","FleetEdge","FlashOfSunup","BiteOff","Wallop_lor","StructuralAnalysis","Standoff","ClassAndRespect","YouOnlyLiveOnce"],"picked":"SKIP","floor":12.0},{"not_picked":["FlyingSword","FierceCharge","BlazingStrike","SearingSword","CookingPrep","ToWhereThePrescriptPoints","Thrust","FrontalAssault","StayCalm"],"picked":"SKIP","floor":13.0},{"not_picked":["FleetEdge","Multislash","SweepTheBackstreets","Unlock1","Outburst","Wallop_lor","TendonChords","WillOfThePrescript","AsThePrescriptOrders"],"picked":"SKIP","floor":14.0},{"not_picked":["SenseQuarry","Transpierce"],"picked":"Decapitation","floor":16.0},{"not_picked":["HeavyPeaks","Rewind","DriedUp","RipSpace","FleetFootsteps","NightInTheBackstreets+1","CutIn","PreemptiveStrike","SturdyDefense"],"picked":"SKIP","floor":18.0},{"not_picked":["GuardingStance+1","HighSpeedStabbing","DarkCloud+1","Parry","QuickAttack","UnavoidableGaze+1","Marionette","TieShanKao","BackAttack"],"picked":"SKIP","floor":19.0},{"not_picked":["Leap_lor","UnavoidableGaze","Track","Quickness","UpbeatPerformance+1","HighKick","SearingSword","FierceCharge","EnergyCycle"],"picked":"SKIP","floor":21.0},{"not_picked":["Quickness","WrathOfTorment","StructuralAnalysis","FleetEdge","Suppress","Standoff","ProselytesBlade","DimensionalRift+1"],"picked":"Reload","floor":22.0},{"not_picked":["Tailoring","WillOfThePrescript","DarkCloud+1","GuidanceOfTheGears","Thirst","NightInTheBackstreets","QuickAttack+1","SunsetBlade+1","Commandeering"],"picked":"SKIP","floor":23.0},{"not_picked":["Quickness","Suppress","Eradication","YoureTooSlow","SuppressingShot","DefenseOrder","Retaliate+1","TieShanKao"],"picked":"InhaleSmoke","floor":25.0},{"not_picked":["QuickAttack","DestructiveImpact","ElectricShock+1","Leap_lor","UpbeatPerformance","Diversion","HighSpeedStabbing","Thrust","SuppressingShot"],"picked":"SKIP","floor":27.0},{"not_picked":["SharpSwipe","Diversion","DefenseOrder","Ripple+1","Rewind","QuickAttack","Multislash","LossOfSenses","BayonetCombat"],"picked":"SKIP","floor":29.0},{"not_picked":["GaleKick","Quickness","StructuralAnalysis","HandleRequest","NightInTheBackstreets","TheArtOfRapidSteps","AlloutWar+1","Leap_lor"],"picked":"ForTheFamily+1","floor":30.0},{"not_picked":["BladeWhirl","HandleRequest+1","Thirst","Thrust","DesperateStruggle","MindPrepared","SpearedSweep","AutomatedMovement+1","Rewind+1"],"picked":"SKIP","floor":35},{"not_picked":["TheArtOfRapidSteps+1","ExtremeEdge","Collision","CookingPrep","PuppetBlockade","LawAndOrder+1","Decapitation","MultiHit","DirtyBlow"],"picked":"SKIP","floor":37},{"not_picked":["Quickness","SparkingSpear","ButterflySlash","Standoff+1","GuardingStance","AlloutWar","DarkCloud+1","UnavoidableGaze+1"],"picked":"SmokingPipe+1","floor":39},{"not_picked":["DeepDrag","ClassAndRespect","WaitUp+1","DaringDecision","Slice_lor+1","Tailoring","HiddenBlade","Fence"],"picked":"SmokingPipe+1","floor":40},{"not_picked":["HandleRequest","DarkCloud+1","SunsetBlade+1","PreemptiveStrike","SuppressingShot","UnavoidableGaze","Tttonst","Brawl","DevastatingThrash"],"picked":"SKIP","floor":41},{"not_picked":["Faith+1","UndertakePrescript","Feast","Parry","Slice_lor","SuppressingShot","Standoff+1","CombatPreparation"],"picked":"Unlock1","floor":42},{"not_picked":["AsThePrescriptOrders","TheRedNotes","QuickAttack","DesperateStruggle","SummaryJudgment","ClassAndRespect","BoundaryOfDeath","Diversion","FrontalAssault+1"],"picked":"SKIP","floor":44},{"not_picked":["ToWhereThePrescriptPoints","Overpower","Faith","HiddenBlade+1","FrontalAssault","Standoff+1","YourShield","FendThisOffIfYouCan","GuidanceOfTheGears+1"],"picked":"SKIP","floor":46},{"not_picked":["Mind Blast","Magnetism+1","Transmutation","Blind","Violence","Secret Weapon","Forethought","Enlightenment"],"picked":"Sadistic Nature+1","floor":47},{"not_picked":["DarkCloud+1","StartinOutLightly","ShockRound","TraceOfFumes","Suppress","MultiHit+1","TendonChords+1","Standoff+1"],"picked":"Reload","floor":48},{"not_picked":["GuardingStance","NightInTheBackstreets+1","FleetFootsteps","FaintMemories","DesperateStruggle","EndlessBattle","LoosenUp","Collision","Unlock1"],"picked":"SKIP","floor":55}],"player_experience":341341,"relics_obtained":[{"floor":6.0,"key":"Whetstone"},{"floor":8.0,"key":"CeramicFish"},{"floor":14.0,"key":"Frozen Egg 2"},{"floor":23.0,"key":"PageOfTheQueenOfHatred"},{"floor":25.0,"key":"PageOfTheKnightOfDespair"},{"floor":26.0,"key":"PageOfGreed"},{"floor":27.0,"key":"PageOfNihil"},{"floor":36,"key":"PageOfTheKnightOfDespair"},{"floor":40,"key":"Strawberry"},{"floor":42,"key":"Centennial Puzzle"},{"floor":43,"key":"PageOfLittleHelper"},{"floor":44,"key":"Pen Nib"},{"floor":46,"key":"Incense Burner"},{"floor":48,"key":"Sundial"},{"floor":55,"key":"PageOfSingingMachine"}],"event_choices":[{"damage_healed":0.0,"max_hp_gain":0.0,"max_hp_loss":0.0,"gold_gain":0.0,"event_name":"WeMeetAgain","player_choice":"Gave Potion","floor":5.0,"gold_loss":0.0,"damage_taken":0.0,"relics_obtained":["Lantern"]},{"damage_healed":0.0,"max_hp_gain":0.0,"max_hp_loss":0.0,"gold_gain":0.0,"event_name":"Addict","player_choice":"Obtained Relic","floor":20.0,"gold_loss":85.0,"damage_taken":0.0,"relics_obtained":["PageOfWrath"]},{"damage_healed":0.0,"max_hp_gain":0.0,"max_hp_loss":0.0,"gold_gain":0.0,"event_name":"Accursed Blacksmith","player_choice":"Forge","floor":28.0,"gold_loss":0.0,"damage_taken":0.0,"cards_upgraded":["InhaleSmoke"]},{"damage_healed":0,"gold_gain":0,"player_choice":"Fight","damage_taken":0,"max_hp_gain":0,"max_hp_loss":0,"event_name":"Mysterious Sphere","floor":36,"gold_loss":0},{"damage_healed":0,"gold_gain":0,"player_choice":"Ignored","damage_taken":0,"max_hp_gain":0,"max_hp_loss":0,"event_name":"Tomb of Lord Red Mask","floor":38,"gold_loss":0},{"damage_healed":0,"gold_gain":0,"player_choice":"Memory 1","damage_taken":0,"max_hp_gain":0,"max_hp_loss":0,"event_name":"SensoryStone","floor":47,"gold_loss":0}],"is_beta":false,"boss_relics":[{"not_picked":["Pandora\u0027s Box","SacredBark"],"picked":"Coffee Dripper"},{"not_picked":["Astrolabe","Tiny House"],"picked":"Empty Cage"}],"items_purged_floors":[0,0,0,0,0,7,31,54],"is_endless":false,"potions_floor_spawned":[1,3,8,11,12,18,22,23,29,33,36,37,40,44],"ascension_level":15}}