{"host":"9nd616dgym2ayubq","time":1607704023,"event":{"mods":["AchievementEnabler","BaseMod","Googly Eyes","Minty Spire (QoL Compilation)","Quick Restart","Random Character Button","Shop Mod","StSLib","The Cursed","The IronCluck","The Servant 0.9.4"],"gold_per_floor":[366,21,36,36,54,86,86,114,114,146,146,165,165,235,235,364,364,357,378,399,415,150,188,188,208,208,208,119,138,156,175,175,306,306,324,190,253,267,290,324,132,173,198,198,258,272,297,331,331,331,331,331,1,45,45,45],"floor_reached":55,"playtime":10637,"items_purged":["Strike_G","Defend_G","Defend_G","Defend_G","Defend_G","Strike_G"],"score":1356,"play_id":"6cb029bb-5c87-43c6-90e1-8a4b60cd6566","local_time":"20201211082703","is_ascension_mode":true,"campfire_choices":[{"floor":11.0,"key":"REST"},{"data":"Accuracy","floor":15.0,"key":"SMITH"},{"data":"Apotheosis","floor":24.0,"key":"SMITH"},{"floor":32.0,"key":"REST"},{"floor":49.0,"key":"RECALL"},{"floor":52.0,"key":"REST"}],"circlet_count":0,"master_deck":["Strike_G","Strike_G","Strike_G","Defend_G","Survivor","Neutralize","Flying Knee","Accuracy+1","Cloak And Dagger","Escape Plan","Infinite Blades","Cloak And Dagger","Apotheosis+1","Adrenaline","Cloak And Dagger","Blade Dance","Phantasmal Killer","Cloak And Dagger","Accuracy","Terror","Accuracy","Phantasmal Killer","Blade Dance","Envenom","Accuracy+1"],"relics":["Ring of the Snake","Membership Card","Kunai","Bronze Scales","Bottled Flame","Vajra","Unceasing Top","Golden Idol","Pear","Black Star","Lee\u0027s Waffle","HornCleat","Du-Vu Doll","Philosopher\u0027s Stone","Ginger","Anchor","Tough Bandages","Thread and Needle","Omamori","Bag of Marbles","Letter Opener","The Specimen","Question Card","Smiling Mask","DollysMirror","Paper Crane","Mercury Hourglass","Bottled Lightning"],"acts_visited":["Exordium","TheCity","TheBeyond","TheEnding"],"potions_floor_usage":[55],"damage_taken":[{"damage":1.0,"enemies":"2 Louse","floor":1.0,"turns":3.0},{"damage":2.0,"enemies":"Jaw Worm","floor":3.0,"turns":4.0},{"damage":3.0,"enemies":"Small Slimes","floor":5.0,"turns":4.0},{"damage":24.0,"enemies":"Lagavulin","floor":6.0,"turns":12.0},{"damage":29.0,"enemies":"Gremlin Nob","floor":8.0,"turns":5.0},{"damage":16.0,"enemies":"Lagavulin","floor":10.0,"turns":7.0},{"damage":0.0,"enemies":"Looter","floor":12.0,"turns":3.0},{"damage":1.0,"enemies":"Hexaghost","floor":16.0,"turns":9.0},{"damage":2.0,"enemies":"2 Thieves","floor":18.0,"turns":4.0},{"damage":10.0,"enemies":"Chosen","floor":19.0,"turns":6.0},{"damage":23.0,"enemies":"Snake Plant","floor":20.0,"turns":5.0},{"damage":16.0,"enemies":"Snecko","floor":21.0,"turns":6.0},{"damage":1.0,"enemies":"Gremlin Leader","floor":23.0,"turns":6.0},{"damage":5.0,"enemies":"Shelled Parasite and Fungi","floor":25.0,"turns":6.0},{"damage":12.0,"enemies":"Snake Plant","floor":29.0,"turns":4.0},{"damage":17.0,"enemies":"Centurion and Healer","floor":30.0,"turns":4.0},{"damage":0.0,"enemies":"Sentry and Sphere","floor":31.0,"turns":3.0},{"damage":20.0,"enemies":"Automaton","floor":33.0,"turns":7.0},{"damage":0.0,"enemies":"3 Darklings","floor":35.0,"turns":4.0},{"damage":0.0,"enemies":"Mind Bloom Boss Battle","floor":37.0,"turns":4.0},{"damage":0.0,"enemies":"3 Shapes","floor":38.0,"turns":4.0},{"damage":11.0,"enemies":"Writhing Mass","floor":39.0,"turns":4.0},{"damage":0.0,"enemies":"Giant Head","floor":40.0,"turns":4.0},{"damage":0.0,"enemies":"Reptomancer","floor":42.0,"turns":3.0},{"damage":0.0,"enemies":"2 Orb Walkers","floor":45.0,"turns":3.0},{"damage":0.0,"enemies":"3 Darklings","floor":46.0,"turns":3.0},{"damage":0.0,"enemies":"4 Shapes","floor":47.0,"turns":3.0},{"damage":0.0,"enemies":"Giant Head","floor":48.0,"turns":3.0},{"damage":44.0,"enemies":"Time Eater","floor":50.0,"turns":5.0},{"damage":8.0,"enemies":"Shield and Spear","floor":54.0,"turns":4.0},{"damage":70,"enemies":"The Heart","floor":55,"turns":3}],"seed_played":"-1372459193960605208","potions_obtained":[{"floor":5.0,"key":"SneckoOil"},{"floor":6.0,"key":"SpeedPotion"},{"floor":12.0,"key":"ColorlessPotion"},{"floor":18.0,"key":"Explosive Potion"},{"floor":20.0,"key":"EssenceOfSteel"},{"floor":21.0,"key":"ColorlessPotion"},{"floor":30.0,"key":"Swift Potion"},{"floor":33.0,"key":"BlessingOfTheForge"},{"floor":37.0,"key":"Dexterity Potion"},{"floor":39.0,"key":"Strength Potion"},{"floor":42.0,"key":"Energy Potion"}],"is_trial":false,"path_per_floor":["M","$","M","?","M","E","?","E","T","E","R","M","?","T","R","B",null,"M","M","M","M","$","E","R","M","T","?","$","M","M","M","R","B",null,"M","$","?","M","M","E","$","E","T","T","?","M","M","E","R","B",null,"R","$","E","B"],"character_chosen":"THE_SILENT","items_purchased":["Membership Card","Kunai","Accuracy","Lee\u0027s Waffle","Apotheosis","CultistPotion","Cloak And Dagger","Accuracy","PowerPotion","Accuracy","Phantasmal Killer","DollysMirror","GhostInAJar","Block Potion","Paper Crane"],"campfire_rested":3,"item_purchase_floors":[2,2,2,22,22,22,28,36,36,41,41,53,53,53,53],"current_hp_per_floor":[62,62,60,60,57,33,54,25,25,9,27,27,27,37,37,36,60,58,48,25,9,75,74,74,69,69,66,66,54,37,37,59,39,66,66,66,66,66,55,55,55,55,55,55,55,55,55,55,55,11,59,75,75,67,0,0],"gold":45,"neow_bonus":"TWO_FIFTY_GOLD","is_daily":false,"chose_seed":false,"campfire_upgraded":2,"win_rate":0.0,"timestamp":1607704023,"path_taken":["M","$","M","?","M","E","?","E","T","E","R","M","?","?","R","BOSS","M","M","M","M","$","E","R","M","T","?","$","M","?","M","R","BOSS","M","$","?","M","M","E","$","E","T","?","?","M","M","E","R","BOSS","R","$","E","BOSS"],"items_purchased_type":["Relic","Relic","Card","Relic","Card","Potion","Card","Card","Potion","Card","Card","Relic","Potion","Potion","Relic"],"build_version":"2020-11-30","purchased_purges":6,"victory":false,"max_hp_per_floor":[63,63,63,63,63,63,63,63,63,63,63,63,58,68,68,68,68,68,68,68,68,75,75,75,75,75,75,75,75,75,75,75,75,75,75,75,75,75,75,75,75,75,75,75,75,75,75,75,75,75,75,75,75,75,75,75],"card_choices":[{"not_picked":["Dodge and Roll","Skewer"],"picked":"Flying Knee","floor":1.0},{"not_picked":["Flying Knee","Finisher"],"picked":"Cloak And Dagger","floor":3.0},{"not_picked":["Deflect","Dagger Throw"],"picked":"Escape Plan","floor":5.0},{"not_picked":["Distraction","Noxious Fumes","Underhanded Strike"],"picked":"SKIP","floor":6.0},{"not_picked":["Deadly Poison","Predator","Bane"],"picked":"SKIP","floor":8.0},{"not_picked":["Bouncing Flask","PiercingWail","Setup"],"picked":"SKIP","floor":10.0},{"not_picked":["Riddle With Holes","Dodge and Roll"],"picked":"Infinite Blades","floor":12.0},{"not_picked":["Eviscerate","Deflect","PiercingWail"],"picked":"SKIP","floor":18.0},{"not_picked":["Well Laid Plans","Leg Sweep"],"picked":"Cloak And Dagger","floor":19.0},{"not_picked":["Heel Hook","Acrobatics+1","Sucker Punch"],"picked":"SKIP","floor":20.0},{"not_picked":["Underhanded Strike+1","Dagger Throw+1","Backflip"],"picked":"SKIP","floor":21.0},{"not_picked":["Endless Agony","Phantasmal Killer"],"picked":"Adrenaline","floor":23.0},{"not_picked":["Slice","Backflip+1","Riddle With Holes"],"picked":"SKIP","floor":25.0},{"not_picked":["Poisoned Stab","All Out Attack","Deadly Poison"],"picked":"SKIP","floor":29.0},{"not_picked":["Expertise","Quick Slash"],"picked":"Blade Dance","floor":30.0},{"not_picked":["Crippling Poison","Deadly Poison+1","Distraction"],"picked":"SKIP","floor":31.0},{"not_picked":["Night Terror","Corpse Explosion"],"picked":"Phantasmal Killer","floor":33.0},{"not_picked":["Dodge and Roll+1","Skewer+1"],"picked":"Cloak And Dagger","floor":35.0},{"not_picked":["Endless Agony","Bane","Dagger Spray"],"picked":"SKIP","floor":38.0},{"not_picked":["Bane+1","Slice"],"picked":"Terror","floor":39.0},{"not_picked":["Outmaneuver","Deflect+1","Choke"],"picked":"SKIP","floor":40.0},{"not_picked":["Backflip+1","Dodge and Roll+1","Storm of Steel"],"picked":"SKIP","floor":42.0},{"not_picked":["Backflip+1","Outmaneuver"],"picked":"Blade Dance","floor":45.0},{"not_picked":["Calculated Gamble+1","Concentrate","PiercingWail+1"],"picked":"SKIP","floor":46.0},{"not_picked":["Outmaneuver+1","Slice","PiercingWail"],"picked":"SKIP","floor":47.0},{"not_picked":["PiercingWail+1","Footwork"],"picked":"Envenom","floor":48.0},{"not_picked":["Dagger Throw","Backflip+1","Flechettes","Tools of the Trade"],"picked":"SKIP","floor":54.0}],"player_experience":1349916,"relics_obtained":[{"floor":6.0,"key":"Bronze Scales"},{"floor":8.0,"key":"Bottled Flame"},{"floor":9.0,"key":"Vajra"},{"floor":10.0,"key":"Unceasing Top"},{"floor":14.0,"key":"Pear"},{"floor":23.0,"key":"HornCleat"},{"floor":23.0,"key":"Du-Vu Doll"},{"floor":37.0,"key":"Ginger"},{"floor":40.0,"key":"Anchor"},{"floor":40.0,"key":"Tough Bandages"},{"floor":42.0,"key":"Thread and Needle"},{"floor":42.0,"key":"Omamori"},{"floor":43.0,"key":"Bag of Marbles"},{"floor":44.0,"key":"Letter Opener"},{"floor":45.0,"key":"The Specimen"},{"floor":48.0,"key":"Question Card"},{"floor":48.0,"key":"Smiling Mask"},{"floor":54.0,"key":"Mercury Hourglass"},{"floor":54.0,"key":"Bottled Lightning"}],"event_choices":[{"damage_healed":0.0,"max_hp_gain":0.0,"max_hp_loss":0.0,"gold_gain":0.0,"event_name":"The Cleric","player_choice":"Leave","floor":4.0,"gold_loss":0.0,"damage_taken":0.0},{"damage_healed":21.0,"max_hp_gain":0.0,"max_hp_loss":0.0,"gold_gain":0.0,"event_name":"Big Fish","player_choice":"Banana","floor":7.0,"gold_loss":0.0,"damage_taken":0.0},{"damage_healed":0.0,"max_hp_gain":0.0,"max_hp_loss":5.0,"gold_gain":0.0,"event_name":"Golden Idol","player_choice":"Lose Max HP","floor":13.0,"gold_loss":0.0,"damage_taken":0.0,"relics_obtained":["Golden Idol"]},{"damage_healed":0.0,"max_hp_gain":0.0,"max_hp_loss":0.0,"gold_gain":0.0,"event_name":"Designer","player_choice":"Punched","floor":27.0,"gold_loss":0.0,"damage_taken":3.0},{"damage_healed":0.0,"max_hp_gain":0.0,"max_hp_loss":0.0,"gold_gain":0.0,"event_name":"MindBloom","player_choice":"Fight","floor":37.0,"gold_loss":0.0,"damage_taken":0.0},{"damage_healed":0.0,"max_hp_gain":0.0,"max_hp_loss":0.0,"gold_gain":0.0,"event_name":"Mysterious Sphere","player_choice":"Fight","floor":45.0,"gold_loss":0.0,"damage_taken":0.0}],"is_beta":false,"boss_relics":[{"not_picked":["Sozu","Runic Dome"],"picked":"Black Star"},{"not_picked":["SacredBark","Runic Pyramid"],"picked":"Philosopher\u0027s Stone"}],"items_purged_floors":[2,22,28,36,41,53],"is_endless":false,"potions_floor_spawned":[5,6,12,18,20,21,30,33,37,39,42,46,48],"killed_by":"The Heart","ascension_level":9}}