{"host":"by8i6f8xc0ywpsd5","time":1607729322,"event":{"mods":["BaseMod","Colored Map","Minty Spire (QoL Compilation)","Relic Stats"],"gold_per_floor":[117,117,117,135,149,149,49,67,93,120,130,130,163,183,183,258,258,275,287,302,313,52,52,52],"floor_reached":23,"playtime":1017,"items_purged":["Strike_R"],"score":400,"play_id":"a96683b0-77d4-4712-bb41-c9977667ea66","local_time":"20201212012842","is_ascension_mode":true,"campfire_choices":[{"floor":6.0,"key":"DIG"},{"data":"Armaments","floor":12.0,"key":"SMITH"},{"floor":15.0,"key":"DIG"}],"circlet_count":0,"master_deck":["AscendersBane","Strike_R","Strike_R","Strike_R","Defend_R+1","Defend_R","Defend_R","Defend_R+1","Bash","Twin Strike","Headbutt","Inflame","Armaments+1","Cleave","Inflame","Double Tap","Twin Strike+1","Flame Barrier","Shrug It Off"],"relics":["Burning Blood","Shovel","War Paint","Akabeko","Magic Flower","Pear","Coffee Dripper"],"acts_visited":["Exordium","TheCity"],"potions_floor_usage":[],"damage_taken":[{"damage":4.0,"enemies":"Small Slimes","floor":1.0,"turns":5.0},{"damage":2.0,"enemies":"Cultist","floor":4.0,"turns":4.0},{"damage":4.0,"enemies":"Jaw Worm","floor":5.0,"turns":4.0},{"damage":13.0,"enemies":"Large Slime","floor":8.0,"turns":6.0},{"damage":14.0,"enemies":"Lagavulin","floor":10.0,"turns":6.0},{"damage":5.0,"enemies":"Red Slaver","floor":11.0,"turns":4.0},{"damage":7.0,"enemies":"3 Sentries","floor":13.0,"turns":4.0},{"damage":0.0,"enemies":"Exordium Thugs","floor":14.0,"turns":2.0},{"damage":54.0,"enemies":"Slime Boss","floor":16.0,"turns":11.0},{"damage":6.0,"enemies":"2 Thieves","floor":18.0,"turns":3.0},{"damage":11.0,"enemies":"Shell Parasite","floor":19.0,"turns":4.0},{"damage":52.0,"enemies":"Shelled Parasite and Fungi","floor":20.0,"turns":5.0},{"damage":23,"enemies":"Cultist and Chosen","floor":21,"turns":5},{"damage":20,"enemies":"Book of Stabbing","floor":23,"turns":3}],"seed_played":"5077756052924106313","potions_obtained":[{"floor":1.0,"key":"SneckoOil"},{"floor":4.0,"key":"SpeedPotion"},{"floor":13.0,"key":"SneckoOil"},{"floor":18.0,"key":"FearPotion"}],"is_trial":false,"path_per_floor":["M","?","?","M","M","R","$","M","T","E","M","R","E","M","R","B",null,"M","M","M","M","$","E"],"character_chosen":"IRONCLAD","items_purchased":["Inflame","Armaments","Shrug It Off","Fire Potion","DuplicationPotion"],"campfire_rested":0,"item_purchase_floors":[7,7,22,22,22],"current_hp_per_floor":[52,45,75,75,75,75,75,68,68,60,61,61,60,69,79,34,72,75,73,30,16,16,0,0],"gold":52,"neow_bonus":"ONE_RARE_RELIC","is_daily":false,"chose_seed":false,"campfire_upgraded":1,"win_rate":0.0,"timestamp":1607729322,"path_taken":["M","?","?","M","M","R","$","?","T","E","M","R","E","M","R","BOSS","M","?","?","M","$","E"],"items_purchased_type":["Card","Card","Card","Potion","Potion"],"build_version":"2020-11-30","purchased_purges":1,"victory":false,"max_hp_per_floor":[75,75,75,75,75,75,75,75,75,75,75,75,75,75,85,85,85,85,85,85,85,85,85,85],"relic_stats":{"Shovel":2,"counters":[14,66],"Magic Flower":[18],"War Paint":["Defend_R","Defend_R"],"obtain_stats":[{"Shovel":0,"Pear":15,"Magic Flower":13,"Coffee Dripper":17,"War Paint":6,"Burning Blood":0,"Akabeko":10},{"Shovel":0,"Pear":8,"Magic Flower":7,"Coffee Dripper":9,"War Paint":3,"Burning Blood":0,"Akabeko":5},{"Shovel":0,"Pear":35,"Magic Flower":33,"Coffee Dripper":46,"War Paint":13,"Burning Blood":0,"Akabeko":25}],"Burning Blood":90},"card_choices":[{"not_picked":["Heavy Blade","Shrug It Off"],"picked":"Twin Strike","floor":1.0},{"not_picked":["Havoc","Rage"],"picked":"Headbutt","floor":4.0},{"not_picked":["Infernal Blade","Sword Boomerang","Searing Blow"],"picked":"SKIP","floor":5.0},{"not_picked":["True Grit","Reckless Charge","Headbutt"],"picked":"SKIP","floor":8.0},{"not_picked":["Dropkick","Flex"],"picked":"Cleave","floor":10.0},{"not_picked":["Thunderclap","Bloodletting","True Grit"],"picked":"SKIP","floor":11.0},{"not_picked":["Rage","Clothesline"],"picked":"Inflame","floor":13.0},{"not_picked":["Metallicize","Warcry","Pommel Strike"],"picked":"SKIP","floor":14.0},{"not_picked":["Impervious","Brutality"],"picked":"Double Tap","floor":16.0},{"not_picked":["True Grit","Flex"],"picked":"Twin Strike+1","floor":18.0},{"not_picked":["Clothesline","Cleave+1","Sword Boomerang"],"picked":"SKIP","floor":19.0},{"not_picked":["Rampage","Flex"],"picked":"Flame Barrier","floor":20.0},{"not_picked":["Double Tap","Body Slam","Warcry"],"picked":"SKIP","floor":21}],"player_experience":1642515,"relics_obtained":[{"floor":6.0,"key":"War Paint"},{"floor":10.0,"key":"Akabeko"},{"floor":13.0,"key":"Magic Flower"},{"floor":15.0,"key":"Pear"}],"event_choices":[{"cards_removed":["Strike_R"],"damage_healed":0.0,"max_hp_gain":0.0,"max_hp_loss":0.0,"gold_gain":0.0,"event_name":"Golden Wing","player_choice":"Card Removal","floor":2.0,"gold_loss":0.0,"damage_taken":7.0},{"damage_healed":30.0,"max_hp_gain":0.0,"max_hp_loss":0.0,"gold_gain":0.0,"event_name":"Wheel of Change","player_choice":"Full Heal","floor":3.0,"gold_loss":0.0,"damage_taken":0.0}],"is_beta":false,"boss_relics":[{"not_picked":["SacredBark","Velvet Choker"],"picked":"Coffee Dripper"}],"items_purged_floors":[22],"is_endless":false,"potions_floor_spawned":[1,4,8,13,18],"killed_by":"Book of Stabbing","ascension_level":19}}