{"host":"cuc3wnex0wexwxxi","time":1607647067,"event":{"mods":["BaseMod","BetterRewards","Colored Powertips","Minty Spire (QoL Compilation)","Relic Stats","StSLib"],"gold_per_floor":[31,42,42,55,71,97,111,36,109,68,81,100,100,115,115,115,115],"floor_reached":16,"playtime":1675,"items_purged":["Regret"],"score":234,"play_id":"6935a93d-4ae4-4880-bbcd-14cb0992b1a2","local_time":"20201210193747","is_ascension_mode":true,"campfire_choices":[{"floor":15,"key":"REST"}],"circlet_count":0,"master_deck":["AscendersBane","Strike_R","Strike_R","Strike_R","Strike_R","Strike_R","Defend_R","Defend_R","Defend_R","Defend_R","Bash","Dark Embrace","True Grit","Fire Breathing","Power Through","Power Through","Finesse","Anger","Burning Pact","Sentinel","Wild Strike","Sever Soul","Reckless Charge","Feed","Wild Strike","Carnage"],"relics":["Burning Blood","Dream Catcher","Lee\u0027s Waffle","DollysMirror","Eternal Feather","StoneCalendar","Bottled Lightning"],"acts_visited":[],"potions_floor_usage":[7,14],"damage_taken":[{"damage":13,"enemies":"2 Louse","floor":1,"turns":3},{"damage":17,"enemies":"Jaw Worm","floor":2,"turns":5},{"damage":3,"enemies":"Small Slimes","floor":4,"turns":4},{"damage":23,"enemies":"Blue Slaver","floor":5,"turns":5},{"damage":32,"enemies":"3 Sentries","floor":6,"turns":6},{"damage":27,"enemies":"Exordium Thugs","floor":7,"turns":6},{"damage":3,"enemies":"2 Fungi Beasts","floor":11,"turns":4},{"damage":0,"enemies":"Blue Slaver","floor":12,"turns":2},{"damage":0,"enemies":"3 Louse","floor":14,"turns":3},{"damage":70,"enemies":"The Guardian","floor":16,"turns":9}],"seed_played":"-6773898119141024104","potions_obtained":[{"floor":4,"key":"Ancient Potion"},{"floor":6,"key":"SpeedPotion"},{"floor":11,"key":"PowerPotion"}],"is_trial":false,"path_per_floor":["M","M","?","M","M","E","M","$","T","?","M","M","?","M","R","B"],"character_chosen":"IRONCLAD","items_purchased":["Dream Catcher","Dark Embrace","True Grit","Lee\u0027s Waffle","Fire Breathing","Power Through","DollysMirror"],"campfire_rested":1,"item_purchase_floors":[0,0,0,0,0,0,0],"current_hp_per_floor":[80,69,69,72,55,29,8,8,8,8,11,17,17,26,68,0,0],"gold":115,"neow_bonus":"","is_daily":false,"chose_seed":false,"campfire_upgraded":0,"win_rate":0.0,"timestamp":1607647067,"path_taken":["M","M","?","M","M","E","M","$","T","?","?","M","?","M","R","BOSS"],"items_purchased_type":["Relic","Card","Card","Relic","Card","Card","Relic"],"build_version":"2020-11-30","purchased_purges":1,"victory":false,"max_hp_per_floor":[87,87,87,87,87,87,87,87,87,87,87,87,87,90,90,90,90],"relic_stats":{"Dream Catcher":1,"Lee\u0027s Waffle":54,"counters":[36,165],"Eternal Feather":15,"StoneCalendar":[32],"obtain_stats":[{"Lee\u0027s Waffle":0,"NeowsBlessing":0,"Gremlin Horn":6,"Singing Bowl":23,"Golden Idol":3,"Eternal Feather":3,"StoneCalendar":6,"Cursed Key":34,"MawBank":36,"Burning Blood":0,"Mercury Hourglass":21,"CaptainsWheel":8,"Nunchaku":25,"Dream Catcher":0,"Shuriken":9,"DollysMirror":0,"Art of War":26,"Membership Card":38,"Bottled Lightning":43,"Toxic Egg 2":46,"Red Skull":46,"Pocketwatch":0},{"Lee\u0027s Waffle":26,"NeowsBlessing":1,"Gremlin Horn":4,"Singing Bowl":13,"Golden Idol":2,"Eternal Feather":28,"StoneCalendar":31,"Cursed Key":18,"MawBank":19,"Burning Blood":0,"Mercury Hourglass":12,"CaptainsWheel":5,"Nunchaku":14,"Dream Catcher":26,"Shuriken":5,"DollysMirror":26,"Art of War":14,"Membership Card":20,"Bottled Lightning":22,"Toxic Egg 2":23,"Red Skull":23,"Pocketwatch":0},{"Lee\u0027s Waffle":118,"NeowsBlessing":3,"Gremlin Horn":6,"Singing Bowl":47,"Golden Idol":4,"Eternal Feather":126,"StoneCalendar":141,"Cursed Key":79,"MawBank":84,"Burning Blood":0,"Mercury Hourglass":43,"CaptainsWheel":13,"Nunchaku":52,"Dream Catcher":118,"Shuriken":13,"DollysMirror":118,"Art of War":52,"Membership Card":87,"Bottled Lightning":94,"Toxic Egg 2":98,"Red Skull":98,"Pocketwatch":0}],"Burning Blood":210},"card_choices":[{"not_picked":["Combust","Pommel Strike"],"picked":"Burning Pact","floor":1},{"not_picked":["Clothesline","Entrench"],"picked":"Sentinel","floor":2},{"not_picked":["Havoc","Clothesline","Whirlwind"],"picked":"SKIP","floor":4},{"not_picked":["Pummel","Shockwave"],"picked":"Wild Strike","floor":5},{"not_picked":["Whirlwind","Havoc"],"picked":"Sever Soul","floor":6},{"not_picked":["Cleave","Perfected Strike"],"picked":"Reckless Charge","floor":7},{"not_picked":["Flex","Hemokinesis"],"picked":"Feed","floor":11},{"not_picked":["Bloodletting","Perfected Strike"],"picked":"Wild Strike","floor":12},{"not_picked":["Twin Strike","Dropkick","Body Slam"],"picked":"SKIP","floor":14},{"not_picked":["Body Slam","Pummel"],"picked":"Carnage","floor":15}],"player_experience":571466,"relics_obtained":[{"floor":6,"key":"StoneCalendar"},{"floor":9,"key":"Bottled Lightning"}],"event_choices":[{"damage_healed":0,"gold_gain":0,"player_choice":"Box","damage_taken":0,"relics_obtained":["Eternal Feather"],"max_hp_gain":0,"max_hp_loss":0,"event_name":"Big Fish","floor":3,"gold_loss":0,"cards_obtained":["Regret"]},{"damage_healed":0,"gold_gain":0,"player_choice":"Left Gold","damage_taken":0,"max_hp_gain":0,"max_hp_loss":0,"event_name":"World of Goop","floor":10,"gold_loss":41},{"damage_healed":0,"gold_gain":0,"player_choice":"Ignored","damage_taken":0,"max_hp_gain":0,"max_hp_loss":0,"event_name":"Shining Light","floor":13,"gold_loss":0}],"is_beta":false,"boss_relics":[],"items_purged_floors":[8],"is_endless":false,"potions_floor_spawned":[4,6,11],"killed_by":"The Guardian","ascension_level":10}}